4154 6546
860 781 997 837 caurus
1021 780 1204 836 surrruus
1546 771 1616 841 259

446 938 503 1005 stu
522 932 685 1023 forman,
710 930 748 1000 di
770 930 832 1001 nde
855 936 891 1003 tu
915 932 965 1002 rai
987 930 1108 1019 boob,
1125 925 1230 1021 quasi
1254 925 1369 1001 dieat:
1386 925 1523 1020 aliquid
1539 948 1620 1002 ma-

446 1069 563 1146 guum
584 1047 728 1123 videtur
753 1064 835 1123 esse
858 1048 942 1125 linet
959 1048 1137 1144 ignotum,
1156 1048 1215 1120 cie
1229 1047 1278 1119 tu
1293 1048 1307 1119 i
1323 1047 1387 1118 deo
1402 1048 1460 1120 del
1475 1050 1618 1135 mondo,

446 1168 536 1245 idest
560 1167 628 1241 ista
640 1157 679 1258 (¹)
697 1167 986 1241 transmutabilia
1007 1158 1039 1239 si
1053 1173 1114 1240 tro
1130 1168 1162 1238 le
1177 1165 1340 1255 brurwlte,
1359 1164 1452 1240 idest
1468 1166 1620 1240 omnino

449 1288 487 1363 in
511 1306 577 1361 sura
601 1284 722 1360 bailia.
748 1285 793 1359 Et
815 1285 937 1359 subdit
955 1283 1228 1379 responsionem
1245 1282 1382 1378 Virgilii
1395 1273 1434 1375 (¹)
1460 1284 1523 1378 qui
1542 1292 1619 1359 tra-

447 1413 615 1481 ctaturus
637 1405 685 1480 de
710 1404 856 1479 senuna
881 1404 1001 1499 primo
1025 1404 1188 1497 increpat
1213 1401 1455 1498 ignmantiam
1477 1411 1618 1478 morta-

448 1525 537 1601 lium
555 1525 620 1620 qui
638 1525 756 1599 multa
772 1529 809 1599 et
825 1524 915 1599 talea
931 1531 968 1600 et
984 1542 1080 1598 vana
1096 1522 1268 1597 dixerunt
1280 1520 1327 1596 de
1339 1521 1506 1617 fortuna3
1520 1524 1619 1597 unde

447 1644 555 1721 dicit:
580 1665 600 1719 e
622 1647 735 1735 quello
759 1664 785 1716 a
808 1662 882 1719 me:
907 1641 1044 1718 scilieet
1068 1640 1238 1738 Virgilius
1255 1641 1461 1735 respondit:
1478 1664 1501 1716 o
1517 1664 1620 1717 oreu-

449 1773 526 1840 ture
552 1766 716 1856 monade,
745 1764 836 1840 idest
866 1782 890 1838 o
921 1762 1088 1839 homines
1117 1761 1228 1836 rudes
1258 1761 1452 1858 etigunt,
1486 1771 1619 1856 quantu

448 1886 664 1975 maaria
687 1879 709 1959 e*
729 1887 845 1976 quaem
867 1884 927 1957 cde
953 1884 1143 1974 o'offeuda,
1168 1881 1273 1975 quusi
1297 1880 1393 1956 dicat
1416 1902 1563 1978 magna,
1581 1892 1619 1958 ot

449 2002 535 2079 dicit
559 2002 596 2077 iu
624 2003 770 2099 speciali
785 1993 823 2096 (³)
853 2002 1020 2079 auotori:
1048 2019 1094 2075 or
1123 2003 1252 2074 oo'cte
1283 2009 1319 2075 tu
1346 2002 1517 2077 imbooolte
1545 2007 1619 2076 ndo
1674 2041 1676 2045 >

448 2125 637 2215 memte,
654 2123 746 2199 idest
762 2111 907 2218 quod(⁸)
924 2112 1093 2218 capiasl⁵l
1106 2140 1228 2196 meam
1245 2121 1465 2217 opinionem,
1482 2127 1518 2198 ot
1534 2143 1619 2198 sen-

450 2242 602 2321 tentiam
627 2249 818 2337 umquam
844 2262 983 2319 veram.
997 2280 1049 2296 -
1062 2244 1168 2315 colat
1194 2240 1261 2316 llio
1283 2241 1405 2337 incipit
1427 2242 1618 2319 declarare

451 2361 537 2457 qnid
561 2367 617 2437 est
641 2361 787 2437 fortuna
813 2367 850 2438 at
863 2352 902 2454 (⁶)
927 2362 1026 2455 quod
1051 2359 1131 2435 eius
1151 2359 1326 2454 officium,
1342 2366 1380 2435 et
1398 2360 1520 2457 incipit
1538 2383 1619 2436 mo

449 2481 573 2559 doum
597 2503 620 2558 a
645 2482 766 2578 longe,
781 2481 923 2557 dioens:
944 2483 1042 2555 colui
1063 2483 1092 2554 it
1112 2483 1169 2554 otei
1190 2501 1298 2574 sopor
1323 2487 1405 2554 mtto
1421 2485 1616 2572 ammodo,

452 2601 544 2679 idest
566 2602 666 2677 Deus
690 2602 798 2677 orius
820 2600 996 2697 sapientia
1013 2605 1069 2675 est
1084 2598 1233 2694 infinita,
1247 2604 1321 2693 [ece
1337 2603 1362 2674 ti
1377 2602 1466 2691 oleti,
1481 2600 1528 2676 de
1544 2621 1616 2674 nu-

451 2741 555 2796 mero
579 2726 618 2797 et
640 2720 770 2796 ordine
793 2721 976 2797 ooelorum
1000 2719 1143 2794 dicetur
1159 2719 1243 2795 alibi
1259 2739 1358 2814 sape
1377 2726 1414 2795 et
1433 2720 1618 2816 praecipue

449 2840 570 2935 primo
595 2845 633 2914 et
656 2837 818 2915 soenndo
841 2838 1000 2934 capitulo
1024 2833 1308 2932 paradisicolae*
1330 2842 1387 2912 tor
1405 2840 1460 2911 oli
1484 2843 1509 2913 li
1531 2860 1619 2913 oon-

451 2960 550 3051 duce,
574 2958 681 3054 quasi
704 2958 801 3034 dicat
822 2958 920 3035 dedit
943 2959 1095 3034 orbibus
1119 2964 1281 3034 motores
1305 2978 1393 3033 suos
1409 2959 1473 3053 qui
1492 2962 1618 3055 appel-

452 3068 627 3172 lanturdl
654 3076 898 3176 intelligentia
922 3079 1000 3153 sire
1023 3078 1156 3174 angeli,
1182 3077 1246 3171 qui
1272 3085 1420 3153 movent
1444 3077 1556 3153 ooelos
1581 3088 1619 3153 et

454 3205 587 3296 regunt
602 3204 640 3273 et
655 3198 863 3296 gubernant
875 3198 1000 3274 omnia
1012 3197 1204 3290 interiora3
1220 3196 1317 3272 unde
1333 3196 1437 3273 dicit:
1453 3190 1484 3270 st
1499 3201 1620 3289 dopna·

446 3325 554 3410 paro
575 3319 627 3393 od
649 3320 734 3410 opio
752 3325 858 3411 poro
879 3320 1034 3411 aplerode,
1060 3315 1159 3410 quod
1174 3316 1358 3391 declarat:
1383 3318 1620 3391 demendo

451 3442 662 3532 mulmento
686 3441 724 3513 lo
746 3441 832 3531 boo,
857 3437 993 3514 scilicet
1009 3437 1213 3513 secundum
1230 3437 1390 3515 debitam
1407 3438 1617 3533 aequitatem

450 3564 487 3635 et
509 3558 806 3654 proportionem3
822 3556 906 3633 ideo
920 3556 1020 3633 dedit
1036 3556 1158 3632 varios
1179 3562 1301 3631 motus
1317 3558 1354 3632 in
1374 3558 1470 3632 coelo
1486 3559 1619 3651 quibus

451 3680 516 3753 lux
533 3678 698 3755 variatur
712 3677 969 3771 diversimode,
987 3677 1340 3772 proportionabiliter
1352 3667 1390 3770 (⁸)
1415 3678 1617 3754 secuudum

450 3796 663 3892 qualitatem
680 3796 846 3873 materiae
867 3796 1094 3892 reoeptabilis
1105 3787 1456 3888 (be-Similemne.
1476 3797 1541 3871 llic
1559 3818 1619 3871 re-

450 3915 592 4013 stringit
606 3914 746 3992 dictum
762 3936 875 3989 suum
891 3914 939 3991 ad
955 3916 1158 4010 fortunam3
1175 3921 1213 3991 et
1229 3916 1390 3992 breviter
1406 3917 1485 3992 vult
1496 3916 1619 3992 dicere

450 4034 550 4128 quod
572 4034 668 4111 siem
691 4036 791 4111 Deus
815 4034 941 4110 omnia
965 4036 1126 4111 ooelostia
1153 4035 1248 4132 regit
1280 4043 1318 4112 ot
1346 4036 1528 4132 gubernat
1551 4057 1617 4132 per

450 4152 600 4250 angelos
616 4162 820 4247 moventes,
844 4155 894 4230 ita
919 4176 986 4250 per
1010 4155 1236 4231 influentiam
1254 4155 1435 4230 ooelorum
1447 4148 1502 4248 (¹⁰)
1524 4155 1618 4250 regit

512 4440 540 4500 (⁸)
555 4439 586 4489 Il.
601 4439 650 4491 lstr
664 4440 813 4491 molita.
897 4487 899 4490 .
1029 4441 1055 4499 Γ)
1071 4440 1096 4489 8„
1113 4439 1215 4504 Virgilii
1230 4439 1316 4490 dloom
1331 4439 1401 4502 quod
1418 4444 1582 4490 tractaturus.

511 4516 540 4575 (⁸)
554 4518 609 4577 tlt,
626 4514 731 4580 meolull
747 4520 831 4567 autor.
1029 4515 1055 4575 (⁸)
1072 4515 1103 4565 E.
1119 4515 1188 4578 quod
1205 4515 1314 4577 rodmar
1330 4524 1416 4564 man
1430 4517 1481 4565 eto.

510 4589 537 4652 ι’)
552 4590 1620 4657 aquodoepnettnungumnmunoeopflmunmmm.

512 4664 539 4729 υ)
556 4670 610 4728 lit,
626 4671 655 4718 et
668 4671 734 4732 quot
747 4668 803 4720 aba
816 4667 925 4721 metus
939 4672 967 4719 et
982 4667 1078 4730 incipit.

512 4741 539 4805 θ)
554 4742 581 4794 8„
598 4748 731 4795 rotantur.
1030 4743 1057 4805 (¹)
1073 4747 1119 4795 tlt
1134 4758 1150 4796 ο
1165 4743 1197 4795 11.
1213 4748 1240 4796 ot
1255 4741 1494 4808 mmmm

510 4817 601 4881 (biit
614 4832 633 4872 ο
647 4819 679 4873 ll.
696 4821 859 4885 moutam

335 4889 340 4896 ’
499 4892 538 4957 (¹⁴)
554 4894 586 4946 B.
601 4892 730 4948 mierum
745 4900 831 4949 moret
846 4901 874 4949 et
889 4901 973 4950 mutat
988 4899 1074 4950 omnir
1089 4896 1220 4951 mimiam-
1235 4896 1307 4950 ldae.
