4154 6546
585 799 630 868 12
1040 807 1293 864 rnrnooucrro.

579 957 688 1052 htrjus
712 953 852 1048 operis3
879 958 916 1027 et
941 951 1111 1026 omnibus
1131 950 1288 1025 scientiis
1307 970 1458 1044 operam
1475 950 1585 1044 dedit,
1602 956 1639 1025 et
1655 972 1750 1046 prau-

579 1076 686 1171 cipue
694 1067 730 1166 (¹)
749 1073 900 1168 poetice
924 1069 1248 1146 delectabilissimae
1273 1070 1521 1145 scientiarum.
1544 1070 1608 1144 Vel
1633 1069 1750 1143 dictus

579 1204 632 1271 est
661 1196 795 1269 Dentes
820 1192 924 1286 quasi
954 1192 1046 1264 dam
1070 1191 1163 1263 deos
1179 1180 1231 1282 (²),
1257 1189 1359 1282 idest,
1385 1189 1450 1264 Dei
1475 1196 1513 1264 et
1540 1189 1747 1263 divinorum

580 1315 760 1390 noticiam.
775 1315 867 1387 Nam
881 1333 968 1386 eum
981 1317 1090 1387 autor
1103 1310 1171 1384 iste
1189 1309 1226 1383 in
1239 1310 1399 1384 viridiori
1417 1316 1525 1384 aetate
1538 1319 1701 1385 vacasset
1711 1303 1748 1401 (³)

579 1435 812 1532 philosophiae
845 1432 1015 1524 naturali,
1040 1429 1182 1524 morali,
1208 1436 1246 1504 et
1270 1430 1410 1504 artibus
1428 1418 1467 1522 (⁴)
1492 1431 1530 1504 in
1554 1432 1747 1523 Florentia,

579 1555 742 1629 Bononia
767 1561 805 1629 et
829 1553 964 1646 padua,
991 1551 1027 1624 in
1053 1556 1198 1624 matura
1230 1555 1338 1623 aetate
1362 1550 1440 1644 jnm
1474 1551 1561 1625 erut
1586 1551 1683 1625 dedit
1708 1573 1747 1625 se

580 1695 694 1749 sacrm
720 1673 911 1768 theologiae
928 1671 1097 1762 parisius,
1114 1669 1178 1742 ubi
1197 1668 1290 1743 adeo
1315 1669 1387 1742 aite
1411 1669 1562 1743 emicuit
1577 1671 1674 1764 quod
1700 1672 1747 1743 ab

579 1796 759 1890 aliquibus
785 1793 986 1867 vocabatur
1010 1797 1129 1884 poeta,
1154 1789 1201 1863 ab
1226 1789 1304 1863 aliis
1328 1789 1572 1884 philosophus,
1598 1790 1645 1863 ab
1670 1790 1747 1864 aliis

531 1951 534 1958 ·
580 1915 781 2009 theologus.
808 1912 935 1985 Nullus
961 1917 1087 1984 autem
1113 1908 1181 1982 suit
1203 1915 1311 2003 pocta
1336 1909 1399 2002 qui
1425 1909 1633 2002 paradisum
1659 1931 1748 2003 poe-

579 2034 650 2108 tice
673 2031 896 2106 describeret
921 2029 988 2102 nisi
1014 2029 1071 2103 hic
1096 2035 1203 2123 poeta
1221 2028 1416 2121 miriticus3
1434 2030 1532 2123 quod
1548 2029 1594 2103 de
1615 2049 1654 2103 se
1671 2030 1746 2124 ipso

578 2152 769 2248 profitetur
794 2149 953 2225 secundo
979 2149 1144 2243 Capituio
1169 2149 1328 2222 Paradisi
1352 2148 1496 2222 dicens:

735 2314 895 2399 L’ucquo
918 2312 968 2380 clr'
981 2313 1016 2381 t'o
1035 2311 1175 2405 prendo
1200 2312 1369 2398 piorunmi
1392 2330 1464 2380 ooo
1487 2312 1518 2380 si
1541 2332 1648 2381 curse.

652 2495 879 2590 Aldigherius
892 2515 1029 2568 nornen
1037 2502 1093 2568 est
1105 2494 1341 2590 cognationis.
1351 2494 1433 2567 Fuit
1443 2515 1603 2588 namque
1615 2496 1748 2569 Dentes

579 2615 763 2709 majorum
789 2614 967 2709 sanguine
991 2633 1205 2709 generosus,
1225 2614 1360 2687 scilieet
1384 2613 1430 2687 dc
1456 2614 1668 2709 Aldigheriis
1685 2608 1745 2704 tii:

580 2734 679 2827 quod
714 2754 848 2807 nomen
880 2733 947 2805 fuit
979 2739 1136 2806 tractum
1170 2733 1217 2807 ab
1251 2733 1465 2829 Aldighcriis
1499 2734 1678 2808 nobilibus
1702 2736 1747 2807 de

580 2853 759 2945 Ferraria,
799 2859 840 2924 ut
873 2851 1014 2925 dicetur
1048 2851 1213 2946 Capitulo
1244 2853 1306 2923 XV
1338 2852 1510 2945 Paradisi,
1546 2852 1607 2925 ubi
1640 2860 1747 2926 aumr

581 2972 776 3045 introducit
801 2972 999 3065 quemdam
1025 2970 1185 3045 nobilem
1212 2971 1362 3045 militem
1392 2971 1584 3065 antiquum
1610 2974 1748 3066 praede

580 3112 763 3167 cessorem
790 3112 900 3164 suum
925 3091 1128 3165 dicentem:

736 3260 810 3328 Mic
834 3259 954 3328 donno
980 3275 1088 3327 uentre
1113 3278 1137 3327 o
1163 3277 1215 3327 occ
1240 3258 1277 3327 dr'
1308 3260 1372 3328 Vol
1394 3259 1431 3328 di
1456 3262 1565 3330 Pado.

579 3444 727 3517 Constat
751 3449 876 3516 autern
902 3440 1089 3514 Ferariam
1117 3460 1197 3514 esse
1231 3441 1269 3512 iu
1297 3440 1399 3514 Valle
1428 3442 1526 3516 Padi.
1554 3441 1746 3537 didigtrerii

578 3569 705 3636 autern
722 3559 991 3635 descenderunt
1007 3578 1053 3632 ex
1070 3558 1247 3649 Helisaeis3
1266 3559 1363 3633 unde
1380 3559 1475 3633 idem
1497 3560 1581 3633 dicit
1597 3561 1747 3633 ibidem:

736 3730 899 3796 Moronto
922 3700 962 3814 Ι[ιι
988 3724 1057 3793 mio
1080 3711 1255 3814 nodedi,
1280 3724 1325 3793 ed
1348 3725 1470 3794 Eliseo

579 3913 765 3987 Etdicitur
776 3911 910 3983 Dantes
921 3907 1148 4002 Aldighcrius
1161 3907 1264 4001 quasi
1278 3911 1351 3980 olto
1362 3911 1523 4000 dipereus
1535 3910 1592 3983 vei
1610 3913 1682 3982 utto
1694 3913 1748 3982 di·

579 4052 704 4122 qcreus
716 4018 872 4123 quamd)
883 4028 940 4102 aiii
956 4033 1082 4121 poetae.
1090 4027 1205 4101 Nemo
1219 4047 1383 4119 unquam
1394 4028 1745 4122 poetarum‚nuiium

581 4150 720 4244 excipio
744 4140 791 4241 (⁸),
818 4148 945 4222 habuit
972 4168 1134 4241 unquam
1167 4152 1241 4220 tam
1275 4148 1387 4223 altam
1421 4149 1657 4243 phantasiam,
1684 4158 1746 4221 aut

581 4276 656 4342 tarn
683 4266 840 4341 nobilem
868 4267 1060 4341 materiam
1077 4266 1191 4360 scivit,
1209 4266 1267 4341 rel
1293 4268 1410 4362 potuit
1429 4268 1603 4362 invenire,
1621 4270 1657 4342 in
1675 4291 1747 4362 qua

581 4396 656 4462 tarn
683 4389 869 4483 eleganter
893 4388 1001 4461 tradit
1017 4386 1262 4484 cognitionem
1284 4408 1411 4462 rerum
1432 4389 1691 4483 humanarum.
1712 4400 1747 4463 et

642 4600 671 4657 (¹)
687 4598 713 4647 S.
731 4600 845 4647 scientia
862 4600 976 4660 poetica.
1172 4598 1203 4659 (¹)
1220 4599 1251 4647 E.
1269 4599 1432 4650 theu-Gr.
1449 4590 1528 4649 ἓωῦ.

643 4673 671 4733 (⁸1
690 4678 743 4732 tto,
762 4679 871 4722 vacaret.
1174 4676 1204 4735 ι’)
1219 4675 1250 4724 Ε.
1267 4675 1379 4725 naturali
1394 4682 1420 4726 et
1437 4676 1529 4726 morali
1546 4677 1572 4725 in
1590 4676 1728 4726 Florentia.

642 4748 671 4807 (⁸)
690 4747 719 4796 E.
738 4746 898 4809 Aidigheriis
915 4747 1042 4797 nobilibus
1058 4747 1090 4798 de
1107 4748 1235 4807 Ferraria,
1253 4736 1291 4799 ut.

641 4821 671 4883 (¹)
689 4822 720 4871 E.
737 4823 791 4871 mio
808 4821 882 4871 frate.
1178 4823 1207 4884 (ἵ)
1223 4823 1249 4873 S.
1266 4824 1410 4888 piusquam.

646 4897 673 4959 (⁸)
688 4898 719 4946 E.
736 4898 886 4960 excipimus,
905 4898 994 4949 habuit
1010 4905 1061 4948 tarn
1079 4899 1165 4949 ultam.
