<?xml version="1.0" encoding="UTF-8"?>
<!DOCTYPE html PUBLIC "-//W3C//DTD XHTML 1.0 Transitional//EN"
    "http://www.w3.org/TR/xhtml1/DTD/xhtml1-transitional.dtd">
<html xmlns="http://www.w3.org/1999/xhtml" xml:lang="en" lang="en">
 <head>
  <title>
</title>
<meta http-equiv="Content-Type" content="text/html;charset=utf-8" />
  <meta name='ocr-system' content='tesseract 3.04.00' />
  <meta name='ocr-capabilities' content='ocr_page ocr_carea ocr_par ocr_line ocrx_word'/>
</head>
<body>
  <div class='ocr_page' id='page_1' title='image "./comentumsuperda00benvgoog_0425.png"; bbox 0 0 4154 6546; ppageno 0'>
   <div class='ocr_carea' id='block_1_1' title="bbox 452 765 1226 832">
    <p class='ocr_par' dir='ltr' id='par_1_1' title="bbox 452 765 1226 832">
     <span class='ocr_line' id='line_1_1' title="bbox 452 765 1226 832; baseline -0.001 -1"><span class='ocrx_word' id='word_1_1' title='bbox 452 765 522 832; x_wconf 85' lang='grc'>376</span> <span class='ocrx_word' id='word_1_2' title='bbox 847 775 1050 832; x_wconf 82' lang='lat' dir='ltr'>conuuruu</span> <span class='ocrx_word' id='word_1_3' title='bbox 1076 778 1226 830; x_wconf 85' lang='lat' dir='ltr'>rnrmuu</span> 
     </span>
    </p>
   </div>
   <div class='ocr_carea' id='block_1_2' title="bbox 449 920 1626 1373">
    <p class='ocr_par' dir='ltr' id='par_1_2' title="bbox 449 920 1626 1373">
     <span class='ocr_line' id='line_1_2' title="bbox 449 920 1625 1019; baseline 0.002 -24"><span class='ocrx_word' id='word_1_4' title='bbox 449 921 614 996; x_wconf 90' lang='lat' dir='ltr'>subtilior</span> <span class='ocrx_word' id='word_1_5' title='bbox 639 921 777 1016; x_wconf 75' lang='lat' dir='ltr'>prima,</span> <span class='ocrx_word' id='word_1_6' title='bbox 803 920 921 1016; x_wconf 90' lang='lat' dir='ltr'>prima</span> <span class='ocrx_word' id='word_1_7' title='bbox 948 926 1072 995; x_wconf 88' lang='lat' dir='ltr'>tamen</span> <span class='ocrx_word' id='word_1_8' title='bbox 1092 920 1237 995; x_wconf 88' lang='lat' dir='ltr'>videtur</span> <span class='ocrx_word' id='word_1_9' title='bbox 1259 920 1376 1017; x_wconf 84' lang='lat' dir='ltr'>magis</span> <span class='ocrx_word' id='word_1_10' title='bbox 1401 923 1625 1019; x_wconf 87' lang='lat' dir='ltr'>necessaria,</span> 
     </span>
     <span class='ocr_line' id='line_1_3' title="bbox 450 1040 1626 1136; baseline 0.002 -21"><span class='ocrx_word' id='word_1_11' title='bbox 450 1049 492 1115; x_wconf 96' lang='lat' dir='ltr'>ut</span> <span class='ocrx_word' id='word_1_12' title='bbox 503 1049 611 1116; x_wconf 90' lang='lat' dir='ltr'>autor</span> <span class='ocrx_word' id='word_1_13' title='bbox 624 1043 908 1136; x_wconf 75' lang='lat' dir='ltr'>amplecteretur</span> <span class='ocrx_word' id='word_1_14' title='bbox 926 1047 1044 1114; x_wconf 94' lang='lat' dir='ltr'>totum</span> <span class='ocrx_word' id='word_1_15' title='bbox 1062 1041 1266 1114; x_wconf 89' lang='lat' dir='ltr'>lnlernum:</span> <span class='ocrx_word' id='word_1_16' title='bbox 1281 1040 1362 1116; x_wconf 90' lang='lat' dir='ltr'>ideo</span> <span class='ocrx_word' id='word_1_17' title='bbox 1379 1041 1498 1135; x_wconf 93' lang='lat' dir='ltr'>primo</span> <span class='ocrx_word' id='word_1_18' title='bbox 1516 1062 1626 1117; x_wconf 90' lang='lat' dir='ltr'>com·</span> 
     </span>
     <span class='ocr_line' id='line_1_4' title="bbox 449 1160 1623 1258; baseline 0.003 -25"><span class='ocrx_word' id='word_1_19' title='bbox 449 1160 596 1235; x_wconf 91' lang='lat' dir='ltr'>mendat</span> <span class='ocrx_word' id='word_1_20' title='bbox 622 1162 840 1235; x_wconf 92' lang='lat' dir='ltr'>solutionem</span> <span class='ocrx_word' id='word_1_21' title='bbox 866 1181 979 1253; x_wconf 92' lang='lat' dir='ltr'>quam</span> <span class='ocrx_word' id='word_1_22' title='bbox 1006 1160 1090 1234; x_wconf 90' lang='lat' dir='ltr'>lecit</span> <span class='ocrx_word' id='word_1_23' title='bbox 1114 1161 1160 1233; x_wconf 90' lang='lat' dir='ltr'>ad</span> <span class='ocrx_word' id='word_1_24' title='bbox 1182 1161 1338 1254; x_wconf 85' lang='lat' dir='ltr'><strong>primam</strong></span> <span class='ocrx_word' id='word_1_25' title='bbox 1364 1160 1623 1258; x_wconf 87' lang='lat' dir='ltr'>quaestionem,</span> 
     </span>
     <span class='ocr_line' id='line_1_5' title="bbox 449 1274 1622 1373; baseline 0 -17"><span class='ocrx_word' id='word_1_26' title='bbox 449 1290 491 1356; x_wconf 93' lang='lat' dir='ltr'>ut</span> <span class='ocrx_word' id='word_1_27' title='bbox 515 1282 641 1357; x_wconf 91' lang='lat' dir='ltr'>reddat</span> <span class='ocrx_word' id='word_1_28' title='bbox 667 1303 754 1356; x_wconf 93' lang='lat' dir='ltr'>eum</span> <span class='ocrx_word' id='word_1_29' title='bbox 773 1280 992 1356; x_wconf 85' lang='lat' dir='ltr'>benivolum</span> <span class='ocrx_word' id='word_1_30' title='bbox 1017 1280 1064 1355; x_wconf 89' lang='lat' dir='ltr'>ad</span> <span class='ocrx_word' id='word_1_31' title='bbox 1089 1281 1300 1355; x_wconf 89' lang='lat' dir='ltr'>solvendam</span> <span class='ocrx_word' id='word_1_32' title='bbox 1316 1274 1353 1373; x_wconf 77' lang='lat'>(¹)</span> <span class='ocrx_word' id='word_1_33' title='bbox 1386 1281 1452 1356; x_wconf 88' lang='lat' dir='ltr'>sihi</span> <span class='ocrx_word' id='word_1_34' title='bbox 1484 1302 1622 1357; x_wconf 91' lang='lat' dir='ltr'>secun·</span> 
     </span>
    </p>
   </div>
   <div class='ocr_carea' id='block_1_3' title="bbox 448 1401 1723 1496">
    <p class='ocr_par' dir='ltr' id='par_1_3' title="bbox 448 1401 1723 1496">
     <span class='ocr_line' id='line_1_6' title="bbox 448 1401 1723 1496; baseline -0.003 -21"><span class='ocrx_word' id='word_1_35' title='bbox 448 1401 558 1495; x_wconf 74' lang='lat' dir='ltr'>dam,</span> <span class='ocrx_word' id='word_1_36' title='bbox 590 1402 687 1476; x_wconf 93' lang='lat' dir='ltr'>unde</span> <span class='ocrx_word' id='word_1_37' title='bbox 720 1401 827 1475; x_wconf 88' lang='lat' dir='ltr'>dicit:</span> <span class='ocrx_word' id='word_1_38' title='bbox 866 1422 888 1472; x_wconf 91' lang='lat' dir='ltr'>o</span> <span class='ocrx_word' id='word_1_39' title='bbox 922 1405 984 1474; x_wconf 87' lang='lat' dir='ltr'>Sol</span> <span class='ocrx_word' id='word_1_40' title='bbox 1015 1403 1075 1473; x_wconf 81' lang='lat' dir='ltr'>cde</span> <span class='ocrx_word' id='word_1_41' title='bbox 1107 1403 1188 1473; x_wconf 76' lang='lat' dir='ltr'>sorti</span> <span class='ocrx_word' id='word_1_42' title='bbox 1220 1422 1310 1492; x_wconf 77' lang='lat' dir='ltr'>oque</span> <span class='ocrx_word' id='word_1_43' title='bbox 1343 1404 1433 1474; x_wconf 68' lang='lat' dir='ltr'>uasto</span> <span class='ocrx_word' id='word_1_44' title='bbox 1466 1403 1622 1496; x_wconf 83' lang='lat' dir='ltr'>turbato,</span> <span class='ocrx_word' id='word_1_45' title='bbox 1710 1448 1723 1471; x_wconf 82' lang='grc'><strong><em>,</em></strong></span> 
     </span>
    </p>
   </div>
   <div class='ocr_carea' id='block_1_4' title="bbox 447 1520 1621 4622">
    <p class='ocr_par' dir='ltr' id='par_1_4' title="bbox 447 1520 1621 4622">
     <span class='ocr_line' id='line_1_7' title="bbox 448 1520 1620 1616; baseline 0.003 -22"><span class='ocrx_word' id='word_1_46' title='bbox 448 1521 551 1615; x_wconf 89' lang='lat' dir='ltr'>idest,</span> <span class='ocrx_word' id='word_1_47' title='bbox 576 1543 599 1595; x_wconf 95' lang='lat' dir='ltr'>o</span> <span class='ocrx_word' id='word_1_48' title='bbox 625 1521 824 1595; x_wconf 88' lang='lat' dir='ltr'>clarissime</span> <span class='ocrx_word' id='word_1_49' title='bbox 849 1520 986 1616; x_wconf 84' lang='lat' dir='ltr'>Virgili,</span> <span class='ocrx_word' id='word_1_50' title='bbox 1003 1521 1068 1613; x_wconf 94' lang='lat' dir='ltr'>qui</span> <span class='ocrx_word' id='word_1_51' title='bbox 1092 1520 1240 1615; x_wconf 81' lang='lat' dir='ltr'>expellis</span> <span class='ocrx_word' id='word_1_52' title='bbox 1258 1541 1407 1596; x_wconf 91' lang='lat' dir='ltr'>omnem</span> <span class='ocrx_word' id='word_1_53' title='bbox 1425 1523 1620 1597; x_wconf 77' lang='lat' dir='ltr'><strong>tenebram</strong></span> 
     </span>
     <span class='ocr_line' id='line_1_8' title="bbox 448 1641 1621 1738; baseline 0.003 -22"><span class='ocrx_word' id='word_1_54' title='bbox 448 1643 661 1738; x_wconf 82' lang='lat' dir='ltr'>ignorantiae</span> <span class='ocrx_word' id='word_1_55' title='bbox 687 1642 734 1716; x_wconf 91' lang='lat' dir='ltr'>ab</span> <span class='ocrx_word' id='word_1_56' title='bbox 759 1641 942 1715; x_wconf 87' lang='lat' dir='ltr'>intellectu</span> <span class='ocrx_word' id='word_1_57' title='bbox 974 1641 1083 1714; x_wconf 92' lang='lat' dir='ltr'>radiis</span> <span class='ocrx_word' id='word_1_58' title='bbox 1112 1641 1296 1735; x_wconf 84' lang='lat' dir='ltr'>sapienliae</span> <span class='ocrx_word' id='word_1_59' title='bbox 1328 1648 1412 1736; x_wconf 87' lang='lat' dir='ltr'>tuae,</span> <span class='ocrx_word' id='word_1_60' title='bbox 1445 1642 1539 1717; x_wconf 89' lang='lat' dir='ltr'>sicut</span> <span class='ocrx_word' id='word_1_61' title='bbox 1563 1644 1621 1719; x_wconf 89' lang='lat' dir='ltr'>sol</span> 
     </span>
     <span class='ocr_line' id='line_1_9' title="bbox 448 1752 1620 1858; baseline 0.001 -22"><span class='ocrx_word' id='word_1_62' title='bbox 448 1782 597 1836; x_wconf 90' lang='lat' dir='ltr'>omnem</span> <span class='ocrx_word' id='word_1_63' title='bbox 623 1762 760 1835; x_wconf 87' lang='lat' dir='ltr'>nubem</span> <span class='ocrx_word' id='word_1_64' title='bbox 786 1760 1016 1834; x_wconf 73' lang='lat' dir='ltr'>obscuritatis</span> <span class='ocrx_word' id='word_1_65' title='bbox 1041 1761 1088 1834; x_wconf 89' lang='lat' dir='ltr'>ab</span> <span class='ocrx_word' id='word_1_66' title='bbox 1103 1752 1140 1852; x_wconf 76' lang='lat'>(²)</span> <span class='ocrx_word' id='word_1_67' title='bbox 1166 1781 1264 1854; x_wconf 89' lang='lat' dir='ltr'>aere,</span> <span class='ocrx_word' id='word_1_68' title='bbox 1291 1761 1399 1835; x_wconf 88' lang='lat' dir='ltr'>radiis</span> <span class='ocrx_word' id='word_1_69' title='bbox 1420 1783 1497 1837; x_wconf 81' lang='lat' dir='ltr'>sure</span> <span class='ocrx_word' id='word_1_70' title='bbox 1515 1763 1620 1858; x_wconf 87' lang='lat' dir='ltr'>lucis,</span> 
     </span>
     <span class='ocr_line' id='line_1_10' title="bbox 448 1873 1620 1973; baseline 0.001 -17"><span class='ocrx_word' id='word_1_71' title='bbox 448 1889 483 1956; x_wconf 80' lang='lat' dir='ltr'>tu</span> <span class='ocrx_word' id='word_1_72' title='bbox 507 1903 561 1954; x_wconf 86' lang='lat' dir='ltr'>me</span> <span class='ocrx_word' id='word_1_73' title='bbox 586 1884 734 1954; x_wconf 76' lang='lat' dir='ltr'>commo·</span> <span class='ocrx_word' id='word_1_74' title='bbox 751 1873 939 1971; x_wconf 74' lang='lat' dir='ltr'>siquando</span> <span class='ocrx_word' id='word_1_75' title='bbox 956 1882 1170 1953; x_wconf 76' lang='lat' dir='ltr'>lusolciclte</span> <span class='ocrx_word' id='word_1_76' title='bbox 1189 1881 1317 1953; x_wconf 72' lang='lat' dir='ltr'>donar</span> <span class='ocrx_word' id='word_1_77' title='bbox 1340 1902 1413 1954; x_wconf 82' lang='lat' dir='ltr'>noo</span> <span class='ocrx_word' id='word_1_78' title='bbox 1432 1885 1477 1954; x_wconf 86' lang='lat' dir='ltr'>m&#39;</span> <span class='ocrx_word' id='word_1_79' title='bbox 1486 1889 1620 1973; x_wconf 75' lang='lat' dir='ltr'>aprum</span> 
     </span>
     <span class='ocr_line' id='line_1_11' title="bbox 448 1999 1620 2096; baseline 0.003 -21"><span class='ocrx_word' id='word_1_80' title='bbox 448 2024 526 2075; x_wconf 80' lang='lat' dir='ltr'>men</span> <span class='ocrx_word' id='word_1_81' title='bbox 549 2005 609 2074; x_wconf 80' lang='lat' dir='ltr'>cde</span> <span class='ocrx_word' id='word_1_82' title='bbox 631 2022 750 2091; x_wconf 70' lang='lat' dir='ltr'>soon,</span> <span class='ocrx_word' id='word_1_83' title='bbox 775 2000 879 2094; x_wconf 85' lang='lat' dir='ltr'>quasi</span> <span class='ocrx_word' id='word_1_84' title='bbox 898 2000 1014 2073; x_wconf 86' lang='lat' dir='ltr'>dicat:</span> <span class='ocrx_word' id='word_1_85' title='bbox 1041 2006 1096 2074; x_wconf 92' lang='lat' dir='ltr'>est</span> <span class='ocrx_word' id='word_1_86' title='bbox 1113 1999 1200 2073; x_wconf 88' lang='lat' dir='ltr'>mihi</span> <span class='ocrx_word' id='word_1_87' title='bbox 1221 2000 1362 2096; x_wconf 85' lang='lat' dir='ltr'>gratius</span> <span class='ocrx_word' id='word_1_88' title='bbox 1386 2003 1524 2078; x_wconf 89' lang='lat' dir='ltr'>habere</span> <span class='ocrx_word' id='word_1_89' title='bbox 1547 2004 1620 2079; x_wconf 91' lang='lat' dir='ltr'>du-</span> 
     </span>
     <span class='ocr_line' id='line_1_12' title="bbox 447 2119 1619 2220; baseline 0.004 -24"><span class='ocrx_word' id='word_1_90' title='bbox 447 2122 659 2196; x_wconf 89' lang='lat' dir='ltr'>bitationem</span> <span class='ocrx_word' id='word_1_91' title='bbox 686 2142 799 2214; x_wconf 88' lang='lat' dir='ltr'>quam</span> <span class='ocrx_word' id='word_1_92' title='bbox 825 2119 1012 2194; x_wconf 92' lang='lat' dir='ltr'>scientiam</span> <span class='ocrx_word' id='word_1_93' title='bbox 1038 2120 1084 2194; x_wconf 95' lang='lat' dir='ltr'>de</span> <span class='ocrx_word' id='word_1_94' title='bbox 1102 2142 1155 2214; x_wconf 92' lang='lat' dir='ltr'>re,</span> <span class='ocrx_word' id='word_1_95' title='bbox 1173 2121 1259 2214; x_wconf 92' lang='lat' dir='ltr'>quia</span> <span class='ocrx_word' id='word_1_96' title='bbox 1277 2123 1521 2199; x_wconf 83' lang='lat' dir='ltr'>exsolutione</span> <span class='ocrx_word' id='word_1_97' title='bbox 1541 2130 1619 2220; x_wconf 87' lang='lat' dir='ltr'>tun,</span> 
     </span>
     <span class='ocr_line' id='line_1_13' title="bbox 450 2240 1620 2340; baseline 0.003 -23"><span class='ocrx_word' id='word_1_98' title='bbox 450 2264 520 2339; x_wconf 85' lang='lat' dir='ltr'>ego</span> <span class='ocrx_word' id='word_1_99' title='bbox 537 2241 641 2337; x_wconf 91' lang='lat' dir='ltr'>capio</span> <span class='ocrx_word' id='word_1_100' title='bbox 659 2241 836 2315; x_wconf 92' lang='lat' dir='ltr'>maiorem</span> <span class='ocrx_word' id='word_1_101' title='bbox 855 2240 1121 2334; x_wconf 87' lang='lat' dir='ltr'>certitudinem,</span> <span class='ocrx_word' id='word_1_102' title='bbox 1139 2261 1251 2334; x_wconf 89' lang='lat' dir='ltr'>quam</span> <span class='ocrx_word' id='word_1_103' title='bbox 1273 2242 1303 2315; x_wconf 91' lang='lat' dir='ltr'>si</span> <span class='ocrx_word' id='word_1_104' title='bbox 1322 2242 1531 2336; x_wconf 88' lang='lat' dir='ltr'>simpliciter</span> <span class='ocrx_word' id='word_1_105' title='bbox 1548 2264 1620 2340; x_wconf 78' lang='lat' dir='ltr'>ego</span> 
     </span>
     <span class='ocr_line' id='line_1_14' title="bbox 450 2361 1619 2458; baseline 0.002 -20"><span class='ocrx_word' id='word_1_106' title='bbox 450 2365 580 2438; x_wconf 90' lang='lat' dir='ltr'>scirem</span> <span class='ocrx_word' id='word_1_107' title='bbox 600 2384 647 2437; x_wconf 88' lang='lat' dir='ltr'>ex</span> <span class='ocrx_word' id='word_1_108' title='bbox 664 2362 801 2436; x_wconf 82' lang='lat' dir='ltr'>merel</span> <span class='ocrx_word' id='word_1_109' title='bbox 818 2383 864 2436; x_wconf 82' lang='lat' dir='ltr'>ex</span> <span class='ocrx_word' id='word_1_110' title='bbox 881 2361 964 2457; x_wconf 92' lang='lat' dir='ltr'>alio,</span> <span class='ocrx_word' id='word_1_111' title='bbox 978 2361 1070 2436; x_wconf 91' lang='lat' dir='ltr'>sicut</span> <span class='ocrx_word' id='word_1_112' title='bbox 1083 2382 1180 2456; x_wconf 85' lang='lat' dir='ltr'>saepe</span> <span class='ocrx_word' id='word_1_113' title='bbox 1195 2361 1382 2458; x_wconf 83' lang='lat' dir='ltr'>contingit,</span> <span class='ocrx_word' id='word_1_114' title='bbox 1395 2365 1494 2456; x_wconf 92' lang='lat' dir='ltr'>quod</span> <span class='ocrx_word' id='word_1_115' title='bbox 1507 2367 1619 2441; x_wconf 88' lang='lat' dir='ltr'>homo</span> 
     </span>
     <span class='ocr_line' id='line_1_15' title="bbox 448 2481 1620 2576; baseline 0.003 -20"><span class='ocrx_word' id='word_1_116' title='bbox 448 2484 515 2559; x_wconf 89' lang='lat' dir='ltr'>scit</span> <span class='ocrx_word' id='word_1_117' title='bbox 539 2482 732 2557; x_wconf 86' lang='lat' dir='ltr'>veritatem</span> <span class='ocrx_word' id='word_1_118' title='bbox 759 2481 867 2554; x_wconf 93' lang='lat' dir='ltr'>unius</span> <span class='ocrx_word' id='word_1_119' title='bbox 894 2481 946 2556; x_wconf 88' lang='lat' dir='ltr'>rei</span> <span class='ocrx_word' id='word_1_120' title='bbox 972 2481 1008 2554; x_wconf 93' lang='lat' dir='ltr'>in</span> <span class='ocrx_word' id='word_1_121' title='bbox 1038 2481 1201 2576; x_wconf 89' lang='lat' dir='ltr'>conluso,</span> <span class='ocrx_word' id='word_1_122' title='bbox 1228 2488 1352 2556; x_wconf 88' lang='lat' dir='ltr'>tamen</span> <span class='ocrx_word' id='word_1_123' title='bbox 1384 2482 1470 2576; x_wconf 93' lang='lat' dir='ltr'>quia</span> <span class='ocrx_word' id='word_1_124' title='bbox 1504 2484 1620 2560; x_wconf 91' lang='lat' dir='ltr'>credit</span> 
     </span>
     <span class='ocr_line' id='line_1_16' title="bbox 449 2600 1619 2697; baseline 0.003 -20"><span class='ocrx_word' id='word_1_125' title='bbox 449 2624 489 2677; x_wconf 92' lang='lat' dir='ltr'>se</span> <span class='ocrx_word' id='word_1_126' title='bbox 514 2603 620 2697; x_wconf 87' lang='lat' dir='ltr'>plene</span> <span class='ocrx_word' id='word_1_127' title='bbox 645 2600 750 2694; x_wconf 87' lang='lat' dir='ltr'>scire,</span> <span class='ocrx_word' id='word_1_128' title='bbox 776 2620 848 2673; x_wconf 92' lang='lat' dir='ltr'>uon</span> <span class='ocrx_word' id='word_1_129' title='bbox 874 2600 1027 2694; x_wconf 87' lang='lat' dir='ltr'>dubitat,</span> <span class='ocrx_word' id='word_1_130' title='bbox 1053 2607 1090 2674; x_wconf 91' lang='lat' dir='ltr'>et</span> <span class='ocrx_word' id='word_1_131' title='bbox 1114 2601 1195 2675; x_wconf 92' lang='lat' dir='ltr'>ideo</span> <span class='ocrx_word' id='word_1_132' title='bbox 1221 2622 1295 2674; x_wconf 93' lang='lat' dir='ltr'>non</span> <span class='ocrx_word' id='word_1_133' title='bbox 1318 2601 1473 2695; x_wconf 82' lang='lat' dir='ltr'>quaerit3</span> <span class='ocrx_word' id='word_1_134' title='bbox 1498 2603 1619 2679; x_wconf 89' lang='lat' dir='ltr'>sedsi</span> 
     </span>
     <span class='ocr_line' id='line_1_17' title="bbox 448 2719 1619 2817; baseline 0.003 -22"><span class='ocrx_word' id='word_1_135' title='bbox 448 2728 595 2817; x_wconf 87' lang='lat' dir='ltr'>petala</span> <span class='ocrx_word' id='word_1_136' title='bbox 620 2719 699 2794; x_wconf 88' lang='lat' dir='ltr'>viro</span> <span class='ocrx_word' id='word_1_137' title='bbox 725 2719 982 2813; x_wconf 88' lang='lat' dir='ltr'>valentissimo,</span> <span class='ocrx_word' id='word_1_138' title='bbox 1008 2719 1165 2813; x_wconf 86' lang='lat' dir='ltr'>acquirit</span> <span class='ocrx_word' id='word_1_139' title='bbox 1194 2720 1331 2794; x_wconf 89' lang='lat' dir='ltr'>claram</span> <span class='ocrx_word' id='word_1_140' title='bbox 1362 2721 1619 2797; x_wconf 87' lang='lat' dir='ltr'>certitudinem</span> 
     </span>
     <span class='ocr_line' id='line_1_18' title="bbox 450 2832 1617 2936; baseline 0.003 -24"><span class='ocrx_word' id='word_1_141' title='bbox 450 2841 630 2935; x_wconf 82' lang='lat' dir='ltr'>veritatis3</span> <span class='ocrx_word' id='word_1_142' title='bbox 645 2847 682 2915; x_wconf 93' lang='lat' dir='ltr'>et</span> <span class='ocrx_word' id='word_1_143' title='bbox 695 2843 765 2914; x_wconf 84' lang='lat' dir='ltr'>lroc</span> <span class='ocrx_word' id='word_1_144' title='bbox 778 2847 833 2914; x_wconf 91' lang='lat' dir='ltr'>est</span> <span class='ocrx_word' id='word_1_145' title='bbox 846 2839 945 2933; x_wconf 93' lang='lat' dir='ltr'>quod</span> <span class='ocrx_word' id='word_1_146' title='bbox 957 2848 1066 2914; x_wconf 89' lang='lat' dir='ltr'>autor</span> <span class='ocrx_word' id='word_1_147' title='bbox 1080 2841 1159 2913; x_wconf 90' lang='lat' dir='ltr'>vult</span> <span class='ocrx_word' id='word_1_148' title='bbox 1170 2839 1292 2914; x_wconf 89' lang='lat' dir='ltr'>dicere</span> <span class='ocrx_word' id='word_1_149' title='bbox 1301 2839 1462 2936; x_wconf 82' lang='lat' dir='ltr'>Virgilio,</span> <span class='ocrx_word' id='word_1_150' title='bbox 1472 2832 1617 2936; x_wconf 77' lang='lat' dir='ltr'>quodl³l</span> 
     </span>
     <span class='ocr_line' id='line_1_19' title="bbox 448 2960 1619 3060; baseline 0.003 -25"><span class='ocrx_word' id='word_1_151' title='bbox 448 2963 608 3035; x_wconf 92' lang='lat' dir='ltr'>multum</span> <span class='ocrx_word' id='word_1_152' title='bbox 633 2962 743 3036; x_wconf 88' lang='lat' dir='ltr'>habet</span> <span class='ocrx_word' id='word_1_153' title='bbox 767 2982 896 3035; x_wconf 88' lang='lat' dir='ltr'>carum</span> <span class='ocrx_word' id='word_1_154' title='bbox 923 2960 1091 3035; x_wconf 82' lang='lat' dir='ltr'>dubitare</span> <span class='ocrx_word' id='word_1_155' title='bbox 1117 2968 1264 3056; x_wconf 88' lang='lat' dir='ltr'>propter</span> <span class='ocrx_word' id='word_1_156' title='bbox 1284 2962 1464 3037; x_wconf 88' lang='lat' dir='ltr'>declarari</span> <span class='ocrx_word' id='word_1_157' title='bbox 1487 2965 1535 3038; x_wconf 90' lang='lat' dir='ltr'>ab</span> <span class='ocrx_word' id='word_1_158' title='bbox 1560 2984 1619 3060; x_wconf 92' lang='lat' dir='ltr'>eo,</span> 
     </span>
     <span class='ocr_line' id='line_1_20' title="bbox 448 3082 1620 3176; baseline 0.005 -22"><span class='ocrx_word' id='word_1_159' title='bbox 448 3083 534 3176; x_wconf 92' lang='lat' dir='ltr'>quia</span> <span class='ocrx_word' id='word_1_160' title='bbox 561 3089 648 3157; x_wconf 91' lang='lat' dir='ltr'>tunc</span> <span class='ocrx_word' id='word_1_161' title='bbox 674 3103 746 3156; x_wconf 93' lang='lat' dir='ltr'>non</span> <span class='ocrx_word' id='word_1_162' title='bbox 772 3082 919 3156; x_wconf 85' lang='lat' dir='ltr'>habebit</span> <span class='ocrx_word' id='word_1_163' title='bbox 944 3089 1069 3176; x_wconf 87' lang='lat' dir='ltr'>postea</span> <span class='ocrx_word' id='word_1_164' title='bbox 1095 3082 1264 3156; x_wconf 89' lang='lat' dir='ltr'>dubitare</span> <span class='ocrx_word' id='word_1_165' title='bbox 1285 3083 1478 3159; x_wconf 87' lang='lat' dir='ltr'>decadem</span> <span class='ocrx_word' id='word_1_166' title='bbox 1504 3105 1556 3160; x_wconf 89' lang='lat' dir='ltr'>re.</span> <span class='ocrx_word' id='word_1_167' title='bbox 1574 3087 1620 3161; x_wconf 87' lang='lat' dir='ltr'>Et</span> 
     </span>
     <span class='ocr_line' id='line_1_21' title="bbox 448 3201 1618 3296; baseline 0.004 -22"><span class='ocrx_word' id='word_1_168' title='bbox 448 3202 616 3296; x_wconf 88' lang='lat' dir='ltr'>proponit</span> <span class='ocrx_word' id='word_1_169' title='bbox 641 3209 678 3276; x_wconf 88' lang='lat' dir='ltr'>et</span> <span class='ocrx_word' id='word_1_170' title='bbox 703 3201 837 3276; x_wconf 90' lang='lat' dir='ltr'>lormat</span> <span class='ocrx_word' id='word_1_171' title='bbox 862 3201 1114 3295; x_wconf 71' lang='lat' dir='ltr'>questionem,</span> <span class='ocrx_word' id='word_1_172' title='bbox 1140 3201 1282 3276; x_wconf 91' lang='lat' dir='ltr'>dicens:</span> <span class='ocrx_word' id='word_1_173' title='bbox 1308 3205 1391 3276; x_wconf 68' lang='lat' dir='ltr'>dos</span> <span class='ocrx_word' id='word_1_174' title='bbox 1402 3206 1457 3277; x_wconf 84' lang='lat' dir='ltr'>io:</span> <span class='ocrx_word' id='word_1_175' title='bbox 1482 3226 1618 3279; x_wconf 84' lang='lat' dir='ltr'>ancora</span> 
     </span>
     <span class='ocr_line' id='line_1_22' title="bbox 448 3314 1618 3420; baseline 0.003 -23"><span class='ocrx_word' id='word_1_176' title='bbox 448 3332 478 3397; x_wconf 80' lang='lat' dir='ltr'>te</span> <span class='ocrx_word' id='word_1_177' title='bbox 502 3326 630 3396; x_wconf 69' lang='lat' dir='ltr'>rivolus·</span> <span class='ocrx_word' id='word_1_178' title='bbox 649 3345 696 3396; x_wconf 80' lang='lat' dir='ltr'>uo</span> <span class='ocrx_word' id='word_1_179' title='bbox 707 3345 799 3415; x_wconf 85' lang='lat' dir='ltr'>poco</span> <span class='ocrx_word' id='word_1_180' title='bbox 816 3326 978 3414; x_wconf 74' lang='lat' dir='ltr'>indicere,</span> <span class='ocrx_word' id='word_1_181' title='bbox 996 3322 1130 3397; x_wconf 88' lang='lat' dir='ltr'>scilicet</span> <span class='ocrx_word' id='word_1_182' title='bbox 1145 3323 1191 3397; x_wconf 87' lang='lat' dir='ltr'>ad</span> <span class='ocrx_word' id='word_1_183' title='bbox 1209 3322 1282 3397; x_wconf 93' lang='lat' dir='ltr'>iam</span> <span class='ocrx_word' id='word_1_184' title='bbox 1303 3323 1397 3397; x_wconf 82' lang='lat' dir='ltr'>dicta</span> <span class='ocrx_word' id='word_1_185' title='bbox 1417 3325 1454 3397; x_wconf 94' lang='lat' dir='ltr'>iu</span> <span class='ocrx_word' id='word_1_186' title='bbox 1468 3314 1504 3417; x_wconf 73' lang='lat'>(⁴)</span> <span class='ocrx_word' id='word_1_187' title='bbox 1523 3347 1618 3420; x_wconf 81' lang='lat' dir='ltr'>prae-</span> 
     </span>
     <span class='ocr_line' id='line_1_23' title="bbox 447 3442 1616 3538; baseline 0.004 -22"><span class='ocrx_word' id='word_1_188' title='bbox 447 3443 542 3517; x_wconf 89' lang='lat' dir='ltr'>dicta</span> <span class='ocrx_word' id='word_1_189' title='bbox 567 3442 794 3517; x_wconf 91' lang='lat' dir='ltr'>distinctione</span> <span class='ocrx_word' id='word_1_190' title='bbox 813 3450 894 3536; x_wconf 89' lang='lat' dir='ltr'>tua;</span> <span class='ocrx_word' id='word_1_191' title='bbox 913 3449 950 3516; x_wconf 92' lang='lat' dir='ltr'>et</span> <span class='ocrx_word' id='word_1_192' title='bbox 966 3463 1053 3517; x_wconf 88' lang='lat' dir='ltr'>ecce</span> <span class='ocrx_word' id='word_1_193' title='bbox 1077 3442 1124 3517; x_wconf 93' lang='lat' dir='ltr'>ad</span> <span class='ocrx_word' id='word_1_194' title='bbox 1149 3463 1260 3535; x_wconf 85' lang='lat' dir='ltr'>quem</span> <span class='ocrx_word' id='word_1_195' title='bbox 1284 3463 1445 3538; x_wconf 90' lang='lat' dir='ltr'>passum,</span> <span class='ocrx_word' id='word_1_196' title='bbox 1461 3444 1616 3522; x_wconf 88' lang='lat' dir='ltr'>scilicet:</span> 
     </span>
     <span class='ocr_line' id='line_1_24' title="bbox 448 3553 1618 3655; baseline 0.005 -20"><span class='ocrx_word' id='word_1_197' title='bbox 448 3553 484 3635; x_wconf 81' lang='lat' dir='ltr'>ld</span> <span class='ocrx_word' id='word_1_198' title='bbox 509 3583 571 3636; x_wconf 88' lang='lat' dir='ltr'>oue</span> <span class='ocrx_word' id='word_1_199' title='bbox 596 3565 642 3635; x_wconf 82' lang='lat' dir='ltr'>di&#39;</span> <span class='ocrx_word' id='word_1_200' title='bbox 659 3566 719 3635; x_wconf 82' lang='lat' dir='ltr'>cde</span> <span class='ocrx_word' id='word_1_201' title='bbox 743 3583 853 3635; x_wconf 80' lang='lat' dir='ltr'>usuro</span> <span class='ocrx_word' id='word_1_202' title='bbox 878 3565 1013 3655; x_wconf 75' lang='lat' dir='ltr'>offendo</span> <span class='ocrx_word' id='word_1_203' title='bbox 1034 3566 1071 3635; x_wconf 86' lang='lat' dir='ltr'>la</span> <span class='ocrx_word' id='word_1_204' title='bbox 1090 3565 1211 3636; x_wconf 72' lang='lat' dir='ltr'>diona</span> <span class='ocrx_word' id='word_1_205' title='bbox 1235 3563 1384 3654; x_wconf 74' lang='lat' dir='ltr'>ummo,</span> <span class='ocrx_word' id='word_1_206' title='bbox 1402 3564 1538 3640; x_wconf 88' lang='lat' dir='ltr'>scilicet</span> <span class='ocrx_word' id='word_1_207' title='bbox 1553 3566 1618 3641; x_wconf 86' lang='lat' dir='ltr'>uhi</span> 
     </span>
     <span class='ocr_line' id='line_1_25' title="bbox 447 3681 1619 3779; baseline 0.005 -24"><span class='ocrx_word' id='word_1_208' title='bbox 447 3681 709 3775; x_wconf 86' lang='lat' dir='ltr'>supradixisti,</span> <span class='ocrx_word' id='word_1_209' title='bbox 730 3687 879 3772; x_wconf 80' lang='lat' dir='ltr'>Goorso,</span> <span class='ocrx_word' id='word_1_210' title='bbox 907 3705 926 3755; x_wconf 88' lang='lat' dir='ltr'>e</span> <span class='ocrx_word' id='word_1_211' title='bbox 950 3685 1039 3756; x_wconf 80' lang='lat' dir='ltr'>solvi</span> <span class='ocrx_word' id='word_1_212' title='bbox 1061 3685 1089 3755; x_wconf 84' lang='lat' dir='ltr'>ll</span> <span class='ocrx_word' id='word_1_213' title='bbox 1111 3704 1262 3774; x_wconf 79' lang='lat' dir='ltr'>proppO,</span> <span class='ocrx_word' id='word_1_214' title='bbox 1279 3682 1371 3758; x_wconf 90' lang='lat' dir='ltr'>idest</span> <span class='ocrx_word' id='word_1_215' title='bbox 1388 3683 1493 3758; x_wconf 85' lang='lat' dir='ltr'>istam</span> <span class='ocrx_word' id='word_1_216' title='bbox 1516 3706 1619 3779; x_wconf 82' lang='lat' dir='ltr'>quae-</span> 
     </span>
     <span class='ocr_line' id='line_1_26' title="bbox 447 3801 1615 3895; baseline 0.006 -21"><span class='ocrx_word' id='word_1_217' title='bbox 447 3801 614 3894; x_wconf 90' lang='lat' dir='ltr'>stionem,</span> <span class='ocrx_word' id='word_1_218' title='bbox 640 3801 774 3876; x_wconf 91' lang='lat' dir='ltr'>scilicet</span> <span class='ocrx_word' id='word_1_219' title='bbox 799 3803 985 3895; x_wconf 91' lang='lat' dir='ltr'>quomodo</span> <span class='ocrx_word' id='word_1_220' title='bbox 1015 3802 1208 3877; x_wconf 91' lang='lat' dir='ltr'>usurarius</span> <span class='ocrx_word' id='word_1_221' title='bbox 1237 3803 1385 3878; x_wconf 88' lang='lat' dir='ltr'>olleudit</span> <span class='ocrx_word' id='word_1_222' title='bbox 1415 3805 1615 3881; x_wconf 87' lang='lat' dir='ltr'>bonitatem</span> 
     </span>
     <span class='ocr_line' id='line_1_27' title="bbox 448 3922 1619 4015; baseline 0.006 -19"><span class='ocrx_word' id='word_1_223' title='bbox 448 3922 620 4015; x_wconf 88' lang='lat' dir='ltr'>divinam,</span> <span class='ocrx_word' id='word_1_224' title='bbox 646 3922 732 4015; x_wconf 89' lang='lat' dir='ltr'>quia</span> <span class='ocrx_word' id='word_1_225' title='bbox 758 3922 853 3996; x_wconf 93' lang='lat' dir='ltr'>istud</span> <span class='ocrx_word' id='word_1_226' title='bbox 879 3943 952 3996; x_wconf 94' lang='lat' dir='ltr'>nou</span> <span class='ocrx_word' id='word_1_227' title='bbox 977 3922 1122 3996; x_wconf 86' lang='lat' dir='ltr'>videtur</span> <span class='ocrx_word' id='word_1_228' title='bbox 1148 3924 1242 3998; x_wconf 88' lang='lat' dir='ltr'>bene</span> <span class='ocrx_word' id='word_1_229' title='bbox 1266 3925 1407 3998; x_wconf 90' lang='lat' dir='ltr'>clarum</span> <span class='ocrx_word' id='word_1_230' title='bbox 1426 3926 1619 4003; x_wconf 89' lang='lat' dir='ltr'>multis.-</span> 
     </span>
     <span class='ocr_line' id='line_1_28' title="bbox 448 4042 1619 4141; baseline 0.006 -26"><span class='ocrx_word' id='word_1_231' title='bbox 448 4044 623 4133; x_wconf 76' lang='lat' dir='ltr'>Filosofiu.</span> <span class='ocrx_word' id='word_1_232' title='bbox 650 4042 715 4114; x_wconf 91' lang='lat' dir='ltr'>Hic</span> <span class='ocrx_word' id='word_1_233' title='bbox 739 4049 848 4116; x_wconf 92' lang='lat' dir='ltr'>autor</span> <span class='ocrx_word' id='word_1_234' title='bbox 874 4042 973 4136; x_wconf 93' lang='lat' dir='ltr'>ponit</span> <span class='ocrx_word' id='word_1_235' title='bbox 998 4043 1269 4137; x_wconf 88' lang='lat' dir='ltr'>responsionem</span> <span class='ocrx_word' id='word_1_236' title='bbox 1301 4044 1435 4140; x_wconf 83' lang='lat' dir='ltr'>Virgilii</span> <span class='ocrx_word' id='word_1_237' title='bbox 1459 4046 1506 4120; x_wconf 88' lang='lat' dir='ltr'>ad</span> <span class='ocrx_word' id='word_1_238' title='bbox 1531 4068 1619 4141; x_wconf 90' lang='lat' dir='ltr'>pro-</span> 
     </span>
     <span class='ocr_line' id='line_1_29' title="bbox 448 4161 1618 4262; baseline 0.003 -25"><span class='ocrx_word' id='word_1_239' title='bbox 448 4162 601 4257; x_wconf 89' lang='lat' dir='ltr'>positam</span> <span class='ocrx_word' id='word_1_240' title='bbox 615 4162 867 4257; x_wconf 84' lang='lat' dir='ltr'>quaestionem,</span> <span class='ocrx_word' id='word_1_241' title='bbox 884 4164 948 4256; x_wconf 94' lang='lat' dir='ltr'>qui</span> <span class='ocrx_word' id='word_1_242' title='bbox 966 4163 1083 4258; x_wconf 92' lang='lat' dir='ltr'>primo</span> <span class='ocrx_word' id='word_1_243' title='bbox 1101 4164 1185 4238; x_wconf 91' lang='lat' dir='ltr'>lacit</span> <span class='ocrx_word' id='word_1_244' title='bbox 1202 4165 1366 4258; x_wconf 86' lang='lat' dir='ltr'>pulcram</span> <span class='ocrx_word' id='word_1_245' title='bbox 1386 4166 1563 4241; x_wconf 86' lang='lat' dir='ltr'>rationem</span> <span class='ocrx_word' id='word_1_246' title='bbox 1579 4161 1618 4262; x_wconf 81' lang='lat'>(⁵)</span> 
     </span>
     <span class='ocr_line' id='line_1_30' title="bbox 448 4282 1617 4377; baseline 0.003 -19"><span class='ocrx_word' id='word_1_247' title='bbox 448 4284 666 4376; x_wconf 89' lang='lat' dir='ltr'>naturalem,</span> <span class='ocrx_word' id='word_1_248' title='bbox 693 4304 805 4376; x_wconf 92' lang='lat' dir='ltr'>quam</span> <span class='ocrx_word' id='word_1_249' title='bbox 831 4282 959 4357; x_wconf 89' lang='lat' dir='ltr'>lundat</span> <span class='ocrx_word' id='word_1_250' title='bbox 983 4305 1095 4377; x_wconf 88' lang='lat' dir='ltr'>supra</span> <span class='ocrx_word' id='word_1_251' title='bbox 1121 4304 1237 4356; x_wconf 94' lang='lat' dir='ltr'>unum</span> <span class='ocrx_word' id='word_1_252' title='bbox 1269 4284 1405 4359; x_wconf 89' lang='lat' dir='ltr'>dictum</span> <span class='ocrx_word' id='word_1_253' title='bbox 1438 4286 1617 4362; x_wconf 83' lang='lat' dir='ltr'>naturale</span> 
     </span>
     <span class='ocr_line' id='line_1_31' title="bbox 447 4403 1620 4500; baseline 0.005 -23"><span class='ocrx_word' id='word_1_254' title='bbox 447 4404 501 4478; x_wconf 81' lang='lat' dir='ltr'>nd</span> <span class='ocrx_word' id='word_1_255' title='bbox 531 4404 638 4479; x_wconf 91' lang='lat' dir='ltr'>cuius</span> <span class='ocrx_word' id='word_1_256' title='bbox 672 4403 944 4498; x_wconf 85' lang='lat' dir='ltr'>intelligentiam</span> <span class='ocrx_word' id='word_1_257' title='bbox 971 4411 1116 4498; x_wconf 92' lang='lat' dir='ltr'>oportet</span> <span class='ocrx_word' id='word_1_258' title='bbox 1137 4411 1266 4479; x_wconf 85' lang='lat' dir='ltr'>notare</span> <span class='ocrx_word' id='word_1_259' title='bbox 1298 4406 1407 4500; x_wconf 91' lang='lat' dir='ltr'>quod,</span> <span class='ocrx_word' id='word_1_260' title='bbox 1438 4405 1532 4481; x_wconf 91' lang='lat' dir='ltr'>sicut</span> <span class='ocrx_word' id='word_1_261' title='bbox 1563 4407 1620 4483; x_wconf 86' lang='lat' dir='ltr'>la·</span> 
     </span>
     <span class='ocr_line' id='line_1_32' title="bbox 448 4523 1619 4622; baseline 0.005 -25"><span class='ocrx_word' id='word_1_262' title='bbox 448 4525 519 4598; x_wconf 90' lang='lat' dir='ltr'>tius</span> <span class='ocrx_word' id='word_1_263' title='bbox 543 4525 675 4598; x_wconf 88' lang='lat' dir='ltr'>dicitur</span> <span class='ocrx_word' id='word_1_264' title='bbox 704 4524 718 4594; x_wconf 98' lang='lat' dir='ltr'>l</span> <span class='ocrx_word' id='word_1_265' title='bbox 744 4523 902 4618; x_wconf 91' lang='lat' dir='ltr'>capitulo</span> <span class='ocrx_word' id='word_1_266' title='bbox 933 4524 1103 4618; x_wconf 88' lang='lat' dir='ltr'>Paradisi,</span> <span class='ocrx_word' id='word_1_267' title='bbox 1130 4531 1168 4599; x_wconf 92' lang='lat' dir='ltr'>et</span> <span class='ocrx_word' id='word_1_268' title='bbox 1196 4526 1233 4598; x_wconf 92' lang='lat' dir='ltr'>in</span> <span class='ocrx_word' id='word_1_269' title='bbox 1263 4526 1428 4620; x_wconf 91' lang='lat' dir='ltr'>pluribus</span> <span class='ocrx_word' id='word_1_270' title='bbox 1453 4528 1619 4622; x_wconf 85' lang='lat' dir='ltr'>partibus</span> 
     </span>
    </p>
   </div>
   <div class='ocr_carea' id='block_1_5' title="bbox 509 4728 1513 4964">
    <p class='ocr_par' dir='ltr' id='par_1_5' title="bbox 509 4728 1513 4964">
     <span class='ocr_line' id='line_1_33' title="bbox 509 4728 1513 4808; baseline 0.002 -14"><span class='ocrx_word' id='word_1_271' title='bbox 509 4747 535 4806; x_wconf 82' lang='lat'>(¹)</span> <span class='ocrx_word' id='word_1_272' title='bbox 551 4746 577 4794; x_wconf 82' lang='lat' dir='ltr'>S.</span> <span class='ocrx_word' id='word_1_273' title='bbox 594 4745 794 4795; x_wconf 79' lang='lat' dir='ltr'>solvendum-</span> <span class='ocrx_word' id='word_1_274' title='bbox 805 4745 836 4795; x_wconf 85' lang='grc' dir='ltr'>Ε.</span> <span class='ocrx_word' id='word_1_275' title='bbox 853 4745 1005 4795; x_wconf 83' lang='lat' dir='ltr'>solvendum</span> <span class='ocrx_word' id='word_1_276' title='bbox 1021 4745 1068 4795; x_wconf 85' lang='lat' dir='ltr'>sibi</span> <span class='ocrx_word' id='word_1_277' title='bbox 1085 4745 1223 4795; x_wconf 76' lang='lat' dir='ltr'>secundam</span> <span class='ocrx_word' id='word_1_278' title='bbox 1239 4745 1419 4808; x_wconf 72' lang='lat' dir='ltr'>quesdonem</span> <span class='ocrx_word' id='word_1_279' title='bbox 1436 4728 1513 4797; x_wconf 72' lang='lat' dir='ltr'>unde.</span> 
     </span>
     <span class='ocr_line' id='line_1_34' title="bbox 511 4821 1460 4886; baseline 0.001 -15"><span class='ocrx_word' id='word_1_280' title='bbox 511 4821 537 4885; x_wconf 83' lang='lat'>(¹)</span> <span class='ocrx_word' id='word_1_281' title='bbox 554 4821 579 4871; x_wconf 89' lang='lat' dir='ltr'>S.</span> <span class='ocrx_word' id='word_1_282' title='bbox 597 4821 644 4870; x_wconf 89' lang='lat' dir='ltr'>sub</span> <span class='ocrx_word' id='word_1_283' title='bbox 660 4835 727 4871; x_wconf 83' lang='lat' dir='ltr'>aero.</span> <span class='ocrx_word' id='word_1_284' title='bbox 1178 4821 1204 4883; x_wconf 77' lang='lat'>(¹)</span> <span class='ocrx_word' id='word_1_285' title='bbox 1221 4822 1252 4873; x_wconf 86' lang='lat' dir='ltr'>E.</span> <span class='ocrx_word' id='word_1_286' title='bbox 1269 4821 1367 4873; x_wconf 82' lang='lat' dir='ltr'>scilieet</span> <span class='ocrx_word' id='word_1_287' title='bbox 1383 4822 1460 4886; x_wconf 76' lang='lat' dir='ltr'>quod.</span> 
     </span>
     <span class='ocr_line' id='line_1_35' title="bbox 511 4896 1445 4964; baseline -0.003 -18"><span class='ocrx_word' id='word_1_288' title='bbox 511 4897 538 4956; x_wconf 78' lang='lat'>(⁸)</span> <span class='ocrx_word' id='word_1_289' title='bbox 554 4897 583 4946; x_wconf 82' lang='grc' dir='ltr'>Ε.</span> <span class='ocrx_word' id='word_1_290' title='bbox 602 4898 627 4946; x_wconf 92' lang='lat' dir='ltr'>in</span> <span class='ocrx_word' id='word_1_291' title='bbox 644 4896 805 4948; x_wconf 82' lang='lat' dir='ltr'>distinctione</span> <span class='ocrx_word' id='word_1_292' title='bbox 822 4903 873 4948; x_wconf 80' lang='lat' dir='ltr'>lua.</span> <span class='ocrx_word' id='word_1_293' title='bbox 1179 4898 1207 4962; x_wconf 69' lang='lat'>(¹)</span> <span class='ocrx_word' id='word_1_294' title='bbox 1226 4901 1251 4951; x_wconf 86' lang='lat' dir='ltr'>S.</span> <span class='ocrx_word' id='word_1_295' title='bbox 1268 4899 1445 4964; x_wconf 66' lang='lat' dir='ltr'>quatiam,</span> 
     </span>
    </p>
   </div>
   <div class='ocr_carea' id='block_1_6' title="bbox 0 0 2082 6546">
    <p class='ocr_par' dir='ltr' id='par_1_6' title="bbox 0 0 2082 6546">
     <span class='ocr_line' id='line_1_36' title="bbox 0 0 2082 6546; baseline 0 1"><span class='ocrx_word' id='word_1_296' title='bbox 0 0 2082 6546; x_wconf 95' lang='lat' dir='ltr'> </span> 
     </span>
    </p>
   </div>
  </div>
 </body>
</html>
