4154 6546
786 784 924 842 murus
947 784 1076 844 nouus.
1444 775 1515 845 325

344 931 471 1004 mann
494 951 641 1023 puero,
666 933 753 1026 quia
778 933 913 1007 scilicet
938 954 1066 1008 omnes
1091 934 1153 1027 qui
1179 942 1445 1010 concurrerant
1467 935 1514 1011 ad

341 1053 544 1126 custodiam
571 1060 608 1127 et
625 1061 922 1147 praeparaverant
939 1074 979 1128 se
994 1054 1041 1127 ad
1058 1054 1304 1130 defensionem
1324 1063 1515 1131 cesserunt

342 1172 445 1245 uobis
479 1172 600 1246 statim
632 1173 774 1246 contusi
803 1194 850 1247 ex
884 1174 1005 1248 verbis
1030 1176 1220 1267 Mercurii3
1247 1183 1279 1248 et
1301 1178 1337 1247 io
1361 1179 1412 1248 clr'
1425 1198 1514 1251 orreo

340 1296 429 1365 duro
457 1297 496 1366 di
527 1297 632 1366 aeder
657 1296 694 1366 ta
717 1297 905 1367 cmtdiziou
929 1297 989 1367 clre
1013 1298 1064 1368 tol
1089 1301 1252 1389 fortene
1277 1316 1395 1385 serra,
1421 1296 1514 1370 idest

342 1413 407 1506 qui
438 1412 652 1489 affectabam
685 1435 908 1510 cognoscere
940 1415 1183 1490 conditionem
1214 1435 1346 1489 eorum
1361 1406 1399 1505 (¹)
1419 1434 1513 1508 quos

343 1539 418 1606 tam
444 1533 546 1607 tortis
570 1534 696 1608 civitas
722 1536 758 1606 in
784 1556 824 1608 se
850 1534 985 1609 claudit
1009 1541 1046 1608 et
1068 1536 1239 1627 continet,
1257 1537 1350 1608 inuti)
1367 1537 1512 1608 t'omltto

343 1657 496 1744 intorno,
529 1655 620 1727 idest
650 1654 767 1750 dirigo
799 1655 917 1728 visum
949 1657 1046 1730 circa
1071 1656 1208 1729 moenia
1233 1656 1396 1748 civitatis,
1423 1653 1514 1729 idest

343 1774 628 1868 speculationem
649 1774 943 1869 intellectualem,
961 1779 1089 1849 com'io
1103 1779 1158 1870 sni
1173 1780 1310 1867 dentre,
1328 1776 1420 1849 idest
1436 1783 1512 1849 sta-

344 1893 421 1987 tim,
446 1894 531 1968 sine·
548 1915 705 1988 mora,e
730 1898 852 1986 veppio
875 1899 1014 1986 pronde
1034 1917 1246 1988 compopuo,
1263 1895 1355 1970 idest
1377 1915 1510 1991 magna

342 2014 493 2110 collegia
527 2015 796 2108 haeretieorum,
827 2019 877 2090 od
905 2019 991 2107 opat
1020 2036 1117 2107 mon,
1148 2015 1239 2089 idest
1265 2014 1347 2089 hinc
1373 2014 1456 2089 inde
1488 2036 1510 2091 a

341 2133 479 2207 dextris
510 2141 547 2208 et
560 2126 597 2226 (²)
625 2134 787 2229 sinistris,
808 2138 916 2226 merto
940 2138 983 2209 de
1005 2137 1111 2208 ducto
1136 2157 1155 2208 e
1179 2137 1222 2208 de
1247 2141 1416 2208 tormento
1439 2138 1510 2226 rto,

341 2253 427 2347 quia
461 2254 596 2328 scilicet
628 2255 787 2329 haeretici
821 2275 956 2350 magua
987 2275 1095 2349 poena
1129 2254 1352 2348 alliciuntur,
1379 2260 1416 2329 et
1445 2275 1511 2350 per

340 2393 575 2468 consequens.
593 2374 730 2468 dolore,
757 2380 799 2447 ut
816 2374 936 2447 statim
954 2374 1107 2449 dicetur.
1120 2413 1170 2429 ·-
1182 2366 1219 2448 Sl
1235 2395 1340 2447 conw.
1359 2375 1424 2448 llic
1440 2395 1510 2449 au-

342 2501 400 2567 tor
424 2493 594 2569 describit
610 2515 757 2588 poenam
775 2494 1049 2588 lraeretioomm3
1067 2497 1131 2570 sed
1146 2502 1344 2588 antequam
1363 2495 1510 2593 veniam

338 2614 384 2686 nd
416 2615 558 2687 literam
593 2621 648 2688 est
678 2614 952 2709 praevidendum
967 2605 1005 2707 (³)
1030 2614 1129 2708 quod
1163 2615 1323 2689 lraeretici
1357 2622 1455 2691 stant
1468 2604 1506 2706 (⁴)

340 2733 478 2806 mortui
503 2734 540 2806 in
564 2735 741 2828 sepulcris
764 2735 910 2829 apertis,
935 2734 982 2810 de
1007 2735 1142 2828 quibus
1159 2734 1281 2809 exalat
1294 2727 1331 2826 (⁵)
1351 2755 1509 2831 magnus

338 2853 458 2946 ioetor,
484 2860 522 2927 et
546 2854 677 2929 ardent
693 2855 787 2951 igne.
805 2855 881 2929 lloc
897 2862 1023 2929 autem
1041 2855 1177 2951 figurat
1192 2856 1391 2948 moraliter,
1409 2856 1508 2950 quod

339 2973 497 3048 haeretici
524 2983 610 3049 sunt
634 2975 770 3049 mortui
795 2981 976 3067 quantum
994 2975 1040 3049 ad
1060 2975 1182 3068 iidem,
1208 2982 1245 3049 et
1265 2975 1429 3051 virentes
1448 2996 1508 3051 se-

338 3095 441 3188 pulti,
461 3095 549 3188 quia
565 3115 696 3170 eorum
715 3094 843 3170 vitium
861 3096 1046 3169 occultant
1064 3115 1131 3170 nec
1148 3094 1285 3171 audent
1302 3095 1507 3190 propalare,

338 3220 461 3288 tamen
486 3216 654 3309 sepulcra
679 3221 764 3288 sunt
788 3222 926 3309 aperta,
952 3215 1040 3309 quin
1065 3215 1117 3289 eis
1142 3236 1215 3288 non
1233 3220 1289 3288 est
1305 3216 1430 3291 clausa
1447 3215 1507 3293 ria

338 3332 513 3408 redeundi
538 3335 585 3409 ad
610 3335 786 3408 unitatem
813 3333 994 3428 Ecclesiae,
1019 3340 1058 3408 et
1081 3334 1276 3428 coperculo
1292 3334 1452 3428 pendent
1470 3334 1506 3407 in

334 3474 424 3529 aere
440 3475 552 3550 super
568 3475 644 3548 eos,
657 3455 744 3548 quia
757 3474 888 3529 eorum
904 3454 1018 3529 tinalis
1031 3454 1208 3530 sententia
1221 3454 1355 3549 pendet
1367 3475 1506 3548 usque-

334 3593 410 3667 quo
435 3581 520 3648 sunt
544 3575 581 3648 iu
606 3576 691 3670 vita,
718 3583 755 3650 et
779 3583 931 3671 possunt
956 3595 1154 3672 resurgere
1178 3575 1224 3650 de
1244 3575 1420 3671 sepulcris
1440 3596 1506 3671 per

335 3695 585 3790 poeniteutiam
599 3687 648 3790 (⁰),
667 3697 748 3771 ideo
765 3705 980 3771 cremantur
997 3697 1094 3793 igne,
1111 3696 1197 3791 quia
1223 3696 1270 3771 de
1294 3696 1390 3771 lacto
1415 3695 1506 3772 inci·

336 3821 513 3888 nerantur
543 3815 580 3890 in
606 3815 746 3890 mundo
770 3817 918 3910 quando
943 3825 1028 3891 sunt
1053 3817 1257 3911 pertinaces
1282 3816 1318 3892 in
1344 3837 1418 3891 non
1443 3837 1505 3893 re·

332 3935 507 4028 vocando,
534 3937 592 4010 vel
617 3936 704 4029 quia
728 3956 860 4012 eorum
887 3958 992 4012 mens
1015 3938 1093 4012 sive
1109 3938 1329 4012 couscientia
1344 3938 1451 4013 ardet
1466 3944 1506 4013 et

332 4063 464 4130 aestuat
488 4057 659 4151 interius3
686 4064 723 4133 et
747 4064 834 4131 suut
851 4059 955 4151 positi
974 4058 1076 4133 iuxta
1093 4058 1230 4133 moenin
1247 4058 1400 4133 civitatis
1416 4057 1502 4151 quia

330 4176 446 4250 vitant
469 4179 651 4252 consortia
677 4178 881 4272 hominum,
907 4185 945 4253 et
969 4186 1065 4252 stant
1081 4178 1328 4253 communiter
1344 4179 1502 4272 separati

329 4316 352 4370 a
386 4297 608 4371 comunione
636 4297 771 4371 civium
792 4288 842 4392 (⁷),
867 4299 961 4373 sicut
991 4299 1157 4375 videmus
1188 4298 1296 4372 hodie
1328 4296 1375 4373 de
1406 4297 1502 4375 tacte

390 4529 418 4589 (¹)
434 4528 459 4578 s.
476 4529 591 4581 illerum.
914 4530 943 4594 (’)
958 4530 984 4581 S.
999 4543 1016 4583 e
1030 4530 1062 4581 R.
1078 4535 1106 4585 ct
1121 4543 1136 4583 a
1152 4530 1269 4586 muttu-

390 4601 418 4665 (¹)
436 4609 489 4664 uo,
506 4606 712 4668 praenotandum.
916 4603 943 4669 (Ἴ
960 4604 991 4656 Ε.
1007 4610 1076 4657 sunt.

391 4678 419 4742 (⁸)
436 4685 490 4740 tlt,
506 4680 599 4731 exibui.

392 4755 419 4818 (·)
437 4761 490 4816 tlt,
507 4759 697 4821 penitentium:
719 4758 795 4810 letor
815 4763 903 4809 auum
923 4759 969 4820 qul
983 4759 1036 4808 exit
1052 4757 1084 4808 dc
1100 4757 1226 4822 sepulcris
1240 4761 1281 4809 ast
1295 4756 1382 4822 opinio
1396 4761 1424 4808 at
1439 4770 1499 4809 cro-

330 4833 424 4884 dulitus
440 4833 504 4885 arn
518 4849 577 4899 que
593 4837 674 4887 lnllclt
688 4849 776 4888 terem
795 4836 859 4888 idest
875 4838 980 4898 mrem
996 4835 1114 4896 ricinum,
1131 4835 1198 4887 ideo.

393 4910 419 4974 (’)
435 4910 461 4962 S.
478 4912 621 4965 hominum.
