<?xml version="1.0" encoding="UTF-8"?>
<!DOCTYPE html PUBLIC "-//W3C//DTD XHTML 1.0 Transitional//EN"
    "http://www.w3.org/TR/xhtml1/DTD/xhtml1-transitional.dtd">
<html xmlns="http://www.w3.org/1999/xhtml" xml:lang="en" lang="en">
 <head>
  <title>
</title>
<meta http-equiv="Content-Type" content="text/html;charset=utf-8" />
  <meta name='ocr-system' content='tesseract 3.04.00' />
  <meta name='ocr-capabilities' content='ocr_page ocr_carea ocr_par ocr_line ocrx_word'/>
</head>
<body>
  <div class='ocr_page' id='page_1' title='image "./comentumsuperda00benvgoog_0440.png"; bbox 0 0 4154 6546; ppageno 0'>
   <div class='ocr_carea' id='block_1_1' title="bbox 767 783 1618 849">
    <p class='ocr_par' dir='ltr' id='par_1_1' title="bbox 767 783 1618 849">
     <span class='ocr_line' id='line_1_1' title="bbox 767 783 1618 849; baseline 0 -2"><span class='ocrx_word' id='word_1_1' title='bbox 767 794 906 848; x_wconf 77' lang='lat' dir='ltr'><strong>currus</strong></span> <span class='ocrx_word' id='word_1_2' title='bbox 933 795 1088 849; x_wconf 80' lang='lat' dir='ltr'><strong>uncinus</strong></span> <span class='ocrx_word' id='word_1_3' title='bbox 1115 794 1308 849; x_wconf 78' lang='lat' dir='ltr'><strong>socundus.</strong></span> <span class='ocrx_word' id='word_1_4' title='bbox 1551 783 1618 848; x_wconf 81' lang='lat'><strong>391</strong></span> 
     </span>
    </p>
   </div>
   <div class='ocr_carea' id='block_1_2' title="bbox 449 930 1625 1998">
    <p class='ocr_par' dir='ltr' id='par_1_2' title="bbox 449 930 1625 1998">
     <span class='ocr_line' id='line_1_2' title="bbox 452 930 1625 1038; baseline -0.003 -22"><span class='ocrx_word' id='word_1_5' title='bbox 452 948 560 1038; x_wconf 80' lang='lat' dir='ltr'><strong>poeta</strong></span> <span class='ocrx_word' id='word_1_6' title='bbox 578 940 719 1016; x_wconf 86' lang='lat' dir='ltr'><strong>dicebat</strong></span> <span class='ocrx_word' id='word_1_7' title='bbox 737 939 915 1013; x_wconf 93' lang='lat' dir='ltr'><strong>mundum</strong></span> <span class='ocrx_word' id='word_1_8' title='bbox 935 959 1032 1034; x_wconf 87' lang='lat' dir='ltr'><strong>saepe</strong></span> <span class='ocrx_word' id='word_1_9' title='bbox 1049 939 1217 1035; x_wconf 81' lang='lat' dir='ltr'><strong>generari</strong></span> <span class='ocrx_word' id='word_1_10' title='bbox 1236 945 1273 1013; x_wconf 87' lang='lat' dir='ltr'><strong>et</strong></span> <span class='ocrx_word' id='word_1_11' title='bbox 1295 938 1494 1034; x_wconf 88' lang='lat' dir='ltr'><strong>corrumpi,</strong></span> <span class='ocrx_word' id='word_1_12' title='bbox 1513 940 1570 1012; x_wconf 87' lang='lat' dir='ltr'><strong>vel</strong></span> <span class='ocrx_word' id='word_1_13' title='bbox 1586 930 1625 1030; x_wconf 78' lang='lat'><strong>(¹)</strong></span> 
     </span>
     <span class='ocr_line' id='line_1_3' title="bbox 454 1060 1622 1158; baseline -0.003 -20"><span class='ocrx_word' id='word_1_14' title='bbox 454 1063 608 1138; x_wconf 82' lang='lat' dir='ltr'><strong>vocabat</strong></span> <span class='ocrx_word' id='word_1_15' title='bbox 633 1063 789 1158; x_wconf 85' lang='lat' dir='ltr'>primam</span> <span class='ocrx_word' id='word_1_16' title='bbox 817 1060 1008 1136; x_wconf 81' lang='lat' dir='ltr'><strong>materiam</strong></span> <span class='ocrx_word' id='word_1_17' title='bbox 1036 1081 1163 1134; x_wconf 92' lang='lat' dir='ltr'><strong>rerum</strong></span> <span class='ocrx_word' id='word_1_18' title='bbox 1184 1062 1307 1153; x_wconf 64' lang='lat' dir='ltr'><strong>chaos</strong></span> <span class='ocrx_word' id='word_1_19' title='bbox 1325 1061 1362 1134; x_wconf 95' lang='lat' dir='ltr'><strong>in</strong></span> <span class='ocrx_word' id='word_1_20' title='bbox 1388 1082 1500 1154; x_wconf 81' lang='lat' dir='ltr'><strong>quam</strong></span> <span class='ocrx_word' id='word_1_21' title='bbox 1522 1061 1622 1135; x_wconf 88' lang='lat' dir='ltr'><strong>dice-</strong></span> 
     </span>
     <span class='ocr_line' id='line_1_4' title="bbox 450 1181 1619 1276; baseline -0.002 -19"><span class='ocrx_word' id='word_1_22' title='bbox 450 1184 513 1257; x_wconf 81' lang='lat' dir='ltr'><strong>bat</strong></span> <span class='ocrx_word' id='word_1_23' title='bbox 533 1183 712 1256; x_wconf 91' lang='lat' dir='ltr'><strong>mundum</strong></span> <span class='ocrx_word' id='word_1_24' title='bbox 732 1182 876 1276; x_wconf 83' lang='lat' dir='ltr'><strong>resolvi,</strong></span> <span class='ocrx_word' id='word_1_25' title='bbox 896 1188 935 1255; x_wconf 94' lang='lat' dir='ltr'><strong>ut</strong></span> <span class='ocrx_word' id='word_1_26' title='bbox 952 1181 1123 1255; x_wconf 82' lang='lat' dir='ltr'><strong>scribitur</strong></span> <span class='ocrx_word' id='word_1_27' title='bbox 1140 1181 1259 1276; x_wconf 92' lang='lat' dir='ltr'><strong>primo</strong></span> <span class='ocrx_word' id='word_1_28' title='bbox 1276 1181 1525 1276; x_wconf 88' lang='lat' dir='ltr'><strong>Physicorum.</strong></span> <span class='ocrx_word' id='word_1_29' title='bbox 1546 1181 1619 1255; x_wconf 71' lang='lat' dir='ltr'><strong>llo·</strong></span> 
     </span>
     <span class='ocr_line' id='line_1_5' title="bbox 451 1293 1625 1396; baseline -0.001 -20"><span class='ocrx_word' id='word_1_30' title='bbox 451 1303 548 1377; x_wconf 84' lang='lat' dir='ltr'><strong>lebat</strong></span> <span class='ocrx_word' id='word_1_31' title='bbox 564 1293 599 1395; x_wconf 76' lang='lat'><strong>(²)</strong></span> <span class='ocrx_word' id='word_1_32' title='bbox 619 1298 725 1376; x_wconf 81' lang='lat' dir='ltr'><strong>&#39;enim</strong></span> <span class='ocrx_word' id='word_1_33' title='bbox 751 1301 986 1396; x_wconf 85' lang='lat' dir='ltr'><strong>Empedocles</strong></span> <span class='ocrx_word' id='word_1_34' title='bbox 1006 1300 1105 1394; x_wconf 90' lang='lat' dir='ltr'><strong>quod</strong></span> <span class='ocrx_word' id='word_1_35' title='bbox 1126 1301 1299 1396; x_wconf 85' lang='lat' dir='ltr'><strong>principia</strong></span> <span class='ocrx_word' id='word_1_36' title='bbox 1317 1320 1446 1373; x_wconf 88' lang='lat' dir='ltr'><strong>rerum</strong></span> <span class='ocrx_word' id='word_1_37' title='bbox 1472 1306 1625 1375; x_wconf 82' lang='lat' dir='ltr'><strong>natura-</strong></span> 
     </span>
     <span class='ocr_line' id='line_1_6' title="bbox 450 1420 1623 1515; baseline 0 -20"><span class='ocrx_word' id='word_1_38' title='bbox 450 1424 540 1496; x_wconf 87' lang='lat' dir='ltr'><strong>lium</strong></span> <span class='ocrx_word' id='word_1_39' title='bbox 571 1432 692 1497; x_wconf 85' lang='lat' dir='ltr'><strong>essent</strong></span> <span class='ocrx_word' id='word_1_40' title='bbox 717 1441 794 1515; x_wconf 85' lang='lat' dir='ltr'><strong>sex,</strong></span> <span class='ocrx_word' id='word_1_41' title='bbox 824 1421 959 1494; x_wconf 86' lang='lat' dir='ltr'><strong>scilicet</strong></span> <span class='ocrx_word' id='word_1_42' title='bbox 988 1427 1148 1513; x_wconf 81' lang='lat' dir='ltr'><strong>quatuor</strong></span> <span class='ocrx_word' id='word_1_43' title='bbox 1178 1422 1370 1514; x_wconf 77' lang='lat' dir='ltr'><strong>elementa,</strong></span> <span class='ocrx_word' id='word_1_44' title='bbox 1402 1427 1438 1494; x_wconf 90' lang='lat' dir='ltr'><strong>et</strong></span> <span class='ocrx_word' id='word_1_45' title='bbox 1467 1420 1623 1495; x_wconf 79' lang='lat' dir='ltr'>addebat</span> 
     </span>
     <span class='ocr_line' id='line_1_7' title="bbox 450 1539 1622 1636; baseline -0.004 -19"><span class='ocrx_word' id='word_1_46' title='bbox 450 1544 537 1636; x_wconf 88' lang='lat' dir='ltr'><strong>duo,</strong></span> <span class='ocrx_word' id='word_1_47' title='bbox 554 1542 690 1616; x_wconf 88' lang='lat' dir='ltr'><strong>scilicet</strong></span> <span class='ocrx_word' id='word_1_48' title='bbox 707 1561 874 1615; x_wconf 86' lang='lat' dir='ltr'><strong>amorem</strong></span> <span class='ocrx_word' id='word_1_49' title='bbox 893 1547 930 1614; x_wconf 88' lang='lat' dir='ltr'><strong>et</strong></span> <span class='ocrx_word' id='word_1_50' title='bbox 950 1539 1087 1633; x_wconf 91' lang='lat' dir='ltr'><strong>odium,</strong></span> <span class='ocrx_word' id='word_1_51' title='bbox 1109 1539 1186 1614; x_wconf 90' lang='lat' dir='ltr'><strong>sive</strong></span> <span class='ocrx_word' id='word_1_52' title='bbox 1205 1540 1437 1614; x_wconf 86' lang='lat' dir='ltr'><strong>concordiam</strong></span> <span class='ocrx_word' id='word_1_53' title='bbox 1456 1548 1494 1614; x_wconf 86' lang='lat' dir='ltr'><strong>et</strong></span> <span class='ocrx_word' id='word_1_54' title='bbox 1511 1540 1622 1615; x_wconf 88' lang='lat' dir='ltr'><strong>litem.</strong></span> 
     </span>
     <span class='ocr_line' id='line_1_8' title="bbox 449 1660 1623 1754; baseline -0.004 -17"><span class='ocrx_word' id='word_1_55' title='bbox 449 1664 563 1737; x_wconf 85' lang='lat' dir='ltr'><strong>Amor</strong></span> <span class='ocrx_word' id='word_1_56' title='bbox 581 1670 618 1738; x_wconf 87' lang='lat' dir='ltr'><strong>et</strong></span> <span class='ocrx_word' id='word_1_57' title='bbox 634 1660 827 1735; x_wconf 86' lang='lat' dir='ltr'><strong>concordia</strong></span> <span class='ocrx_word' id='word_1_58' title='bbox 845 1668 926 1734; x_wconf 82' lang='lat' dir='ltr'><strong>erut</strong></span> <span class='ocrx_word' id='word_1_59' title='bbox 947 1661 1094 1754; x_wconf 82' lang='lat' dir='ltr'><strong>quando</strong></span> <span class='ocrx_word' id='word_1_60' title='bbox 1112 1661 1235 1734; x_wconf 85' lang='lat' dir='ltr'><strong>omnia</strong></span> <span class='ocrx_word' id='word_1_61' title='bbox 1252 1668 1358 1736; x_wconf 85' lang='lat' dir='ltr'><strong>erant</strong></span> <span class='ocrx_word' id='word_1_62' title='bbox 1375 1661 1484 1734; x_wconf 92' lang='lat' dir='ltr'><strong>simul</strong></span> <span class='ocrx_word' id='word_1_63' title='bbox 1501 1661 1623 1734; x_wconf 92' lang='lat' dir='ltr'><strong>incor-</strong></span> 
     </span>
     <span class='ocr_line' id='line_1_9' title="bbox 450 1772 1623 1879; baseline -0.003 -22"><span class='ocrx_word' id='word_1_64' title='bbox 450 1788 577 1879; x_wconf 83' lang='lat' dir='ltr'><strong>porata</strong></span> <span class='ocrx_word' id='word_1_65' title='bbox 604 1783 639 1855; x_wconf 92' lang='lat' dir='ltr'><strong>in</strong></span> <span class='ocrx_word' id='word_1_66' title='bbox 667 1803 741 1854; x_wconf 84' lang='lat' dir='ltr'><strong>una</strong></span> <span class='ocrx_word' id='word_1_67' title='bbox 755 1772 792 1873; x_wconf 85' lang='lat'><strong>(³)</strong></span> <span class='ocrx_word' id='word_1_68' title='bbox 812 1800 933 1854; x_wconf 86' lang='lat' dir='ltr'><strong>massa</strong></span> <span class='ocrx_word' id='word_1_69' title='bbox 950 1781 1027 1853; x_wconf 90' lang='lat' dir='ltr'><strong>sine</strong></span> <span class='ocrx_word' id='word_1_70' title='bbox 1047 1781 1170 1875; x_wconf 84' lang='lat' dir='ltr'><strong>aliqua</strong></span> <span class='ocrx_word' id='word_1_71' title='bbox 1187 1781 1319 1874; x_wconf 81' lang='lat' dir='ltr'><strong>forma,</strong></span> <span class='ocrx_word' id='word_1_72' title='bbox 1337 1781 1384 1854; x_wconf 78' lang='lat' dir='ltr'><strong>ita</strong></span> <span class='ocrx_word' id='word_1_73' title='bbox 1403 1779 1501 1874; x_wconf 87' lang='lat' dir='ltr'><strong>quod</strong></span> <span class='ocrx_word' id='word_1_74' title='bbox 1519 1801 1623 1874; x_wconf 80' lang='lat' dir='ltr'><strong>quae-</strong></span> 
     </span>
     <span class='ocr_line' id='line_1_10' title="bbox 451 1900 1625 1998; baseline -0.001 -22"><span class='ocrx_word' id='word_1_75' title='bbox 451 1904 538 1976; x_wconf 88' lang='lat' dir='ltr'><strong>libet</strong></span> <span class='ocrx_word' id='word_1_76' title='bbox 562 1924 647 1998; x_wconf 85' lang='lat' dir='ltr'><strong>pars</strong></span> <span class='ocrx_word' id='word_1_77' title='bbox 672 1908 782 1975; x_wconf 82' lang='lat' dir='ltr'><strong>terrae</strong></span> <span class='ocrx_word' id='word_1_78' title='bbox 808 1907 890 1975; x_wconf 85' lang='lat' dir='ltr'><strong>erat</strong></span> <span class='ocrx_word' id='word_1_79' title='bbox 906 1900 943 1974; x_wconf 91' lang='lat' dir='ltr'><strong>in</strong></span> <span class='ocrx_word' id='word_1_80' title='bbox 960 1900 1122 1994; x_wconf 86' lang='lat' dir='ltr'><strong>qualibet</strong></span> <span class='ocrx_word' id='word_1_81' title='bbox 1138 1906 1242 1994; x_wconf 83' lang='lat' dir='ltr'><strong>parte</strong></span> <span class='ocrx_word' id='word_1_82' title='bbox 1261 1920 1381 1995; x_wconf 82' lang='lat' dir='ltr'><strong>uquae,</strong></span> <span class='ocrx_word' id='word_1_83' title='bbox 1398 1908 1436 1975; x_wconf 86' lang='lat' dir='ltr'><strong>el</strong></span> <span class='ocrx_word' id='word_1_84' title='bbox 1452 1901 1625 1997; x_wconf 87' lang='lat' dir='ltr'><strong>quaelibet</strong></span> 
     </span>
    </p>
   </div>
   <div class='ocr_carea' id='block_1_3' title="bbox 347 2021 1624 2119">
    <p class='ocr_par' dir='ltr' id='par_1_3' title="bbox 347 2021 1624 2119">
     <span class='ocr_line' id='line_1_11' title="bbox 347 2021 1624 2119; baseline -0.001 -22"><span class='ocrx_word' id='word_1_85' title='bbox 347 2046 351 2055; x_wconf 56' lang='lat'><em>¹</em></span> <span class='ocrx_word' id='word_1_86' title='bbox 451 2045 535 2119; x_wconf 84' lang='lat' dir='ltr'><strong>pars</strong></span> <span class='ocrx_word' id='word_1_87' title='bbox 560 2022 656 2097; x_wconf 86' lang='lat' dir='ltr'><strong>aeris</strong></span> <span class='ocrx_word' id='word_1_88' title='bbox 682 2028 761 2096; x_wconf 85' lang='lat' dir='ltr'><strong>erat</strong></span> <span class='ocrx_word' id='word_1_89' title='bbox 786 2021 824 2096; x_wconf 93' lang='lat' dir='ltr'><strong>iu</strong></span> <span class='ocrx_word' id='word_1_90' title='bbox 849 2021 1009 2115; x_wconf 85' lang='lat' dir='ltr'><strong>qualibet</strong></span> <span class='ocrx_word' id='word_1_91' title='bbox 1035 2026 1138 2116; x_wconf 84' lang='lat' dir='ltr'><strong>parte</strong></span> <span class='ocrx_word' id='word_1_92' title='bbox 1163 2021 1268 2116; x_wconf 82' lang='lat' dir='ltr'><strong>iguis,</strong></span> <span class='ocrx_word' id='word_1_93' title='bbox 1286 2028 1323 2095; x_wconf 93' lang='lat' dir='ltr'><strong>et</strong></span> <span class='ocrx_word' id='word_1_94' title='bbox 1343 2022 1515 2115; x_wconf 84' lang='lat' dir='ltr'><strong>quaelibet</strong></span> <span class='ocrx_word' id='word_1_95' title='bbox 1539 2043 1624 2117; x_wconf 82' lang='lat' dir='ltr'><strong>pars</strong></span> 
     </span>
    </p>
   </div>
   <div class='ocr_carea' id='block_1_4' title="bbox 447 2140 1625 4814">
    <p class='ocr_par' dir='ltr' id='par_1_4' title="bbox 447 2140 1625 4401">
     <span class='ocr_line' id='line_1_12' title="bbox 450 2140 1623 2237; baseline -0.002 -20"><span class='ocrx_word' id='word_1_96' title='bbox 450 2143 570 2217; x_wconf 87' lang='lat' dir='ltr'><strong>carnis</strong></span> <span class='ocrx_word' id='word_1_97' title='bbox 608 2149 689 2216; x_wconf 85' lang='lat' dir='ltr'><strong>erat</strong></span> <span class='ocrx_word' id='word_1_98' title='bbox 726 2141 763 2214; x_wconf 95' lang='lat' dir='ltr'><strong>in</strong></span> <span class='ocrx_word' id='word_1_99' title='bbox 801 2140 962 2234; x_wconf 85' lang='lat' dir='ltr'><strong>qualibet</strong></span> <span class='ocrx_word' id='word_1_100' title='bbox 999 2151 1102 2235; x_wconf 84' lang='lat' dir='ltr'><strong>parte</strong></span> <span class='ocrx_word' id='word_1_101' title='bbox 1136 2141 1238 2233; x_wconf 87' lang='lat' dir='ltr'><strong>ossis,</strong></span> <span class='ocrx_word' id='word_1_102' title='bbox 1268 2148 1306 2215; x_wconf 91' lang='lat' dir='ltr'><strong>et</strong></span> <span class='ocrx_word' id='word_1_103' title='bbox 1335 2141 1505 2235; x_wconf 84' lang='lat' dir='ltr'><strong>quaelibet</strong></span> <span class='ocrx_word' id='word_1_104' title='bbox 1539 2163 1623 2237; x_wconf 82' lang='lat' dir='ltr'><strong>pars</strong></span> 
     </span>
     <span class='ocr_line' id='line_1_13' title="bbox 453 2259 1623 2357; baseline 0.002 -20"><span class='ocrx_word' id='word_1_105' title='bbox 453 2263 543 2337; x_wconf 88' lang='lat' dir='ltr'><strong>ossis</strong></span> <span class='ocrx_word' id='word_1_106' title='bbox 569 2262 711 2337; x_wconf 88' lang='lat' dir='ltr'><strong>eratin</strong></span> <span class='ocrx_word' id='word_1_107' title='bbox 737 2260 897 2355; x_wconf 86' lang='lat' dir='ltr'><strong>qualibet</strong></span> <span class='ocrx_word' id='word_1_108' title='bbox 923 2267 1026 2355; x_wconf 85' lang='lat' dir='ltr'><strong>parte</strong></span> <span class='ocrx_word' id='word_1_109' title='bbox 1059 2259 1189 2354; x_wconf 84' lang='lat' dir='ltr'><strong>curnis,</strong></span> <span class='ocrx_word' id='word_1_110' title='bbox 1222 2268 1260 2335; x_wconf 86' lang='lat' dir='ltr'><strong>et</strong></span> <span class='ocrx_word' id='word_1_111' title='bbox 1284 2261 1334 2335; x_wconf 77' lang='lat' dir='ltr'><strong>ita</strong></span> <span class='ocrx_word' id='word_1_112' title='bbox 1364 2262 1411 2335; x_wconf 93' lang='lat' dir='ltr'><strong>de</strong></span> <span class='ocrx_word' id='word_1_113' title='bbox 1441 2262 1623 2357; x_wconf 71' lang='lat' dir='ltr'><strong>aliis3&#39;ita</strong></span> 
     </span>
     <span class='ocr_line' id='line_1_14' title="bbox 453 2371 1624 2477; baseline 0.001 -22"><span class='ocrx_word' id='word_1_114' title='bbox 453 2383 550 2477; x_wconf 90' lang='lat' dir='ltr'><strong>quod</strong></span> <span class='ocrx_word' id='word_1_115' title='bbox 583 2382 744 2457; x_wconf 84' lang='lat' dir='ltr'><strong>breviter</strong></span> <span class='ocrx_word' id='word_1_116' title='bbox 780 2380 901 2455; x_wconf 86' lang='lat' dir='ltr'><strong>omnia</strong></span> <span class='ocrx_word' id='word_1_117' title='bbox 943 2387 1048 2455; x_wconf 85' lang='lat' dir='ltr'><strong>orant</strong></span> <span class='ocrx_word' id='word_1_118' title='bbox 1080 2380 1117 2453; x_wconf 95' lang='lat' dir='ltr'><strong>in</strong></span> <span class='ocrx_word' id='word_1_119' title='bbox 1149 2381 1300 2456; x_wconf 85' lang='lat' dir='ltr'><strong>coniuso</strong></span> <span class='ocrx_word' id='word_1_120' title='bbox 1327 2371 1363 2474; x_wconf 77' lang='lat'><strong>(⁴)</strong></span> <span class='ocrx_word' id='word_1_121' title='bbox 1404 2403 1544 2455; x_wconf 92' lang='lat' dir='ltr'><strong>unum:</strong></span> <span class='ocrx_word' id='word_1_122' title='bbox 1581 2382 1624 2456; x_wconf 93' lang='lat' dir='ltr'><strong>lis</strong></span> 
     </span>
     <span class='ocr_line' id='line_1_15' title="bbox 451 2493 1621 2594; baseline -0.001 -18"><span class='ocrx_word' id='word_1_123' title='bbox 451 2524 542 2578; x_wconf 86' lang='lat' dir='ltr'><strong>vero</strong></span> <span class='ocrx_word' id='word_1_124' title='bbox 567 2502 644 2577; x_wconf 84' lang='lat' dir='ltr'><strong>sive</strong></span> <span class='ocrx_word' id='word_1_125' title='bbox 669 2501 793 2575; x_wconf 95' lang='lat' dir='ltr'><strong>odium</strong></span> <span class='ocrx_word' id='word_1_126' title='bbox 821 2508 901 2574; x_wconf 83' lang='lat' dir='ltr'><strong>erat</strong></span> <span class='ocrx_word' id='word_1_127' title='bbox 918 2500 1064 2594; x_wconf 82' lang='lat' dir='ltr'><strong>quando</strong></span> <span class='ocrx_word' id='word_1_128' title='bbox 1082 2501 1205 2575; x_wconf 86' lang='lat' dir='ltr'><strong>omnia</strong></span> <span class='ocrx_word' id='word_1_129' title='bbox 1223 2508 1328 2576; x_wconf 79' lang='lat' dir='ltr'><strong>erant</strong></span> <span class='ocrx_word' id='word_1_130' title='bbox 1345 2502 1392 2575; x_wconf 84' lang='lat' dir='ltr'><strong>ab</strong></span> <span class='ocrx_word' id='word_1_131' title='bbox 1412 2493 1449 2594; x_wconf 81' lang='lat'><strong>(⁵)</strong></span> <span class='ocrx_word' id='word_1_132' title='bbox 1467 2502 1621 2576; x_wconf 85' lang='lat' dir='ltr'><strong>invicem</strong></span> 
     </span>
     <span class='ocr_line' id='line_1_16' title="bbox 451 2621 1624 2718; baseline -0.002 -20"><span class='ocrx_word' id='word_1_133' title='bbox 451 2624 618 2699; x_wconf 83' lang='lat' dir='ltr'><strong>distincta</strong></span> <span class='ocrx_word' id='word_1_134' title='bbox 635 2630 672 2697; x_wconf 91' lang='lat' dir='ltr'><strong>et</strong></span> <span class='ocrx_word' id='word_1_135' title='bbox 689 2628 866 2718; x_wconf 82' lang='lat' dir='ltr'><strong>separato.</strong></span> <span class='ocrx_word' id='word_1_136' title='bbox 885 2622 938 2695; x_wconf 75' lang='lat' dir='ltr'><strong>dd</strong></span> <span class='ocrx_word' id='word_1_137' title='bbox 956 2621 1179 2716; x_wconf 92' lang='lat' dir='ltr'><strong>propositum</strong></span> <span class='ocrx_word' id='word_1_138' title='bbox 1197 2642 1289 2718; x_wconf 81' lang='lat' dir='ltr'><strong>ergo</strong></span> <span class='ocrx_word' id='word_1_139' title='bbox 1308 2624 1388 2699; x_wconf 80' lang='lat' dir='ltr'><strong>rull</strong></span> <span class='ocrx_word' id='word_1_140' title='bbox 1403 2622 1525 2698; x_wconf 82' lang='lat' dir='ltr'><strong>dicere</strong></span> <span class='ocrx_word' id='word_1_141' title='bbox 1542 2623 1624 2697; x_wconf 87' lang='lat' dir='ltr'><strong>llir-</strong></span> 
     </span>
     <span class='ocr_line' id='line_1_17' title="bbox 451 2741 1624 2841; baseline 0 -24"><span class='ocrx_word' id='word_1_142' title='bbox 451 2745 578 2841; x_wconf 77' lang='lat' dir='ltr'><strong>gilius:</strong></span> <span class='ocrx_word' id='word_1_143' title='bbox 606 2764 676 2839; x_wconf 84' lang='lat' dir='ltr'><strong>ego</strong></span> <span class='ocrx_word' id='word_1_144' title='bbox 706 2741 840 2816; x_wconf 89' lang='lat' dir='ltr'><strong>credidi</strong></span> <span class='ocrx_word' id='word_1_145' title='bbox 870 2743 969 2836; x_wconf 84' lang='lat' dir='ltr'><strong>quod</strong></span> <span class='ocrx_word' id='word_1_146' title='bbox 994 2743 1159 2817; x_wconf 85' lang='lat' dir='ltr'><strong>eveniret</strong></span> <span class='ocrx_word' id='word_1_147' title='bbox 1185 2763 1321 2817; x_wconf 85' lang='lat' dir='ltr'><strong>novum</strong></span> <span class='ocrx_word' id='word_1_148' title='bbox 1353 2744 1464 2818; x_wconf 88' lang='lat' dir='ltr'><strong>chaos</strong></span> <span class='ocrx_word' id='word_1_149' title='bbox 1491 2764 1624 2819; x_wconf 87' lang='lat' dir='ltr'><strong>secun-</strong></span> 
     </span>
     <span class='ocr_line' id='line_1_18' title="bbox 449 2862 1625 2958; baseline -0.002 -18"><span class='ocrx_word' id='word_1_150' title='bbox 449 2866 537 2940; x_wconf 91' lang='lat' dir='ltr'><strong>dum</strong></span> <span class='ocrx_word' id='word_1_151' title='bbox 564 2864 770 2958; x_wconf 88' lang='lat' dir='ltr'><strong>opinionem</strong></span> <span class='ocrx_word' id='word_1_152' title='bbox 796 2862 1032 2957; x_wconf 86' lang='lat' dir='ltr'><strong>Empedoclis.</strong></span> <span class='ocrx_word' id='word_1_153' title='bbox 1059 2864 1163 2937; x_wconf 90' lang='lat' dir='ltr'><strong>Nunc</strong></span> <span class='ocrx_word' id='word_1_154' title='bbox 1188 2864 1234 2938; x_wconf 83' lang='lat' dir='ltr'><strong>ad</strong></span> <span class='ocrx_word' id='word_1_155' title='bbox 1265 2865 1406 2939; x_wconf 86' lang='lat' dir='ltr'><strong>literam</strong></span> <span class='ocrx_word' id='word_1_156' title='bbox 1436 2864 1522 2939; x_wconf 85' lang='lat' dir='ltr'><strong>dicit</strong></span> <span class='ocrx_word' id='word_1_157' title='bbox 1542 2865 1625 2938; x_wconf 91' lang='lat' dir='ltr'><strong>Vir-</strong></span> 
     </span>
     <span class='ocr_line' id='line_1_19' title="bbox 447 2983 1623 3082; baseline 0.002 -25"><span class='ocrx_word' id='word_1_158' title='bbox 447 2986 579 3082; x_wconf 79' lang='lat' dir='ltr'><strong>gilius:</strong></span> <span class='ocrx_word' id='word_1_159' title='bbox 611 2987 714 3057; x_wconf 82' lang='lat' dir='ltr'><strong>l’ollo</strong></span> <span class='ocrx_word' id='word_1_160' title='bbox 740 2985 829 3057; x_wconf 85' lang='lat' dir='ltr'><strong>oolle</strong></span> <span class='ocrx_word' id='word_1_161' title='bbox 854 2986 950 3077; x_wconf 78' lang='lat' dir='ltr'><strong>sedo,</strong></span> <span class='ocrx_word' id='word_1_162' title='bbox 981 2983 1072 3057; x_wconf 87' lang='lat' dir='ltr'><strong>idest</strong></span> <span class='ocrx_word' id='word_1_163' title='bbox 1101 2984 1280 3078; x_wconf 80' lang='lat' dir='ltr'><strong>profunda</strong></span> <span class='ocrx_word' id='word_1_164' title='bbox 1311 2986 1412 3058; x_wconf 84' lang='lat' dir='ltr'><strong>vallis</strong></span> <span class='ocrx_word' id='word_1_165' title='bbox 1438 2985 1623 3060; x_wconf 77' lang='lat' dir='ltr'><strong>infernalis</strong></span> 
     </span>
     <span class='ocr_line' id='line_1_20' title="bbox 449 3095 1624 3200; baseline 0.002 -21"><span class='ocrx_word' id='word_1_166' title='bbox 449 3105 577 3200; x_wconf 84' lang='lat' dir='ltr'><strong>turpis,</strong></span> <span class='ocrx_word' id='word_1_167' title='bbox 604 3095 714 3178; x_wconf 85' lang='lat' dir='ltr'><strong>tromd</strong></span> <span class='ocrx_word' id='word_1_168' title='bbox 737 3095 767 3176; x_wconf 76' lang='lat' dir='ltr'><strong>sl</strong></span> <span class='ocrx_word' id='word_1_169' title='bbox 789 3106 882 3195; x_wconf 79' lang='lat' dir='ltr'><strong>sorte</strong></span> <span class='ocrx_word' id='word_1_170' title='bbox 906 3106 955 3176; x_wconf 87' lang='lat' dir='ltr'><strong>do</strong></span> <span class='ocrx_word' id='word_1_171' title='bbox 979 3107 1063 3194; x_wconf 74' lang='lat' dir='ltr'><strong>opud</strong></span> <span class='ocrx_word' id='word_1_172' title='bbox 1084 3111 1200 3195; x_wconf 81' lang='lat' dir='ltr'><strong>porto,</strong></span> <span class='ocrx_word' id='word_1_173' title='bbox 1227 3104 1318 3178; x_wconf 87' lang='lat' dir='ltr'><strong>idest</strong></span> <span class='ocrx_word' id='word_1_174' title='bbox 1338 3104 1476 3198; x_wconf 87' lang='lat' dir='ltr'><strong>ubique</strong></span> <span class='ocrx_word' id='word_1_175' title='bbox 1502 3111 1624 3181; x_wconf 83' lang='lat' dir='ltr'><strong>terra-</strong></span> 
     </span>
     <span class='ocr_line' id='line_1_21' title="bbox 452 3225 1622 3320; baseline -0.002 -20"><span class='ocrx_word' id='word_1_176' title='bbox 452 3248 536 3300; x_wconf 90' lang='lat' dir='ltr'><strong>rum</strong></span> <span class='ocrx_word' id='word_1_177' title='bbox 562 3231 711 3320; x_wconf 91' lang='lat' dir='ltr'><strong>proptor</strong></span> <span class='ocrx_word' id='word_1_178' title='bbox 746 3228 998 3298; x_wconf 85' lang='lat' dir='ltr'><strong>terraemolum</strong></span> <span class='ocrx_word' id='word_1_179' title='bbox 1032 3243 1210 3319; x_wconf 83' lang='lat' dir='ltr'><strong>magnum</strong></span> <span class='ocrx_word' id='word_1_180' title='bbox 1241 3225 1305 3319; x_wconf 91' lang='lat' dir='ltr'><strong>qui</strong></span> <span class='ocrx_word' id='word_1_181' title='bbox 1330 3225 1397 3298; x_wconf 90' lang='lat' dir='ltr'><strong>suit</strong></span> <span class='ocrx_word' id='word_1_182' title='bbox 1424 3232 1511 3300; x_wconf 86' lang='lat' dir='ltr'><strong>lunc</strong></span> <span class='ocrx_word' id='word_1_183' title='bbox 1536 3245 1622 3300; x_wconf 86' lang='lat' dir='ltr'><strong>cum</strong></span> 
     </span>
     <span class='ocr_line' id='line_1_22' title="bbox 449 3343 1623 3442; baseline -0.003 -19"><span class='ocrx_word' id='word_1_184' title='bbox 449 3346 570 3442; x_wconf 80' lang='lat' dir='ltr'><strong>eclipsi</strong></span> <span class='ocrx_word' id='word_1_185' title='bbox 590 3346 675 3420; x_wconf 87' lang='lat' dir='ltr'><strong>solis</strong></span> <span class='ocrx_word' id='word_1_186' title='bbox 701 3351 738 3419; x_wconf 87' lang='lat' dir='ltr'><strong>et</strong></span> <span class='ocrx_word' id='word_1_187' title='bbox 761 3344 840 3418; x_wconf 80' lang='lat' dir='ltr'><strong>aliis</strong></span> <span class='ocrx_word' id='word_1_188' title='bbox 864 3343 1046 3439; x_wconf 81' lang='lat' dir='ltr'><strong>prodigiis,</strong></span> <span class='ocrx_word' id='word_1_189' title='bbox 1072 3347 1170 3418; x_wconf 71' lang='lat' dir='ltr'><strong>clito</strong></span> <span class='ocrx_word' id='word_1_190' title='bbox 1192 3348 1318 3438; x_wconf 72' lang='lat' dir='ltr'><strong>pensu</strong></span> <span class='ocrx_word' id='word_1_191' title='bbox 1339 3349 1400 3419; x_wconf 72' lang='lat' dir='ltr'><strong>clue</strong></span> <span class='ocrx_word' id='word_1_192' title='bbox 1424 3349 1447 3420; x_wconf 76' lang='lat' dir='ltr'><strong>l</strong></span> <span class='ocrx_word' id='word_1_193' title='bbox 1459 3348 1623 3419; x_wconf 75' lang='lat' dir='ltr'><strong>urriocrso</strong></span> 
     </span>
     <span class='ocr_line' id='line_1_23' title="bbox 447 3463 1624 3556; baseline -0.002 -15"><span class='ocrx_word' id='word_1_194' title='bbox 447 3470 587 3541; x_wconf 64' lang='lat' dir='ltr'><strong>smosse</strong></span> <span class='ocrx_word' id='word_1_195' title='bbox 611 3486 727 3555; x_wconf 83' lang='lat' dir='ltr'><strong>amor,</strong></span> <span class='ocrx_word' id='word_1_196' title='bbox 753 3464 845 3538; x_wconf 87' lang='lat' dir='ltr'><strong>idest</strong></span> <span class='ocrx_word' id='word_1_197' title='bbox 870 3463 967 3556; x_wconf 90' lang='lat' dir='ltr'><strong>quod</strong></span> <span class='ocrx_word' id='word_1_198' title='bbox 993 3463 1115 3538; x_wconf 84' lang='lat' dir='ltr'><strong>omnia</strong></span> <span class='ocrx_word' id='word_1_199' title='bbox 1133 3464 1400 3540; x_wconf 84' lang='lat' dir='ltr'><strong>reducerentur</strong></span> <span class='ocrx_word' id='word_1_200' title='bbox 1417 3472 1454 3540; x_wconf 91' lang='lat' dir='ltr'><strong>ot</strong></span> <span class='ocrx_word' id='word_1_201' title='bbox 1470 3465 1624 3540; x_wconf 91' lang='lat' dir='ltr'><strong>ooniuu-</strong></span> 
     </span>
     <span class='ocr_line' id='line_1_24' title="bbox 447 3577 1623 3684; baseline -0.003 -23"><span class='ocrx_word' id='word_1_202' title='bbox 447 3592 624 3684; x_wconf 83' lang='lat' dir='ltr'><strong>gerentur</strong></span> <span class='ocrx_word' id='word_1_203' title='bbox 642 3577 689 3677; x_wconf 68' lang='lat'><strong>(⁶),</strong></span> <span class='ocrx_word' id='word_1_204' title='bbox 709 3584 746 3656; x_wconf 95' lang='lat' dir='ltr'><strong>in</strong></span> <span class='ocrx_word' id='word_1_205' title='bbox 779 3603 896 3656; x_wconf 91' lang='lat' dir='ltr'><strong>uuum</strong></span> <span class='ocrx_word' id='word_1_206' title='bbox 933 3603 999 3677; x_wconf 97' lang='lat' dir='ltr'><strong>per</strong></span> <span class='ocrx_word' id='word_1_207' title='bbox 1035 3604 1203 3658; x_wconf 81' lang='lat' dir='ltr'><strong>umorem</strong></span> <span class='ocrx_word' id='word_1_208' title='bbox 1238 3586 1456 3680; x_wconf 81' lang='lat' dir='ltr'><strong>naturalem,</strong></span> <span class='ocrx_word' id='word_1_209' title='bbox 1470 3607 1552 3679; x_wconf 63' lang='lat' dir='ltr'><strong>‘per</strong></span> <span class='ocrx_word' id='word_1_210' title='bbox 1588 3589 1623 3659; x_wconf 90' lang='lat' dir='ltr'><strong>lo</strong></span> 
     </span>
     <span class='ocr_line' id='line_1_25' title="bbox 448 3699 1622 3801; baseline -0.002 -21"><span class='ocrx_word' id='word_1_211' title='bbox 448 3709 544 3800; x_wconf 82' lang='lat' dir='ltr'><strong>qual,</strong></span> <span class='ocrx_word' id='word_1_212' title='bbox 570 3705 704 3779; x_wconf 87' lang='lat' dir='ltr'><strong>scilicet</strong></span> <span class='ocrx_word' id='word_1_213' title='bbox 728 3722 908 3796; x_wconf 84' lang='lat' dir='ltr'><strong>umorem,</strong></span> <span class='ocrx_word' id='word_1_214' title='bbox 925 3699 963 3777; x_wconf 82' lang='lat' dir='ltr'><strong>de</strong></span> <span class='ocrx_word' id='word_1_215' title='bbox 985 3704 1040 3775; x_wconf 81' lang='lat' dir='ltr'><strong>cli</strong></span> <span class='ocrx_word' id='word_1_216' title='bbox 1063 3707 1184 3795; x_wconf 69' lang='lat' dir='ltr'><strong>medo,</strong></span> <span class='ocrx_word' id='word_1_217' title='bbox 1209 3704 1300 3778; x_wconf 87' lang='lat' dir='ltr'><strong>idest</strong></span> <span class='ocrx_word' id='word_1_218' title='bbox 1324 3707 1505 3801; x_wconf 85' lang='lat' dir='ltr'><strong>opinetur,</strong></span> <span class='ocrx_word' id='word_1_219' title='bbox 1526 3706 1622 3780; x_wconf 85' lang='lat' dir='ltr'><strong>scili-</strong></span> 
     </span>
     <span class='ocr_line' id='line_1_26' title="bbox 448 3825 1621 3920; baseline -0.001 -18"><span class='ocrx_word' id='word_1_220' title='bbox 448 3834 507 3902; x_wconf 86' lang='lat' dir='ltr'><strong>cet</strong></span> <span class='ocrx_word' id='word_1_221' title='bbox 531 3825 778 3920; x_wconf 78' lang='lat' dir='ltr'><strong>Empedocles,</strong></span> <span class='ocrx_word' id='word_1_222' title='bbox 795 3827 828 3896; x_wconf 86' lang='lat' dir='ltr'><strong>el</strong></span> <span class='ocrx_word' id='word_1_223' title='bbox 851 3826 979 3896; x_wconf 74' lang='lat' dir='ltr'><strong>mortdo</strong></span> <span class='ocrx_word' id='word_1_224' title='bbox 1004 3844 1186 3916; x_wconf 82' lang='lat' dir='ltr'><strong>converso,</strong></span> <span class='ocrx_word' id='word_1_225' title='bbox 1205 3825 1294 3898; x_wconf 89' lang='lat' dir='ltr'><strong>idest</strong></span> <span class='ocrx_word' id='word_1_226' title='bbox 1312 3827 1492 3900; x_wconf 93' lang='lat' dir='ltr'><strong>mundum</strong></span> <span class='ocrx_word' id='word_1_227' title='bbox 1511 3828 1621 3903; x_wconf 84' lang='lat' dir='ltr'><strong>luisse</strong></span> 
     </span>
     <span class='ocr_line' id='line_1_27' title="bbox 450 3938 1621 4038; baseline 0.001 -18"><span class='ocrx_word' id='word_1_228' title='bbox 450 3966 683 4038; x_wconf 81' lang='lat' dir='ltr'><strong>conversum,</strong></span> <span class='ocrx_word' id='word_1_229' title='bbox 716 3947 754 4015; x_wconf 84' lang='lat' dir='ltr'><strong>io</strong></span> <span class='ocrx_word' id='word_1_230' title='bbox 783 3964 866 4015; x_wconf 85' lang='lat' dir='ltr'><strong>coos</strong></span> <span class='ocrx_word' id='word_1_231' title='bbox 890 3938 955 4035; x_wconf 83' lang='lat' dir='ltr'><strong>ptd</strong></span> <span class='ocrx_word' id='word_1_232' title='bbox 981 3947 1087 4016; x_wconf 80' lang='lat' dir='ltr'><strong>volte:</strong></span> <span class='ocrx_word' id='word_1_233' title='bbox 1111 3950 1149 4017; x_wconf 86' lang='lat' dir='ltr'><strong>el</strong></span> <span class='ocrx_word' id='word_1_234' title='bbox 1181 3944 1274 4018; x_wconf 87' lang='lat' dir='ltr'><strong>istud</strong></span> <span class='ocrx_word' id='word_1_235' title='bbox 1313 3953 1367 4020; x_wconf 87' lang='lat' dir='ltr'><strong>est</strong></span> <span class='ocrx_word' id='word_1_236' title='bbox 1398 3947 1485 4020; x_wconf 94' lang='lat' dir='ltr'><strong>illud</strong></span> <span class='ocrx_word' id='word_1_237' title='bbox 1511 3949 1621 4021; x_wconf 85' lang='lat' dir='ltr'><strong>chaos</strong></span> 
     </span>
     <span class='ocr_line' id='line_1_28' title="bbox 448 4062 1619 4160; baseline -0.001 -21"><span class='ocrx_word' id='word_1_238' title='bbox 448 4066 548 4160; x_wconf 88' lang='lat' dir='ltr'><strong>quod</strong></span> <span class='ocrx_word' id='word_1_239' title='bbox 573 4063 744 4140; x_wconf 89' lang='lat' dir='ltr'><strong>describit</strong></span> <span class='ocrx_word' id='word_1_240' title='bbox 775 4063 923 4137; x_wconf 84' lang='lat' dir='ltr'><strong>ovidius</strong></span> <span class='ocrx_word' id='word_1_241' title='bbox 957 4062 994 4135; x_wconf 93' lang='lat' dir='ltr'><strong>in</strong></span> <span class='ocrx_word' id='word_1_242' title='bbox 1026 4062 1200 4157; x_wconf 90' lang='lat' dir='ltr'><strong>principio</strong></span> <span class='ocrx_word' id='word_1_243' title='bbox 1230 4063 1389 4160; x_wconf 83' lang='lat' dir='ltr'><strong>maioris,</strong></span> <span class='ocrx_word' id='word_1_244' title='bbox 1418 4066 1482 4139; x_wconf 91' lang='lat' dir='ltr'><strong>ubi</strong></span> <span class='ocrx_word' id='word_1_245' title='bbox 1512 4066 1619 4141; x_wconf 88' lang='lat' dir='ltr'><strong>dicit:</strong></span> 
     </span>
     <span class='ocr_line' id='line_1_29' title="bbox 510 4185 1621 4277; baseline 0.002 -17.894"><span class='ocrx_word' id='word_1_246' title='bbox 510 4206 595 4258; x_wconf 82' lang='lat' dir='ltr'><strong>nom</strong></span> <span class='ocrx_word' id='word_1_247' title='bbox 611 4205 760 4277; x_wconf 80' lang='lat' dir='ltr'><strong>empore</strong></span> <span class='ocrx_word' id='word_1_248' title='bbox 775 4187 813 4256; x_wconf 85' lang='lat' dir='ltr'><strong>io</strong></span> <span class='ocrx_word' id='word_1_249' title='bbox 830 4204 900 4256; x_wconf 84' lang='lat' dir='ltr'><strong>uno</strong></span> <span class='ocrx_word' id='word_1_250' title='bbox 917 4185 1065 4274; x_wconf 74' lang='lat' dir='ltr'><strong>Friyido</strong></span> <span class='ocrx_word' id='word_1_251' title='bbox 1085 4186 1294 4276; x_wconf 82' lang='lat' dir='ltr'><strong>pupnodont</strong></span> <span class='ocrx_word' id='word_1_252' title='bbox 1309 4189 1431 4260; x_wconf 79' lang='lat' dir='ltr'><strong>calidis</strong></span> <span class='ocrx_word' id='word_1_253' title='bbox 1446 4189 1621 4261; x_wconf 70' lang='lat' dir='ltr'><strong>demonia</strong></span> 
     </span>
     <span class='ocr_line' id='line_1_30' title="bbox 447 4304 1621 4401; baseline 0.003 -21"><span class='ocrx_word' id='word_1_254' title='bbox 447 4308 571 4400; x_wconf 76' lang='lat' dir='ltr'><strong>siccis5</strong></span> <span class='ocrx_word' id='word_1_255' title='bbox 596 4312 634 4381; x_wconf 90' lang='lat' dir='ltr'><strong>et</strong></span> <span class='ocrx_word' id='word_1_256' title='bbox 658 4304 773 4401; x_wconf 77' lang='lat' dir='ltr'><strong>tangil</strong></span> <span class='ocrx_word' id='word_1_257' title='bbox 798 4313 943 4399; x_wconf 89' lang='lat' dir='ltr'><strong>tempus</strong></span> <span class='ocrx_word' id='word_1_258' title='bbox 967 4304 1114 4379; x_wconf 81' lang='lat' dir='ltr'><strong>dice‘ns:</strong></span> <span class='ocrx_word' id='word_1_259' title='bbox 1137 4325 1227 4397; x_wconf 90' lang='lat' dir='ltr'><strong>poco</strong></span> <span class='ocrx_word' id='word_1_260' title='bbox 1246 4308 1346 4398; x_wconf 65' lang='lat' dir='ltr'><strong>ptuit,</strong></span> <span class='ocrx_word' id='word_1_261' title='bbox 1371 4309 1448 4380; x_wconf 83' lang='lat' dir='ltr'><strong>s&#39;io</strong></span> <span class='ocrx_word' id='word_1_262' title='bbox 1472 4308 1534 4382; x_wconf 83' lang='lat' dir='ltr'><strong>den</strong></span> <span class='ocrx_word' id='word_1_263' title='bbox 1564 4311 1621 4383; x_wconf 85' lang='lat' dir='ltr'><strong>di-</strong></span> 
     </span>
    </p>

    <p class='ocr_par' dir='ltr' id='par_1_5' title="bbox 508 4520 1556 4643">
     <span class='ocr_line' id='line_1_31' title="bbox 508 4520 1556 4643; baseline 0.002 -69"><span class='ocrx_word' id='word_1_264' title='bbox 508 4523 537 4628; x_wconf 51' lang='lat'><strong>(2)</strong></span> <span class='ocrx_word' id='word_1_265' title='bbox 553 4523 584 4643; x_wconf 61' lang='grc' dir='ltr'><strong>ξ.</strong></span> <span class='ocrx_word' id='word_1_266' title='bbox 599 4527 626 4574; x_wconf 79' lang='lat' dir='ltr'><strong>ct</strong></span> <span class='ocrx_word' id='word_1_267' title='bbox 642 4523 757 4575; x_wconf 67' lang='lat' dir='ltr'><strong>vocabat.</strong></span> <span class='ocrx_word' id='word_1_268' title='bbox 997 4520 1029 4585; x_wconf 81' lang='lat'><strong>(²)</strong></span> <span class='ocrx_word' id='word_1_269' title='bbox 1045 4522 1076 4572; x_wconf 82' lang='grc' dir='ltr'><strong>Ε.</strong></span> <span class='ocrx_word' id='word_1_270' title='bbox 1092 4522 1196 4574; x_wconf 77' lang='lat' dir='ltr'><strong>volebat</strong></span> <span class='ocrx_word' id='word_1_271' title='bbox 1211 4524 1287 4575; x_wconf 77' lang='lat' dir='ltr'><strong>edun</strong></span> <span class='ocrx_word' id='word_1_272' title='bbox 1305 4523 1361 4586; x_wconf 76' lang='lat' dir='ltr'><strong>lpus</strong></span> <span class='ocrx_word' id='word_1_273' title='bbox 1376 4523 1556 4588; x_wconf 77' lang='lat' dir='ltr'><strong>Empedocles.</strong></span> 
     </span>
    </p>

    <p class='ocr_par' dir='ltr' id='par_1_6' title="bbox 509 4599 1299 4737">
     <span class='ocr_line' id='line_1_32' title="bbox 509 4599 1299 4737; baseline 0.005 -14"><span class='ocrx_word' id='word_1_274' title='bbox 509 4604 539 4737; x_wconf 40' lang='grc' dir='ltr'><strong>ρ)</strong></span> <span class='ocrx_word' id='word_1_275' title='bbox 559 4676 584 4726; x_wconf 74' lang='lat' dir='ltr'><strong>S.</strong></span> <span class='ocrx_word' id='word_1_276' title='bbox 599 4599 798 4726; x_wconf 52' lang='lat' dir='ltr'><strong>inBooirniuZomi&#39;:</strong></span> <span class='ocrx_word' id='word_1_277' title='bbox 812 4612 940 4727; x_wconf 57' lang='lat' dir='ltr'><strong>rffin-</strong></span> <span class='ocrx_word' id='word_1_278' title='bbox 951 4675 982 4725; x_wconf 82' lang='lat' dir='ltr'><strong>ll.</strong></span> <span class='ocrx_word' id='word_1_279' title='bbox 999 4676 1025 4725; x_wconf 89' lang='lat' dir='ltr'><strong>ln</strong></span> <span class='ocrx_word' id='word_1_280' title='bbox 1041 4673 1164 4735; x_wconf 65' lang='lat' dir='ltr'><strong>conlisum</strong></span> <span class='ocrx_word' id='word_1_281' title='bbox 1181 4675 1212 4724; x_wconf 83' lang='lat' dir='ltr'><strong>lis</strong></span> <span class='ocrx_word' id='word_1_282' title='bbox 1229 4689 1299 4727; x_wconf 81' lang='lat' dir='ltr'><strong>roro.</strong></span> 
     </span>
    </p>

    <p class='ocr_par' dir='ltr' id='par_1_7' title="bbox 509 4748 791 4814">
     <span class='ocr_line' id='line_1_33' title="bbox 509 4748 791 4814; baseline -0.007 -8"><span class='ocrx_word' id='word_1_283' title='bbox 509 4748 540 4814; x_wconf 81' lang='lat'><strong>(⁸)</strong></span> <span class='ocrx_word' id='word_1_284' title='bbox 555 4756 608 4811; x_wconf 80' lang='lat' dir='ltr'><strong>tls,</strong></span> <span class='ocrx_word' id='word_1_285' title='bbox 625 4752 656 4801; x_wconf 81' lang='lat' dir='ltr'><strong>ad</strong></span> <span class='ocrx_word' id='word_1_286' title='bbox 673 4752 791 4804; x_wconf 83' lang='lat' dir='ltr'><strong>invicem.</strong></span> 
     </span>
    </p>
   </div>
   <div class='ocr_carea' id='block_1_5' title="bbox 449 4827 1619 4971">
    <p class='ocr_par' dir='ltr' id='par_1_8' title="bbox 449 4827 1619 4971">
     <span class='ocr_line' id='line_1_34' title="bbox 508 4827 1619 4896; baseline 0.008 -19"><span class='ocrx_word' id='word_1_287' title='bbox 508 4827 535 4887; x_wconf 59' lang='grc' dir='ltr'><strong>β)</strong></span> <span class='ocrx_word' id='word_1_288' title='bbox 550 4828 576 4877; x_wconf 81' lang='lat' dir='ltr'><strong>S.</strong></span> <span class='ocrx_word' id='word_1_289' title='bbox 593 4829 843 4893; x_wconf 73' lang='lat' dir='ltr'><strong>recouiungorentur</strong></span> <span class='ocrx_word' id='word_1_290' title='bbox 859 4831 978 4882; x_wconf 87' lang='lat' dir='ltr'><strong>inunum</strong></span> <span class='ocrx_word' id='word_1_291' title='bbox 990 4842 1037 4895; x_wconf 85' lang='lat' dir='ltr'><strong>por</strong></span> <span class='ocrx_word' id='word_1_292' title='bbox 1046 4843 1206 4881; x_wconf 78' lang='lat' dir='ltr'><strong>umorem.-</strong></span> <span class='ocrx_word' id='word_1_293' title='bbox 1215 4829 1244 4880; x_wconf 87' lang='lat' dir='ltr'><strong>E.</strong></span> <span class='ocrx_word' id='word_1_294' title='bbox 1257 4830 1477 4895; x_wconf 71' lang='lat' dir='ltr'><strong>coniungerentur</strong></span> <span class='ocrx_word' id='word_1_295' title='bbox 1486 4847 1535 4896; x_wconf 76' lang='lat' dir='ltr'><strong>per</strong></span> <span class='ocrx_word' id='word_1_296' title='bbox 1544 4848 1619 4886; x_wconf 73' lang='lat' dir='ltr'><strong>amo·</strong></span> 
     </span>
     <span class='ocr_line' id='line_1_35' title="bbox 449 4905 840 4971; baseline 0.005 -16"><span class='ocrx_word' id='word_1_297' title='bbox 449 4916 506 4955; x_wconf 82' lang='lat' dir='ltr'><strong>rom</strong></span> <span class='ocrx_word' id='word_1_298' title='bbox 522 4905 549 4955; x_wconf 83' lang='lat' dir='ltr'><strong>in</strong></span> <span class='ocrx_word' id='word_1_299' title='bbox 566 4918 656 4966; x_wconf 76' lang='lat' dir='ltr'><strong>mum,</strong></span> <span class='ocrx_word' id='word_1_300' title='bbox 671 4919 718 4969; x_wconf 76' lang='lat' dir='ltr'><strong>por</strong></span> <span class='ocrx_word' id='word_1_301' title='bbox 733 4907 757 4956; x_wconf 88' lang='lat' dir='ltr'><strong>lo</strong></span> <span class='ocrx_word' id='word_1_302' title='bbox 772 4908 840 4971; x_wconf 70' lang='lat' dir='ltr'><strong>quot</strong></span> 
     </span>
    </p>
   </div>
   <div class='ocr_carea' id='block_1_6' title="bbox 0 0 2082 6546">
    <p class='ocr_par' dir='ltr' id='par_1_9' title="bbox 0 0 2082 6546">
     <span class='ocr_line' id='line_1_36' title="bbox 0 0 2082 6546; baseline 0 1"><span class='ocrx_word' id='word_1_303' title='bbox 0 0 2082 6546; x_wconf 95' lang='lat' dir='ltr'><strong> </strong></span> 
     </span>
    </p>
   </div>
  </div>
 </body>
</html>
