3990 6540
751 822 889 877 cnnrus
912 823 1070 905 paunus
1094 825 1238 880 suanus.
1510 811 1582 878 535

407 971 477 1044 bra
504 988 636 1044 eorum
671 967 753 1041 oleo
787 968 845 1042 vel
876 969 946 1043 alio
961 961 997 1062 (¹)
1024 970 1167 1065 liquore
1196 970 1335 1066 pingui,
1371 974 1413 1042 ut
1443 970 1584 1044 facilius

409 1109 541 1165 manus
566 1088 754 1163 laberetur
779 1106 825 1161 en
852 1086 1052 1182 liquiditate
1073 1081 1111 1182 (²)
1139 1097 1176 1165 et
1200 1110 1268 1184 per
1293 1089 1463 1163 membra
1488 1091 1584 1164 mol-

408 1211 454 1284 lia
481 1220 519 1286 et
544 1209 699 1301 lubrica,
726 1229 812 1281 narn
839 1219 977 1302 quanto
1004 1230 1063 1284 res
1090 1218 1199 1285 uncta
1225 1210 1354 1284 lortius
1380 1210 1583 1311 stringitur,

409 1336 510 1407 tauto
531 1326 636 1404 citius
661 1328 819 1403 elabitur
833 1317 870 1420 (³)
896 1330 942 1404 de
968 1352 1092 1405 manu.
1111 1331 1212 1405 Sicut
1230 1331 1341 1405 etiam
1359 1352 1382 1406 a
1398 1330 1506 1404 simili
1522 1330 1579 1404 vi-

409 1451 541 1526 demus
565 1449 685 1542 hodie,
702 1447 750 1522 ad
769 1448 859 1522 festa
886 1450 1048 1524 maxime
1073 1471 1157 1544 quae
1184 1450 1278 1523 fiunt
1303 1451 1338 1523 in
1365 1450 1468 1543 villis,
1483 1449 1583 1542 quod

408 1572 589 1645 luctantes
613 1567 660 1642 ad
686 1568 833 1642 brachia
852 1569 1027 1644 abiiciunt
1048 1578 1168 1646 vestes
1188 1592 1272 1665 quae
1290 1571 1449 1645 habeant
1467 1570 1587 1664 impe-

407 1689 488 1765 dire
517 1709 592 1783 eos,
627 1694 664 1763 et
695 1694 895 1782 antequam
930 1709 970 1763 se
1004 1690 1148 1784 capiant
1180 1691 1320 1765 avisant
1350 1690 1456 1764 valde
1489 1690 1584 1764 bene

407 1808 706 1885 commoditatem
731 1829 849 1902 suam,
869 1816 911 1882 ut
937 1811 1094 1884 habeant
1110 1799 1147 1901 (⁶)
1173 1811 1331 1905 quisque
1355 1831 1462 1884 suam
1487 1829 1585 1904 prae·

408 1931 624 2026 rogativam.
656 1929 761 2003 Nunc
793 1935 966 2004 construe
1002 1930 1052 2004 sic
1087 1931 1242 2025 literam,
1269 1952 1353 2025 quae
1386 1937 1440 2006 est
1478 1930 1584 2006 valde

408 2051 511 2124 sortis
535 2054 571 2123 et
596 2049 774 2141 intricata,
800 2054 837 2122 et
861 2047 960 2122 dicas
984 2050 1051 2123 sic:
1079 2073 1097 2122 c
1122 2054 1283 2124 ciascuno
1300 2054 1472 2124 drizzaro
1488 2055 1516 2124 il
1532 2054 1585 2124 vi-

407 2174 522 2262 suqio,
554 2168 646 2243 idest
678 2168 797 2242 visum
822 2170 1030 2263 oculorum,
1063 2191 1087 2242 a
1119 2191 1185 2261 me,
1212 2177 1248 2245 et
1262 2162 1298 2263 (⁵)
1327 2172 1515 2246 volventes
1540 2190 1581 2245 se

407 2284 636 2365 circulariter
673 2288 711 2361 in
748 2287 883 2383 girum,
910 2288 1058 2381 quando
1088 2290 1282 2363 volvebant
1313 2296 1417 2386 terga
1450 2291 1583 2384 autori,

408 2409 559 2504 quilibet
594 2408 862 2481 retrollectebat
887 2407 1017 2481 taciem
1043 2429 1174 2483 versus
1199 2417 1382 2504 autorem,
1409 2411 1458 2486 ita
1484 2410 1583 2506 quod

408 2530 532 2605 vultus
558 2528 712 2603 iaciebat
738 2535 880 2601 motum
907 2529 1134 2603 contrarium
1155 2530 1248 2624 pedi,
1267 2531 1354 2624 quia
1372 2551 1436 2625 pes
1454 2550 1584 2605 move-

407 2650 517 2724 batur
542 2649 715 2742 inantea,
734 2649 965 2751 vultusvero
985 2657 1085 2723 retro
1101 2656 1182 2744 post
1199 2655 1365 2746 tergum3
1385 2651 1466 2724 ideo
1487 2651 1582 2725 bene

397 2771 515 2845 dicit:
540 2763 572 2842 ri
595 2773 656 2842 cde
679 2772 706 2841 tt
729 2772 830 2860 eollo,
856 2770 1004 2844 flectens
1030 2789 1070 2844 se
1088 2776 1199 2864 retro,
1215 2775 1319 2865 [acea
1337 2774 1479 2863 nappin
1495 2792 1583 2843 con-

408 2895 525 2966 tremo
548 2895 586 2964 ai
606 2887 677 2983 pie,
703 2896 740 2963 et
764 2888 861 2983 dicit,
886 2893 1062 2978 continno,
1083 2889 1243 2986 intellige
1269 2910 1357 2964 sane
1383 2910 1456 2964 nou
1482 2889 1582 2984 quod

408 3030 538 3087 omnes
564 3016 638 3085 tres
664 3010 773 3084 simul
799 3016 966 3084 tenerent
990 3010 1118 3084 faciem
1138 3030 1269 3083 eorum
1288 3011 1476 3104 rellenam,
1495 3011 1582 3104 quia

409 3132 504 3210 istud
530 3137 625 3206 esset
656 3131 808 3224 salsum3
836 3129 899 3204 sed
925 3129 1076 3223 quilibet
1101 3151 1168 3204 sua
1194 3129 1286 3223 vice,
1313 3130 1461 3223 quando
1487 3129 1583 3202 scili-

408 3261 468 3329 cet
481 3243 519 3345 (⁶)
547 3250 716 3327 veniebat
741 3250 787 3323 ad
808 3247 1028 3323 vertendum
1046 3259 1151 3344 terga
1169 3249 1303 3342 autori,
1322 3255 1410 3322 tunc
1427 3268 1583 3322 conver-

409 3375 509 3450 tebat
534 3373 692 3446 frontem
718 3390 848 3445 versus
873 3390 973 3464 eum,
999 3377 1036 3444 et
1062 3369 1148 3464 quia
1167 3369 1361 3444 celerrime
1382 3369 1584 3442 volveban-

408 3505 471 3571 tur
484 3482 536 3587 (⁷),
548 3493 630 3568 ideo
646 3512 791 3586 semper
810 3491 942 3585 aliquis
966 3491 1124 3565 habebat
1141 3491 1297 3564 frontem
1318 3495 1418 3564 retro
1436 3509 1581 3562 versam

408 3622 446 3691 et
469 3611 691 3689 contrariam
717 3611 810 3706 pedi,
829 3610 910 3686 ideo
935 3610 1036 3686 dicit:
1063 3612 1261 3700 rotandosi,
1276 3609 1378 3702 idest,
1396 3609 1446 3683 ita
1463 3628 1504 3682 se
1523 3607 1583 3703 gi·

409 3735 524 3810 raudo
549 3734 586 3807 in
611 3739 708 3827 rota3
734 3734 831 3824 qual,
850 3731 988 3806 'scilicet
1004 3731 1164 3826 dirigere
1189 3730 1321 3823 visum,
1351 3732 1365 3801 i
1393 3732 1583 3821 campioni,

410 3854 500 3930 idest
525 3852 677 3949 pugiles,
692 3851 754 3946 qui
781 3856 945 3948 pugnant
971 3851 1007 3924 in
1029 3871 1160 3944 campo
1177 3849 1224 3923 ad
1241 3849 1507 3944 experientiam
1527 3848 1584 3922 vi-

412 3974 506 4048 rium
533 3992 686 4047 suarum
714 3991 782 4066 pro
806 3972 923 4067 gloria
941 3978 977 4045 et
998 3971 1150 4064 bonore,
1168 3972 1255 4043 nodi
1269 3976 1302 4042 et
1316 3973 1409 4062 untt5
1427 3969 1476 4042 ita
1494 3968 1578 4042 lecit

409 4093 584 4168 Hercules
592 4081 629 4182 (θ)
643 4091 801 4163 initurus
814 4089 950 4165 luctam
959 4081 996 4182 (⁹)
1012 4110 1099 4164 curn
1109 4089 1251 4163 dntbeo
1263 4089 1423 4185 gigante,
1432 4088 1518 4183 quia
1526 4078 1582 4180 (Ν)

410 4212 575 4308 spoliavit
600 4231 639 4285 se
664 4210 758 4305 pelle
787 4210 913 4301 leonis,
939 4214 976 4282 et
1010 4209 1115 4281 unxit
1148 4227 1187 4281 se
1212 4209 1306 4301 oleo,
1333 4208 1426 4281 sicut
1457 4198 1583 4281 scribit

472 4473 498 4536 (⁸)
515 4478 570 4532 llo,
587 4473 673 4536 ullquo
686 4469 797 4535 liquore.
985 4470 1012 4532 (⁸)
1029 4471 1087 4521 Sne
1103 4469 1134 4520 ll.
1150 4470 1295 4535 liquiditate
1312 4481 1359 4532 per
1375 4469 1503 4519 membru.

471 4552 497 4613 (⁸)
515 4553 568 4608 lto.
585 4549 690 4599 lubltur.
987 4549 1013 4610 θ)
1029 4547 1055 4599 S.
1072 4561 1087 4598 e
1104 4548 1135 4599 ll.
1152 4552 1182 4598 nt
1198 4547 1299 4598 babeat.

472 4628 499 4691 (¹)
515 4627 546 4678 Β.
563 4628 637 4685 idest,
654 4626 793 4677 volventes.

470 4704 498 4766 (⁸)
514 4704 545 4755 lt
561 4703 659 4754 adbeel
675 4701 792 4753 vertebat
808 4707 881 4767 terga
897 4703 1008 4760 auctori.
1024 4709 1050 4754 et
1067 4701 1193 4754 veniendo
1208 4700 1375 4752 convertebat
1392 4699 1514 4751 tronum.

469 4781 497 4844 Γ)
514 4786 568 4841 lto,
585 4780 766 4832 morabatur.

470 4858 498 4921 (¹)
514 4860 544 4909 E.
561 4857 690 4908 Hercules
706 4858 791 4908 iturus
806 4857 935 4908 luctatum
952 4872 1013 4907 curn
1031 4858 1137 4909 Antbee
1153 4856 1255 4908 inunxit
1270 4867 1298 4907 ιο
1314 4853 1383 4907 oleo.

470 4934 679 5000 tls-ruam·
970 4932 1052 4996 tls·
1069 4937 1123 5000 qn.
