3990 6540
688 820 828 875 CANTUS
852 818 1045 874 secuhous.
1402 811 1451 877 99

281 965 454 1058 mandati,
472 984 584 1057 quarn
599 957 636 1055 (¹)
658 964 742 1037 iecit
759 963 835 1057 ipsa
853 962 963 1036 Lucia
983 961 1119 1035 dicens:
1141 966 1248 1036 Lucio
1266 966 1395 1037 ummo
1415 967 1453 1039 dt

281 1090 421 1159 mocon
444 1087 595 1175 audete,
612 1084 714 1177 idest,
735 1083 853 1178 gratia
869 1082 1014 1155 inimica
1039 1083 1231 1157 cuiuslibet
1256 1085 1453 1180 desperan-

281 1206 337 1300 tis,
357 1205 421 1298 qui
446 1224 519 1277 non
543 1204 699 1277 admittit
723 1203 891 1299 gratiam.
912 1203 1041 1275 Nullus
1066 1210 1121 1276 est
1146 1204 1243 1277 enim
1270 1206 1453 1280 crudelior

280 1311 339 1400 eo'
351 1325 414 1418 qui
439 1324 608 1417 desperat
632 1323 679 1397 de
702 1323 821 1418 gratia
845 1323 931 1415 llei3
956 1325 989 1394 st
1011 1343 1136 1414 morse,
1154 1323 1287 1398 scilicet
1304 1324 1351 1399 da
1367 1324 1453 1400 sede

228 1494 237 1500 -
281 1462 361 1536 sua,
376 1464 489 1536 quarn
507 1444 589 1517 vide
606 1443 807 1536 penultimo
824 1442 993 1535 capitulo,
1007 1463 1025 1512 e
1041 1463 1148 1514 oenoe
1164 1446 1204 1515 ot
1218 1447 1316 1516 tocco
1332 1448 1454 1517 dode

281 1584 358 1653 aru,
375 1563 510 1636 scilicet
534 1563 580 1636 ad
606 1562 754 1636 tertium
782 1561 938 1656 gradum
957 1561 1162 1653 beatorum,
1182 1561 1244 1633 uhi
1262 1581 1364 1635 eram
1382 1582 1454 1658 ego

282 1683 439 1757 Beatrin.
466 1682 568 1755 Unde
592 1681 712 1754 subdit
737 1682 871 1772 locum,
890 1681 967 1754 sive
986 1681 1143 1775 gradum
1170 1702 1293 1775 suum,
1311 1680 1452 1755 dicens:

282 1804 344 1874 che
366 1806 416 1874 mi
443 1804 546 1874 sedeo
574 1821 640 1873 coo
670 1803 821 1872 tondeo
855 1803 1012 1891 Rachelo,
1038 1800 1140 1894 idest,
1165 1801 1202 1873 in
1231 1801 1455 1896 contempla-

283 1921 391 1995 tione.
418 1923 553 1995 Rachel
578 1922 675 1995 eninr
702 1911 895 2014 capiturfft
915 1941 982 2013 pro
1005 1920 1078 1992 vita
1103 1920 1394 2015 contemplativa,
1412 1927 1453 1993 ut

282 2043 397 2136 patuit
421 2040 530 2136 paulo
555 2061 685 2135 supra:
704 2039 885 2135 theologia
903 2045 1028 2112 autem
1045 2031 1081 2131 (³)
1101 2040 1262 2114 manime
1279 2045 1349 2113 stat
1366 2060 1452 2114 curn

282 2161 596 2255 contemplatione,
622 2166 664 2232 ut
689 2165 788 2252 patet
812 2158 1045 2253 praeallegato
1070 2159 1271 2252 penultimo
1296 2158 1455 2253 capitulo

283 2280 452 2354 Paradisi.
479 2285 514 2351 lt
534 2282 644 2352 dhre:
661 2279 725 2351 llic
745 2277 891 2351 Beatrix
913 2284 1039 2350 narrat
1063 2279 1211 2373 Virgilio
1236 2279 1453 2371 orationem,

282 2420 395 2492 quarn
421 2399 547 2473 hahuit
562 2388 598 2490 (ἢ
625 2398 737 2472 Lucia
763 2396 961 2490 adipsum,
988 2397 1123 2490 inqua
1153 2398 1318 2472 oratione
1342 2398 1453 2471 Lucia

282 2518 443 2592 breviter
455 2518 539 2591 iacit
552 2516 744 2591 exordium
762 2536 847 2588 curn
864 2515 1037 2609 petitione
1053 2516 1192 2590 dicens:
1208 2523 1245 2590 et
1260 2517 1319 2590 illa
1331 2516 1453 2611 Lucia,

281 2638 384 2726 dhre,
410 2637 479 2711 suh
504 2634 812 2729 interrogatione:
838 2656 861 2705 o
887 2638 1055 2725 Bactriae,
1082 2637 1164 2706 lodo
1194 2638 1232 2708 dt
1262 2639 1330 2707 Dio
1356 2655 1452 2728 ooo,

282 2755 373 2830 idest
396 2776 420 2829 o
445 2755 637 2850 theologia,
662 2774 747 2846 qure
778 2773 818 2827 es
849 2774 937 2827 vera
969 2754 1049 2827 laus
1081 2761 1117 2827 et
1147 2753 1263 2849 gloria
1292 2755 1370 2849 Dei,
1395 2749 1457 2828 old

283 2878 535 2948 mecaenat
558 2877 647 2964 quei,
673 2874 764 2947 idest
788 2874 891 2946 illum
916 2874 1083 2967 Dantem,
1109 2876 1167 2945 chr
1196 2877 1219 2946 ι’
1232 2867 1315 2946 ornd
1343 2881 1452 2965 toruo,

283 2993 373 3068 idest
398 2995 461 3086 qui
486 3000 587 3066 tanto
611 3013 740 3066 amore
764 2993 902 3065 studuit
932 2993 970 3064 in
1000 2993 1180 3088 theologia
1196 2985 1243 3083 (⁸).
1275 2993 1319 3065 Et
1343 2994 1451 3067 dicit:

283 3115 333 3184 ch'
346 3106 418 3185 md
436 3134 505 3203 per
524 3120 559 3183 -tc
583 3115 628 3183 de
650 3115 687 3183 lo
712 3115 857 3200 volgare
880 3113 1028 3199 rehtero,
1051 3111 1154 3203 quasi
1179 3111 1285 3204 dicat,
1302 3113 1365 3204 qui
1388 3120 1451 3184 lua

283 3232 399 3328 gratia
429 3231 541 3305 exivit
564 3230 610 3304 de
636 3230 744 3303 turha
769 3229 977 3325 vulgarium
1006 3230 1262 3324 ignorantium,
1291 3250 1451 3323 quorum

282 3351 442 3424 infinitus
467 3357 522 3424 est
540 3369 729 3443 numerus,
746 3356 784 3424 et
800 3350 916 3422 lactus
933 3355 988 3422 est
1005 3349 1051 3423 de
1073 3370 1230 3423 numeru
1247 3351 1451 3445 sapientum

282 3478 319 3545 et
342 3471 603 3563 virtuosorum,
620 3470 683 3562 qui
701 3475 786 3542 sunt
802 3469 1008 3563 paucissimi
1027 3475 1064 3542 et
1081 3469 1266 3544 rarissimi.
1287 3476 1366 3543 Non
1382 3474 1450 3545 odi.

282 3590 346 3663 llic
370 3590 482 3662 Lucia
506 3589 590 3662 iacit
615 3589 928 3662 condonationem
955 3587 1038 3661 dicti
1063 3588 1132 3680 sui,
1153 3595 1190 3660 et
1210 3590 1338 3682 prohat
1356 3590 1454 3683 quod

283 3708 428 3783 Beatrlx
453 3709 586 3782 dehent
609 3728 829 3782 succurrere
853 3707 972 3800 Danti,
990 3708 1075 3800 quia
1093 3730 1192 3782 nunc
1214 3711 1375 3784 manime
1400 3712 1455 3785 in·

283 3828 380 3924 diget
406 3829 485 3902 eius
510 3848 699 3901 succursu.
726 3828 828 3902 Unde
852 3828 953 3902 dicit:
981 3848 1050 3900 oon
1077 3831 1139 3902 odi
1161 3836 1209 3921 tu,
1227 3830 1331 3923 quasi
1347 3830 1454 3922 dicat,

284 3948 378 4021 bene
401 3947 511 4021 debes
536 3947 676 4043 audire,
694 3951 731 4020 lo
749 3952 845 4040 picto
861 3951 920 4020 del
935 3970 1000 4020 suo
1012 3952 1148 4040 picam,
1166 3949 1229 4043 qui
1246 3950 1354 4024 dehet
1373 3970 1455 4024 mo

285 4086 373 4141 vcro
407 4066 518 4141 lead
546 4068 719 4161 pietatem
748 4074 785 4140 et
816 4067 1115 4161 misericordiam,
1146 4068 1232 4161 quia
1262 4076 1452 4163 peccatum

285 4184 428 4258 videtur
453 4185 552 4278 quod
577 4193 652 4258 tarn
679 4185 799 4259 nobile
823 4185 1009 4281 ingenium
1036 4192 1162 4280 pereat
1188 4186 1282 4262 inter
1301 4190 1397 4262 ieras
1417 4195 1456 4262 et

284 4303 404 4395 spinas
427 4304 529 4377 istius
554 4305 664 4376 silvae.
691 4304 792 4378 Unde
817 4303 918 4377 dicit:
936 4326 1006 4376 non
1032 4308 1111 4378 cedi
1130 4314 1165 4378 tu
1182 4308 1218 4377 lo
1235 4314 1345 4379 ntortc
1361 4309 1421 4379 che
1431 4310 1460 4380 'l

284 4423 462 4513 condutta
488 4423 578 4497 idest
602 4443 798 4496 occursum
825 4429 862 4495 et
892 4423 1121 4496 obstaculum
1154 4424 1345 4518 viciorum,
1370 4446 1454 4518 quae

284 4547 369 4614 sunt
400 4560 500 4614 rnors
524 4541 668 4634 animae,
692 4547 730 4614 et
754 4547 965 4635 oppugnant
990 4542 1118 4635 ipsam,
1143 4546 1186 4615 ut
1209 4542 1325 4637 patuit
1350 4543 1456 4637 plene

347 4767 374 4824 l')
390 4764 417 4813 S·
433 4764 512 4829 mll-
1111 4760 1138 4825 Ρ)
1154 4764 1185 4815 Β.
1201 4766 1335 4831 acclphur.

346 4838 374 4900 (¹)
391 4844 445 4897 m,
462 4845 550 4889 aulem
566 4845 615 4889 slat
631 4853 692 4890 curn
709 4840 933 4903 contemplatione.
1110 4838 1137 4900 (⁸)
1155 4845 1209 4899 tro.
1226 4838 1288 4892 tecit
1303 4840 1392 4893 tucn.

346 4915 1042 4981 dimittentemquoetvmlauslltdiclt
