4154 6546
458 759 505 824 90
855 769 1057 826 condrust
1082 771 1232 824 mensur

456 915 725 1010 disputandum.
743 915 781 989 Si
799 914 899 990 enim
924 915 978 989 vis
1001 914 1204 1010 intelligere
1223 934 1317 1009 opus
1329 907 1368 1008 (¹)
1392 916 1495 991 istius
1518 927 1628 998 sum

456 1036 519 1130 ris,
541 1041 686 1130 oportet
709 1034 912 1109 concedere
931 1033 1029 1127 quod
1049 1033 1127 1128 ipse
1145 1034 1319 1126 loquatur
1336 1035 1513 1112 catholice
1529 1044 1627 1114 tam·

454 1175 568 1248 quam
593 1153 775 1248 perfectus
799 1152 1028 1246 christianus,
1049 1159 1088 1228 et
1111 1152 1177 1246 qui
1188 1143 1226 1245 (¹)
1252 1172 1400 1248 semper
1424 1161 1462 1230 et
1486 1157 1626 1252 ubique
1724 1198 1728 1203 -

452 1280 608 1348 conatur
631 1272 825 1347 ostendere
849 1292 890 1346 se
914 1271 1163 1346 christianum.
1180 1271 1283 1346 Unde
1307 1273 1429 1346 statim
1454 1274 1625 1352 deser-'bii

452 1394 706 1469 excellentiam
730 1392 833 1466 istius
857 1391 1016 1466 domine
1041 1392 1149 1467 valde
1168 1391 1393 1488 magnilicae;
1413 1400 1452 1468 et
1468 1395 1625 1490 primu

452 1513 615 1586 bonitate
637 1531 725 1585 cum
749 1511 845 1604 dicit,
869 1532 889 1583 e
911 1513 1033 1584 donno
1056 1532 1111 1583 nro
1133 1502 1270 1584 roomo
1285 1511 1400 1602 emto,
1418 1513 1506 1606 qula
1522 1514 1624 1590 nulla

452 1629 603 1704 scientia
625 1629 733 1704 docet
757 1650 884 1705 reram
909 1629 1170 1705 beatitudinem
1204 1630 1272 1703 nisi
1306 1631 1398 1725 ista3
1427 1640 1465 1707 et
1495 1635 1625 1728 apul·
1753 1643 1759 1653 '

452 1751 634 1826 critudine
656 1770 744 1824 oum
767 1750 864 1844 dicit,
887 1772 907 1822 o
931 1752 1032 1840 dedo,
1057 1749 1144 1843 quia
1168 1749 1303 1824 scilieet
1327 1752 1437 1826 babet
1461 1753 1624 1847 pulcrius

454 1870 660 1965 subjectum
693 1870 836 1963 ceterb,
869 1869 1004 1944 scilieet
1036 1870 1168 1963 Deum,
1199 1869 1264 1962 qui
1295 1876 1350 1945 est
1379 1872 1623 1965 pulcerrimus

453 1981 655 2086 ipse(³).1·:t
676 1990 783 2065 dicit:
810 1985 920 2063 tolcld
941 1992 979 2063 dt
1002 1991 1200 2062 mmondor
1221 1992 1258 2060 io
1282 1993 1319 2062 lu
1342 1994 1491 2085 riom,
1516 1994 1621 2089 quasi

452 2112 559 2207 dicat,
584 2112 676 2187 adeo
700 2117 780 2186 erat
805 2112 910 2215 beata
935 2118 972 2185 et
997 2111 1124 2205 pulcra
1153 2109 1252 2204 quod
1265 2111 1450 2203 ,requisivi
1475 2132 1559 2187 eam
1583 2121 1623 2190 et

451 2232 580 2328 rogari
606 2238 649 2306 ut
671 2230 886 2326 preciperet
911 2230 1010 2303 mibi.
1032 2230 1077 2302 lit
1101 2229 1138 2302 in
1162 2230 1231 2303 boc
1248 2231 1482 2306 commendat
1505 2233 1620 2328 ipsam

451 2352 498 2425 ab
523 2351 744 2443 autoritate3
770 2371 855 2424 uam
888 2348 925 2422 in
957 2348 1088 2423 ceteris
1119 2348 1276 2422 scientiis
1306 2350 1408 2424 locus
1440 2352 1489 2425 ab
1513 2358 1622 2426 auto·

451 2471 559 2545 ritate
587 2479 643 2545 est
674 2469 951 2562 infirmissimus,
986 2469 1023 2540 iu
1056 2468 1125 2542 bac
1155 2487 1245 2543 vero
1274 2469 1524 2544 validissimus.
1551 2475 1622 2544 Lic-

451 2610 570 2661 oevon.
596 2589 660 2661 llic
684 2587 855 2682 Virgilius
879 2586 1048 2660 describit
1077 2588 1191 2680 ipsam
1225 2588 1412 2663 dominam
1436 2610 1459 2664 a
1484 2591 1621 2684 pulcri·

452 2707 577 2780 tudine
601 2705 744 2800 speciali
778 2705 983 2798 surdorum,
1009 2706 1184 2798 quoniam
1218 2708 1425 2801 pulcritudo
1459 2709 1621 2784 maxine

450 2825 612 2900 consistit
636 2825 672 2897 in
696 2824 821 2898 oculis.
847 2822 949 2896 Unde
972 2823 1076 2897 dicit:
1093 2828 1144 2915 pli
1159 2828 1254 2898 occdi
1273 2829 1362 2917 suoi,
1387 2827 1523 2903 scilieet
1536 2846 1620 2922 spn-

451 2945 585 3020 culatio
614 2952 651 3018 et
682 2943 948 3037 contemplatio,
979 2947 1120 3016 bueron
1146 2941 1209 3037 piel
1237 2948 1298 3017 cle
1328 2947 1618 3041 balsamonis
1659 3004 1662 3010 .

450 3064 670 3139 transcendit
694 3082 822 3137 omues
851 3063 975 3155 coelos,
1000 3070 1038 3137 et
1066 3063 1166 3137 ducit
1194 3063 1232 3137 iu
1265 3064 1510 3159 cognitionem
1541 3066 1617 3142 bet

450 3185 494 3257 bt
518 3183 624 3258 dicit:
651 3189 688 3258 et
720 3183 787 3257 ista
817 3182 964 3257 domina
995 3205 1150 3256 sucoso
1175 3187 1303 3276 μἀηα,
1333 3191 1370 3258 et
1398 3185 1494 3260 bene
1521 3184 1619 3281 duit,

450 3305 536 3399 quia
560 3322 683 3378 sermo
707 3302 851 3377 divinus
878 3311 933 3376 est
962 3303 1085 3378 suavis
1113 3308 1150 3377 et
1180 3304 1320 3397 planus,
1351 3325 1425 3378 uon
1457 3306 1555 3380 altus
1581 3311 1619 3380 et

449 3423 640 3518 superbus,
665 3421 758 3495 sicut
786 3441 910 3495 sermo
935 3421 1070 3516 Virgilii
1101 3428 1137 3495 et
1168 3429 1373 3516 poetarum,
1404 3426 1620 3499 comimtont

448 3565 473 3615 o
496 3546 574 3616 dire
597 3562 662 3614 oon
694 3544 854 3630 ancolim
885 3561 990 3632 voce,-
1015 3540 1085 3614 boc
1117 3541 1203 3615 dicit
1236 3543 1322 3636 quia
1354 3543 1520 3616 homiues
1551 3563 1619 3616 en·

447 3662 551 3759 gelici
585 3661 786 3734 intellectus
820 3666 857 3733 et
890 3659 1159 3752 contemplativi
1189 3659 1340 3734 uadunt
1366 3661 1468 3734 nobis
1499 3660 1615 3754 ipsam

447 3782 679 3877 theologiam,
704 3782 741 3852 in
765 3800 831 3851 oua
852 3781 997 3872 sacello,
1022 3779 1113 3853 idest
1144 3779 1181 3852 in
1212 3780 1316 3855 suavi
1342 3780 1500 3874 eloquio,
1524 3781 1618 3856 sicut

447 3903 593 3994 Paulus,
623 3899 859 3995 Augustinus,
889 3899 1108 3972 ieronimus.
1144 3897 1245 3973 Unde
1279 3899 1485 3995 Purgatorii
1517 3902 1617 3996 capi-

448 4023 526 4096 tulo
563 4022 664 4094 XXX
700 4027 822 4113 autor,
859 4018 1066 4094 describens
1105 4018 1210 4092 istam
1248 4019 1479 4116 theologiam,
1514 4020 1617 4118 lingit

448 4161 532 4216 eam
547 4129 585 4231 (⁴)
610 4141 678 4214 sub
703 4141 837 4214 umbra
863 4139 995 4212 llorum
1013 4137 1211 4212 missorum
1235 4160 1259 4212 a
1284 4139 1452 4213 menibus
1476 4141 1615 4238 angeli-

447 4263 508 4337 cis.
541 4266 572 4335 0
596 4264 725 4333 animo
752 4261 817 4335 llic
841 4260 1010 4354 Virgilius
1034 4259 1134 4353 ponit
1158 4259 1361 4333 orationem
1391 4260 1566 4336 beatricis
1575 4253 1615 4355 (ἢ

447 4383 494 4457 ad
519 4402 569 4476 se,
595 4383 632 4454 iu
658 4402 730 4475 qua
755 4380 911 4455 ostendit
934 4379 1021 4473 quid
1047 4380 1122 4473 ipsa
1147 4378 1321 4472 praecipit,
1340 4379 1427 4472 quid
1450 4381 1613 4474 requirit.

447 4505 491 4576 Et
519 4505 638 4598 primo
667 4501 811 4575 beatrix
847 4502 930 4575 lacit
958 4500 1164 4593 exordium,
1193 4499 1322 4573 deinde
1355 4501 1615 4594 narrationem,

509 4728 877 4791 (comminuerentur.
1210 4727 1236 4787 ι’)
1253 4728 1283 4778 Ε.
1300 4730 1532 4792 «qen-mm.

509 4805 536 4869 t')
552 4805 581 4854 E.
599 4804 781 4867 pulcerrimus.
798 4805 855 4866 lpse
871 4805 948 4853 etiam
964 4803 1042 4853 dicit:
1059 4804 1146 4854 tuicbl.
1211 4804 1237 4862 ι’)
1254 4809 1307 4865 ito,
1325 4805 1415 4855 scribit
1430 4805 1521 4866 lpum.

510 4883 537 4941 (Ἰ
553 4880 629 4930 Nello
645 4879 793 4929 Strozziano
809 4892 900 4929 manca
916 4880 962 4928 dr:
978 4882 1013 4928 od
1028 4895 1061 4936 re,
1143 4880 1196 4931 tino
1212 4894 1240 4930 rr
1257 4881 1321 4943 sarit
1334 4881 1477 4930 msc
