4154 6546
774 796 912 852 caurus
938 795 1067 852 nonus.
1434 782 1504 850 327

331 946 434 1022 dicit:
461 948 549 1019 dove
573 946 722 1019 liodoao
746 949 888 1034 stapam,
913 943 1003 1016 idest
1028 941 1195 1016 inundat:
1222 947 1260 1016 et
1284 960 1371 1016 ecce
1395 939 1505 1015 aliam

333 1066 663 1162 comparationem
688 1054 719 1136 st
743 1084 838 1136 come
864 1085 888 1136 a
912 1066 1023 1136 Poto:
1042 1063 1145 1136 iuxta
1169 1062 1295 1137 Polam
1321 1061 1505 1135 civitatem

333 1194 388 1263 est
414 1186 526 1262 etiam
553 1204 687 1279 magna
714 1182 909 1256 multitudo
940 1202 1133 1276 arcarum3
1160 1182 1271 1256 audio
1297 1180 1394 1275 quod
1420 1185 1507 1253 aunt

334 1310 438 1403 quasi
469 1306 705 1402 septingenta
731 1323 900 1397 nomem,
926 1311 964 1378 et
994 1305 1112 1378 lentur
1143 1303 1242 1397 quod
1267 1303 1354 1377 olim
1380 1308 1511 1397 porta·'

332 1430 469 1503 bantur
493 1445 650 1520 corpora
674 1423 721 1498 de
746 1424 936 1498 Sclnvmia
962 1424 998 1497 in
1024 1424 1156 1498 Histria
1171 1415 1207 1516 (¹)
1230 1421 1436 1517 sepelienda
1455 1418 1504 1493 ibi

334 1549 436 1623 iuxta
456 1545 693 1636 maritimam,
719 1549 757 1617 et
775 1543 877 1617 dicit:
895 1565 1041 1636 opressa
1059 1546 1116 1617 del
1133 1548 1307 1617 Gomara.
1326 1542 1389 1615 Est
1405 1540 1504 1614 cuim

332 1666 549 1745 Carnarium
578 1664 727 1759 quidam
753 1664 911 1759 gulphus
929 1663 965 1736 in
983 1664 1077 1738 mari
1094 1663 1247 1738 Adriano
1262 1654 1300 1755 (²)
1318 1663 1354 1736 in
1372 1660 1505 1735 linibus

332 1789 442 1863 ltaliae
475 1785 663 1861 continens
696 1785 744 1858 xl.
771 1783 936 1878 miliaria,
971 1790 1009 1859 ct
1045 1792 1100 1860 est
1138 1787 1239 1860 locus
1277 1783 1504 1878 periculosus

333 1908 449 2002 valde,
475 1906 557 1982 ideo
582 1904 683 1979 dicit:
701 1906 774 1995 cte,
792 1902 883 1979 idest
901 1904 999 1999 quod
1016 1904 1233 1979 Camarium
1251 1907 1356 1978 ltalia
1371 1905 1504 1993 claude,
1533 1927 1535 1931 ·

333 2050 379 2104 ex
415 2028 475 2104 illa
500 2034 616 2123 parte,
641 2047 660 2099 c
685 2029 699 2099 i
721 2029 799 2098 suot
831 2029 970 2100 termini
993 2028 1124 2117 dopna,
1149 2026 1240 2100 idest
1264 2024 1440 2118 confinia3
1467 2030 1505 2098 et

333 2148 518 2245 restringit
541 2153 651 2221 autor
675 2145 987 2240 comparationem
1013 2146 1146 2220 iactam
1172 2167 1259 2219 cum
1284 2145 1385 2220 dicit:
1403 2147 1504 2231 salvo

332 2273 391 2344 cte
402 2273 428 2342 'l
451 2271 556 2342 modo
582 2271 683 2340 ctera
702 2262 766 2358 pail
790 2287 932 2357 umaro,
958 2266 1044 2359 quia
1070 2267 1206 2340 scilicet
1222 2267 1258 2339 in
1275 2264 1451 2361 sepulcris
1466 2255 1503 2357 (³)

334 2411 418 2484 quae
443 2396 529 2465 sunt
554 2388 650 2481 apud
675 2388 822 2461 Arelate
847 2388 904 2460 vel
930 2387 1056 2461 Polam
1081 2392 1168 2459 sunt
1191 2406 1273 2461 ossa
1299 2387 1377 2461 sine
1393 2405 1503 2461 sensu

335 2518 373 2586 et
397 2532 517 2605 prena,
536 2511 572 2584 in
598 2508 672 2582 istis
689 2527 779 2582 vero
796 2513 851 2581 est
867 2526 1003 2603 magna
1019 2527 1127 2602 poena
1145 2507 1255 2602 ignis3
1274 2514 1311 2581 ct
1328 2513 1383 2581 est
1399 2526 1504 2582 cnm-

334 2632 475 2726 paratio
503 2630 666 2721 abusiva,
691 2627 777 2722 quia
802 2627 837 2700 in
860 2627 955 2701 arcis
983 2627 1163 2702 dictarum
1190 2626 1378 2701 civitatum
1404 2628 1503 2702 nulla

334 2757 389 2826 est
413 2749 622 2824 amaritudo
646 2768 776 2843 prenae,
802 2747 864 2822 sed
891 2747 928 2821 in
953 2747 1029 2821 istis
1053 2754 1109 2821 est
1133 2747 1360 2824 amarissima
1379 2768 1500 2842 poenn.

335 2871 439 2944 lrcae
461 2869 572 2943 etiam
599 2889 684 2962 quae
708 2873 794 2941 sunt
817 2866 915 2961 apud
934 2867 1080 2944 Arelate
1096 2875 1134 2943 et
1153 2868 1278 2942 Polam
1295 2876 1381 2943 sunt
1396 2877 1502 2945 extra

332 2990 539 3083 civitatem;
564 2988 643 3062 istae
664 3007 755 3063 vcro
778 2993 864 3061 sunt
889 2987 995 3081 intra,
1013 2988 1096 3062 licet
1121 2988 1217 3062 circa
1230 2977 1267 3080 (⁸)
1292 2996 1459 3064 extrema
1478 2980 1508 3064 a

335 3129 490 3203 corpore
503 3108 656 3184 civitatis
668 3113 906 3201 sequestrata.
922 3107 965 3178 Et
978 3127 1066 3182 ecce
1078 3107 1265 3201 quomodo
1279 3108 1409 3182 modus
1422 3116 1504 3183 erat

330 3228 493 3303 amarior
519 3248 566 3302 ex
592 3227 768 3322 qualitate
789 3248 924 3322 poenae:
950 3231 1010 3300 cte
1025 3230 1166 3320 pamm
1182 3250 1293 3302 croac
1308 3237 1427 3322 sparte
1444 3236 1503 3303 tro

334 3353 360 3422 a·
384 3350 499 3437 avelli,
520 3345 612 3422 idest
636 3354 741 3421 erant
766 3347 919 3441 sparsim
945 3346 1149 3442 disperditae
1172 3349 1266 3423 inter
1283 3350 1501 3445 sepulturas,

328 3489 395 3561 per
420 3470 451 3541 le
476 3470 572 3565 quati
595 3487 685 3540 mon
708 3460 739 3540 a
762 3470 819 3541 dcl
835 3474 918 3540 tatto
936 3470 1059 3559 accesi,
1076 3468 1245 3544 ardentes
1262 3469 1425 3563 interius,
1443 3473 1503 3542 cla

330 3608 465 3662 amano
496 3594 587 3677 orte,
619 3584 711 3659 idest
741 3586 865 3679 aliqua
899 3608 961 3661 ars
995 3588 1180 3662 mundana
1213 3609 1298 3681 quae
1327 3597 1502 3684 operetur

332 3708 416 3804 igne
447 3707 542 3781 sicut
579 3706 674 3800 vitri,
705 3708 763 3781 vel
789 3706 897 3801 ferri·
915 3708 972 3782 vel
1002 3707 1095 3801 auri,
1126 3729 1198 3781 non
1230 3711 1379 3782 ra'cltoede
1400 3713 1501 3802 ferro

326 3822 389 3920 pail
412 3829 541 3917 taceso,
567 3833 604 3900 et
628 3825 727 3900 dicit:
754 3829 829 3900 tutti
853 3829 951 3900 litor
967 3830 1126 3919 coperctt
1141 3848 1230 3901 man
1248 3831 1392 3921 sospesa‘,
1411 3827 1502 3903 idest

330 3946 522 4042 pendentia
548 3946 584 4020 in
609 3967 698 4021 aare
723 3946 913 4039 usquead
939 3948 1110 4022 ultimum
1136 3949 1253 4023 diem:
1281 3950 1390 4024 huius
1407 3951 1501 4025 ratio

329 4075 384 4143 est
420 4068 590 4163 superius
624 4068 826 4163 assignata3
852 4090 871 4141 e
899 4073 984 4162 soor
1008 4062 1203 4143 n'usm'asl
1233 4074 1316 4145 dari
1347 4074 1501 4162 tomenti,

329 4196 477 4283 propter
508 4187 640 4262 duram
673 4208 834 4283 pmnam,
868 4191 928 4261 cte
957 4190 1021 4262 dea
1040 4210 1182 4282 parcan
1206 4193 1255 4264 do
1279 4194 1422 4264 meato
1446 4197 1502 4287 os-

326 4313 406 4404 scri,
424 4309 529 4404 quasi
541 4309 651 4384 dicat:
670 4311 765 4385 bene
782 4309 999 4385 videbantur
1016 4310 1151 4386 misere
1166 4311 1324 4386 cruciari
1338 4304 1390 4405 (⁵),
1407 4312 1501 4387 siout

328 4428 524 4524 aliquando
558 4429 726 4504 videmus
739 4422 777 4522 (⁶)
803 4450 867 4506 eos
902 4431 1063 4505 clamare
1098 4431 1247 4524 quando
1272 4434 1501 4508 combomn-

331 4559 393 4625 tur
419 4552 456 4625 in
480 4551 629 4626 mundo.
656 4591 705 4605 —
730 4557 776 4625 nt
802 4554 848 4623 io.
871 4551 936 4626 llio
963 4550 1092 4625 ultimo
1117 4558 1226 4626 autor
1251 4574 1299 4629 ne
1324 4555 1497 4649 procedat

390 4776 417 4837 (¹)
434 4775 465 4825 E.
480 4788 497 4825 a
512 4774 539 4826 S.
555 4780 582 4826 ct
600 4776 705 4828 litum.
832 4773 859 4840 (¹)
876 4776 906 4826 lt.
924 4776 1067 4828 Adriatico.
1192 4776 1219 4841 ζ’)
1236 4778 1266 4829 Β.
1283 4779 1431 4842 sepulturis.

390 4852 417 4915 (⁸)
434 4853 465 4903 R
481 4866 541 4903 arcu
556 4858 673 4905 extrema
689 4867 704 4904 a
720 4867 832 4918 corpora
849 4855 958 4906 ciriutia
974 4859 1133 4919 aequum
1149 4855 1190 4907 alt

391 4930 419 4992 (¹)
435 4930 598 4984 enudat
831 4931 859 4995 r)
877 4936 930 4993 un,
947 4932 1072 4985 unumne
