4154 6546
880 764 1021 819 CANTUS
1046 764 1207 817 TERTIUS.
1560 756 1630 821 117

461 916 508 991 de
532 936 608 989 uno
632 914 694 988 vili
719 912 963 1008 pusillanimo,
989 912 1052 1005 qui
1078 931 1250 1007 magnam
1268 910 1454 984 fortunam
1471 932 1576 985 suam
1593 906 1628 1005 (⁴)

460 1035 633 1110 vilissime
661 1034 834 1130 neglexit,
866 1039 903 1106 et
934 1030 1079 1105 tradidit
1107 1028 1213 1103 alteri
1244 1028 1461 1123 habendam,
1493 1038 1536 1104 ut
1565 1051 1632 1126 per

459 1153 563 1228 illum
590 1153 701 1226 talem
719 1157 852 1247 pateat,
872 1150 958 1245 quid
975 1150 1094 1224 vilitas
1111 1156 1148 1222 et
1164 1148 1441 1242 pusillanimitas
1456 1158 1632 1244 operetur

458 1272 497 1346 in
520 1270 691 1364 minimis,
717 1267 865 1363 quando
884 1271 922 1341 in
939 1288 1072 1364 magna
1090 1266 1279 1341 altitudine
1297 1267 1452 1341 lortunae
1470 1268 1520 1342 ita
1536 1289 1632 1363 prae·

459 1388 582 1484 cipitat
610 1387 808 1462 hominem.
839 1386 955 1461 lutor
984 1386 1082 1460 enim
1112 1386 1150 1458 in
1179 1385 1280 1458 omni
1310 1406 1448 1482 genere
1477 1373 1655 1461 vicioso-'i

460 1528 545 1580 rum
555 1498 593 1599 (¹)
610 1506 695 1580 iacit
710 1504 933 1579 mentionem
950 1504 997 1578 de
1013 1504 1280 1597 famosioribus,
1294 1509 1336 1575 ut
1352 1523 1485 1577 eorum
1503 1525 1632 1580 exem-

458 1628 518 1723 pla
542 1625 624 1721 plus
648 1631 822 1699 moveant
845 1623 988 1698 animos
1011 1624 1235 1717 auditorum,
1255 1623 1351 1696 sicut
1374 1623 1451 1717 ipse
1476 1631 1631 1699 testatur

458 1743 618 1820 Paradisi
643 1742 802 1839 capitulo
827 1742 931 1816 llVll.
958 1741 1011 1814 ud
1032 1741 1258 1836 propositum
1285 1762 1375 1838 ergo
1399 1741 1484 1815 dicit
1508 1749 1628 1836 autor,

458 1863 557 1958 quod
573 1883 618 1937 ex
636 1862 807 1937 omnibus
823 1862 900 1957 ipse
916 1860 1026 1957 elegit
1042 1868 1079 1935 et
1100 1861 1311 1956 recognovit
1327 1860 1488 1935 animam
1507 1862 1628 1956 unius,

458 1982 520 2078 qui
546 2002 593 2056 ex
605 1982 756 2087 ¹uilitate
772 1981 856 2055 lecit
873 2002 1045 2077 magnam
1061 1971 1098 2071 (³)
1118 1980 1441 2055 renunciationem.
1459 1981 1529 2055 Sed
1547 1982 1629 2075 quis

456 2101 524 2175 luit
548 2101 616 2175 iste
640 2120 798 2196 magnus
823 2098 963 2173 tristis?
987 2099 1095 2173 (lerte
1120 2100 1328 2172 communis
1347 2106 1385 2173 et
1410 2100 1573 2195 vulgaris
1588 2088 1625 2191 (⁸)

455 2220 533 2295 lere
557 2219 725 2294 omnium
749 2218 872 2314 opinio
897 2238 977 2293 esse
993 2218 1151 2311 videtur,
1172 2217 1271 2309 quod
1291 2224 1401 2291 autor
1426 2224 1550 2293 noster
1568 2218 1628 2293 hic

455 2340 629 2433 loquatur
652 2338 699 2412 de
719 2336 898 2412 celestino
923 2343 1067 2431 quarto,
1094 2337 1156 2429 qui
1174 2345 1325 2411 vocatus
1348 2344 1403 2412 est
1428 2338 1542 2413 irater
1558 2339 1627 2413 Pe-

454 2466 535 2532 trus
558 2459 606 2533 de
629 2458 804 2550 llorono;
831 2456 929 2551 quod
947 2456 1192 2550 multipliciter
1207 2456 1365 2550 probare
1390 2457 1561 2531 videntur
1575 2450 1624 2549 (⁶).

453 2577 576 2651 Primo
589 2576 738 2670 quidem
755 2576 962 2651 necessario
978 2575 1149 2650 videntur
1161 2564 1199 2667 (⁶)
1216 2595 1377 2671 arguere
1397 2576 1496 2669 quod
1515 2583 1626 2652 autor

452 2698 554 2773 dicit:
571 2700 708 2788 ilprou
723 2698 855 2787 tilieto,
868 2701 905 2769 et
921 2695 972 2768 sic
989 2695 1261 2769 antonomasice
1277 2695 1424 2769 videtur
1439 2696 1574 2771 debere
1586 2686 1622 2788 (⁷)

453 2816 601 2912 intelligi
630 2815 676 2890 de
709 2821 855 2910 papatu.
885 2814 1036 2888 Certum
1069 2821 1125 2888 est
1157 2813 1255 2888 enim
1287 2814 1386 2907 quod
1415 2813 1452 2887 in
1484 2815 1623 2891 mundo

453 2933 648 3010 christiano
672 2933 772 3007 nulla
799 2938 853 3006 est
878 2932 997 3026 major
1021 2931 1175 3027 dignitas
1207 2932 1369 3005 maximo
1400 2933 1621 3026 pontificatu.

451 3052 625 3125 Preterea
653 3049 778 3124 dicum
801 3050 901 3143 quod
926 3049 1126 3124 celestinus
1147 3049 1228 3143 plus
1250 3057 1393 3144 poterat
1415 3053 1621 3145 promereri

451 3170 488 3243 in
518 3168 645 3243 labore
675 3175 711 3242 et
740 3188 830 3242 cura
860 3167 1082 3259 animarum,
1113 3188 1224 3260 quam
1257 3167 1294 3239 in
1325 3168 1448 3260 quiete
1479 3176 1517 3243 et
1541 3171 1622 3245 ocio

449 3286 603 3362 heremi.
616 3286 718 3361 Unde
729 3286 1058 3380 Petrusupostolus
1074 3284 1206 3359 dicitur
1218 3285 1383 3381 arguisse
1396 3287 1621 3363 Clementem

449 3405 513 3501 qui
538 3402 700 3501 fugiebat
729 3410 914 3500 papatum.
941 3405 1114 3477 Preterea
1143 3402 1269 3477 dicunt
1300 3405 1398 3497 quod
1430 3406 1622 3501 Apostolus

448 3524 560 3600 dixit:
586 3524 761 3615 laborovi,
787 3544 860 3595 nou
881 3525 1101 3616 lruodficooi,
1119 3523 1169 3596 ita
1186 3524 1286 3617 quod
1302 3524 1505 3601 sufficiebat
1522 3529 1621 3603 bono

447 3644 571 3719 auimo
596 3643 779 3734 laborare,
805 3641 890 3715 licet
917 3662 991 3715 non
1025 3641 1185 3714 multum
1215 3641 1419 3736 proficeret.
1447 3647 1619 3724 Preterea

446 3764 572 3839 dicunt
591 3752 642 3856 (⁸),
667 3766 999 3855 quantuncumque
1025 3761 1118 3835 sorte
1143 3761 1344 3837 celestinus
1373 3764 1499 3839 iecerit
1525 3767 1621 3841 hanc

448 3902 623 3981 magnam
644 3880 957 3956 renunciationem
975 3880 1072 3955 bono
1092 3887 1130 3955 et
1148 3903 1244 3976 puro
1259 3882 1395 3976 animo,
1412 3891 1537 3959 tamen
1558 3906 1619 3962 re-

448 3992 617 4097 putatum
642 4000 711 4073 luit
735 3989 853 4091 sibiet
880 3999 1101 4095 generaliter
1125 3998 1172 4073 ad
1198 4000 1398 4074 maximam
1416 4003 1617 4098 vilitatem3

448 4120 548 4215 quod
571 4117 698 4215 negari
723 4138 797 4192 non
822 4123 949 4211 potest.
977 4116 1048 4192 Sed
1072 4116 1246 4212 breviter,
1264 4120 1437 4214 quicquid
1462 4122 1617 4218 dicatur,

448 4236 539 4311 milri
561 4236 707 4312 ridetur
731 4236 829 4330 quod
855 4243 964 4310 autor
985 4236 1086 4311 nullo
1110 4236 1220 4312 modo
1238 4237 1412 4330 loquatur
1432 4261 1499 4315 nec
1516 4242 1616 4335 loqui

446 4348 559 4451 possit
581 4356 627 4432 de
651 4355 841 4431 Celestino.
867 4356 1004 4449 Primo,
1030 4355 1117 4448 quia
1148 4356 1230 4431 lioet
1259 4356 1460 4433 celestinus
1489 4361 1617 4436 lecerit

507 4560 537 4626 (¹)
551 4561 577 4612 8.
592 4575 667 4613 sum
682 4560 879 4625 neglexit-ll.
894 4573 969 4611 suam
984 4561 1184 4625 pudlluuimlter
1199 4566 1227 4612 ot
1241 4562 1362 4614 rillsalme
1377 4563 1500 4629 neglexit.

507 4638 535 4701 ω
551 4642 605 4697 tto,
621 4638 754 4687 rlllorum.
805 4638 808 4643 ’
1186 4634 1213 4699 l')
1228 4636 1260 4688 R.
1274 4639 1421 4690 maximam.

505 4713 533 4777 (¹)
547 4713 574 4764 S.
590 4712 704 4777 vulgaris
718 4712 807 4777 oplulo
822 4717 861 4764 ost
877 4712 947 4776 quod
962 4717 1047 4763 autor.
1183 4712 1210 4775 [¹]
1226 4714 1258 4764 ll.
1274 4715 1378 4778 probari
1395 4715 1507 4767 ridetur.

505 4788 534 4853 θ)
551 4793 604 4849 llo,
622 4788 732 4840 ridetur.
1183 4789 1211 4853 (¹)
1226 4790 1252 4841 S.
1269 4791 1337 4843 velle
1351 4792 1508 4857 intelligere.

505 4864 535 4929 ll)
548 4864 574 4915 S.
590 4865 688 4927 dicunt,
703 4865 773 4929 quod
788 4870 1026 4930 quantuncumque.
1184 4866 1210 4929 (⁸)
1225 4867 1251 4918 S.
1268 4868 1315 4918 sllrl
1331 4868 1363 4919 ud
1378 4870 1523 4920 mulinum.
