3990 6540
1509 811 1576 879 381

412 1093 575 1162 CANTUS
597 1093 787 1162 DECIMUS
810 1093 1041 1175 SECUNDUS,
1055 1095 1090 1159 iu
1105 1115 1164 1177 qno
1181 1099 1298 1160 tractat
1311 1094 1392 1159 stne
1405 1096 1441 1159 in
1456 1097 1582 1162 descen·

483 1207 570 1273 storto
583 1209 666 1289 ripe
685 1208 871 1273 iuvetcrunt
885 1206 1107 1273 Minotamm
1120 1227 1221 1288 snpra
1237 1207 1353 1286 mina,
1369 1212 1400 1271 et
1409 1214 1523 1288 postea
1543 1209 1583 1274 de

486 1316 616 1398 flectunt
629 1320 873 1402 conquiniscam
890 1324 964 1384 sunt
981 1320 1119 1402 tyranni,
1132 1323 1162 1382 ct
1178 1319 1217 1384 de
1233 1319 1323 1384 nodo
1336 1339 1441 1400 paettoe
1457 1339 1580 1398 comm

482 1435 513 1496 ct
533 1430 615 1496 sicut
634 1451 699 1512 per
726 1450 824 1496 unum
848 1427 1040 1496 Centaurum
1064 1429 1196 1512 fuerunt
1218 1430 1337 1495 meorte'
1358 1435 1388 1496 et
1410 1431 1472 1495 tuti
1492 1429 1581 1495 tdtro

484 1807 619 1974 Em
637 1902 672 1972 lo
685 1902 760 1972 loco
772 1919 836 1970 ooe
849 1919 873 1970 u
884 1901 1028 1972 menter
1040 1902 1077 1970 lu
1088 1901 1170 1972 riou
1186 1900 1366 1971 ondmmo.
1380 1899 1579 1992 Postquam

411 2018 653 2113 insuperiori
683 2018 842 2113 capitulo
872 2019 1040 2113 proxime
1071 2018 1287 2112 praecedenti
1317 2026 1427 2092 autor
1458 2024 1581 2093 noster

411 2138 531 2213 divisit
547 2145 585 2214 et
600 2139 761 2213 distinxit
777 2146 892 2212 totam
910 2138 1093 2213 civitatem
1113 2139 1325 2213 infernalem
1344 2160 1410 2233 per
1426 2138 1582 2214 circulos

410 2259 603 2353 generales
628 2264 665 2333 et
690 2257 874 2353 speciales,
901 2278 1000 2331 nunc
1024 2265 1290 2350 consequenter
1321 2258 1358 2331 in
1391 2258 1459 2332 isto
1483 2259 1582 2354 capi-

412 2378 489 2451 tulo
515 2377 578 2450 llll
603 2376 678 2473 agit
703 2384 740 2450 et
765 2383 897 2453 tractat
915 2377 962 2451 de
978 2376 1097 2471 primo
1111 2369 1149 2469 (⁴)
1166 2377 1303 2451 circulo
1326 2377 1581 2473 violentorum,

411 2495 448 2569 in
473 2517 548 2590 quo
574 2496 778 2591 puniuntur
804 2496 951 2571 violenti
976 2503 1104 2571 contra
1122 2497 1345 2591 proximum.
1364 2497 1407 2569 m
1423 2519 1582 2592 praeseus

413 2617 613 2711 capitulum
640 2622 757 2711 potest
787 2615 1031 2712 principaliter
1061 2616 1169 2691 dividi
1203 2616 1239 2690 iu
1273 2624 1434 2710 quatuor
1458 2624 1580 2712 partes

411 2736 614 2831 generales.
640 2736 679 2807 lu
714 2756 874 2828 quarum
906 2737 1023 2829 prima
1054 2742 1164 2809 autor
1191 2736 1362 2811 describit
1390 2735 1578 2810 introitum

412 2856 515 2929 istius
536 2855 674 2948 circuli,
692 2862 728 2930 et
744 2855 933 2929 custodem
955 2855 1065 2949 ipsius
1083 2855 1161 2930 loci.
1181 2857 1220 2928 ln
1237 2856 1397 2929 secunda
1415 2862 1581 2930 removet

411 2974 565 3049 dubium
591 2975 688 3049 circa
712 2975 980 3069 dispositionem
1007 2976 1116 3049 huius
1142 2975 1222 3068 loci,
1248 2982 1285 3050 et
1308 2975 1479 3050 describit
1503 2996 1582 3069 pm-

412 3115 499 3169 nam
524 3095 769 3170 uiolentorum
795 3102 924 3170 contra
949 3095 1172 3190 proximum,
1189 3102 1227 3170 et
1244 3095 1427 3177 ministros
1451 3116 1579 3190 poenae,

412 3216 472 3310 ibi,
489 3218 539 3307 pli
555 3219 659 3289 occtt.
677 3217 716 3289 ln
731 3215 836 3291 tertia
853 3214 1009 3290 ostendit
1025 3214 1212 3309 quomodo
1229 3215 1379 3290 luerunt
1393 3207 1430 3306 (²)
1445 3216 1580 3311 recepti

411 3335 471 3429 ibi,
498 3342 535 3410 et
559 3335 745 3429 quomodo
772 3335 1004 3430 transportati
1029 3355 1096 3430 per
1128 3336 1265 3409 llumen
1297 3343 1446 3429 accepto
1475 3336 1582 3429 duce,

409 3457 476 3531 ibi:
503 3458 689 3547 tepente
713 3476 916 3548 oppressor.
943 3458 981 3528 lu
1007 3461 1139 3548 quarta
1165 3461 1201 3528 et
1228 3455 1355 3528 ultima
1382 3462 1513 3530 tractat
1536 3455 1582 3530 de

408 3575 627 3670 quibusdam
660 3575 916 3670 principalibus
947 3574 1112 3651 violentis
1145 3583 1273 3649 contra
1304 3576 1513 3669 proximum
1545 3575 1581 3649 iu

407 3716 562 3790 persona
594 3705 633 3771 et
661 3714 748 3787 aere,
778 3695 850 3769 ibi:
881 3716 925 3767 or
950 3699 982 3768 ct
1011 3716 1213 3768 ntovcmmo.
1246 3695 1298 3769 Ad
1331 3696 1490 3791 primum
1517 3715 1582 3769 ve·

407 3817 509 3892 niens
519 3815 614 3908 dico,
627 3814 725 3908 quod
739 3822 848 3889 autor
860 3814 1031 3890 describit
1046 3815 1262 3890 descensum
1275 3816 1322 3890 ad
1335 3816 1445 3889 istum
1460 3815 1581 3889 circu-

407 3936 484 4010 lum
510 3955 596 4009 cum
622 3934 773 4008 custode
799 3935 888 4027 eius,
915 3942 953 4009 et
977 3936 1192 4009 continuans
1213 3956 1253 4008 se
1272 3935 1319 4008 ad
1336 3934 1579 4030 praecedentia

405 4053 512 4130 dicit:
540 4060 617 4127 Era
641 4058 675 4127 to
701 4058 786 4127 loco.
804 4054 858 4128 dd
874 4055 981 4129 cuius
997 4055 1240 4151 cognitionem
1258 4056 1396 4129 claram
1414 4062 1469 4129 est
1485 4075 1581 4148 prae-

406 4173 594 4247 sciendum
620 4175 718 4267 quod
743 4181 853 4249 autor
878 4176 956 4250 vult
980 4176 1173 4250 ostendere
1204 4176 1326 4250 locum
1357 4175 1467 4248 istum
1499 4196 1579 4249 esse

405 4312 578 4386 asperum
603 4293 810 4387 dupliciter3
837 4294 955 4386 primo
976 4295 1202 4387 naturaliter,
1221 4295 1307 4387 quia
1334 4301 1415 4368 erat
1431 4294 1526 4367 altus
1543 4301 1581 4367 et

408 4432 559 4504 repens3
586 4412 746 4485 secundo
771 4412 1053 4505 accidentaliter,
1080 4421 1228 4507 propter
1254 4413 1288 4487 id
1314 4414 1518 4507 quoderat
1544 4415 1580 4488 in

406 4552 472 4624 eo,
499 4530 592 4605 sicut
616 4532 735 4626 gratia
761 4532 941 4626 exempli:
973 4532 1176 4628 imaginare
1205 4533 1235 4606 si
1267 4533 1384 4606 vidisti
1415 4554 1579 4626 unquam

406 4652 443 4724 in
481 4651 620 4725 mundo
657 4652 693 4725 in
729 4652 881 4728 transitu
914 4652 1069 4727 alicuius
1103 4653 1193 4747 alpis
1230 4653 1391 4748 aliquem
1431 4652 1581 4729 desueu-

468 4925 732 4991 ppsuepmum
1140 4926 1475 4995 micenarum.
