4154 6546
878 775 1016 832 caurus
1042 777 1208 834 uncinus.
1556 766 1626 834 353

459 922 533 997 iam
559 929 774 1015 evenerunt,
799 921 850 996 ita
875 924 973 1016 quod
999 945 1071 998 non
1102 930 1187 997 sunt
1216 924 1373 1018 amplius
1399 925 1434 998 in
1460 924 1539 1000 [ieri
1565 925 1629 1001 sed

458 1042 496 1117 in
521 1044 616 1117 tacto
641 1063 740 1133 esse;
767 1043 865 1117 unde
888 1042 995 1117 dicit:
1027 1066 1045 1116 e
1074 1046 1171 1117 uultu
1195 1064 1304 1137 sapen
1328 1047 1367 1117 cu·
1396 1053 1514 1118 vostro
1538 1053 1628 1119 stum

458 1183 602 1254 umano,
627 1162 832 1237 seilicetde
857 1163 1039 1258 praesenti,
1064 1167 1189 1237 suunt
1212 1185 1284 1236 non
1307 1168 1340 1237 α’
1363 1172 1506 1257 apertu,
1537 1166 1628 1258 idest

458 1284 524 1357 nisi
549 1284 679 1377 aliquis
704 1283 846 1359 noviter
871 1284 1020 1359 veniens
1044 1284 1090 1358 ad
1104 1277 1142 1377 (¹)
1168 1284 1352 1358 internum
1370 1286 1507 1360 reserat
1523 1285 1627 1359 nobis

458 1424 552 1479 nova
578 1404 624 1479 de
648 1403 787 1478 mundo
808 1411 930 1478 vestro
948 1404 1162 1497 viventium,
1179 1403 1273 1478 sicut
1294 1411 1332 1477 tu
1352 1405 1486 1480 Dantos
1504 1405 1625 1498 modo,

457 1530 495 1599 et
519 1523 613 1599 sicut
636 1523 778 1598 dicetur
797 1523 891 1598 intra
907 1524 1066 1618 capitulo
1083 1524 1162 1598 XVl
1179 1523 1226 1598 de
1241 1522 1423 1600 Gulieimo
1440 1524 1623 1598 Burserio.

457 1643 545 1719 *Est
556 1649 682 1719 autem
696 1643 755 1718 hie
767 1643 862 1719 bene
871 1644 1072 1719 notandum
1082 1644 1181 1737 quod
1194 1645 1230 1718 in
1244 1645 1426 1720 damnatis
1435 1651 1627 1720 estaetua-

457 1764 500 1837 lis
512 1762 645 1839 noticia
658 1783 789 1838 eorum
804 1783 888 1857 quae
900 1763 1096 1856 aliquando
1112 1772 1366 1860 oognoverunt
1382 1764 1420 1837 in
1438 1764 1522 1858 vita,
1539 1783 1624 1856 quae

456 1882 582 1957 notitia
602 1892 658 1958 est
673 1873 712 1974 (²)
737 1881 789 1956 eis
812 1882 859 1957 ad
885 1881 1083 1975 tristitiam
1110 1902 1157 1956 ex
1182 1883 1362 1958 memoria
1380 1903 1470 1978 ergo
1491 1903 1622 1958 eorum

455 2023 540 2097 quae
560 2003 741 2098 viderunt,
759 2003 1013 2078 coniecturare
1037 2007 1188 2097 possunt
1203 2003 1327 2096 aliqua
1344 2002 1469 2077 sutura
1485 2002 1626 2077 oontin-

453 2124 587 2220 gentia,
613 2123 708 2198 sicut
732 2122 899 2197 videmus
924 2121 982 2197 hic
1006 2122 1105 2216 quod
1129 2123 1290 2218 prudens
1307 2130 1344 2198 et
1366 2130 1538 2219 expertus
1558 2123 1626 2198 ati-

454 2243 602 2337 quando
618 2243 781 2340 praedieit
792 2242 927 2336 aliquid
940 2243 1120 2337 futurum,
1139 2241 1233 2316 sicut
1251 2244 1491 2318 mutationem
1509 2250 1626 2317 status

454 2383 532 2437 suae
558 2363 699 2459 patriae,
722 2368 759 2438 et
784 2369 908 2438 tamen
932 2369 1050 2457 potest
1074 2383 1155 2437 esse
1180 2363 1278 2456 quod
1304 2363 1449 2459 ignorat
1473 2363 1622 2456 quando

454 2484 492 2559 nt
518 2485 801 2580 praesentiantur,
828 2483 914 2577 quia
940 2489 995 2558 est
1019 2483 1162 2578 absens,
1187 2482 1254 2556 nisi
1280 2483 1346 2557 sibi
1372 2484 1554 2559 referatur
1575 2482 1623 2557 ab

450 2604 540 2680 alio:
566 2605 635 2678 isto
661 2602 770 2678 modo
795 2603 976 2697 Farinata,
993 2602 1147 2677 Ciachus
1172 2609 1209 2678 et
1234 2602 1384 2695 quidam
1405 2594 1440 2695 (³)
1468 2602 1528 2677 alii
1554 2601 1623 2676 fin·
1732 2635 1740 2646 ·

450 2732 590 2822 guntur
604 2723 802 2820 praedicere
818 2724 1060 2798 mutationem
1074 2723 1276 2798 Florentiae.
1291 2724 1383 2797 Nota
1400 2722 1510 2798 etiam
1524 2723 1622 2816 quod

450 2844 557 2919 litera
581 2842 721 2918 autoris
745 2843 942 2919 oonoordat
966 2863 1054 2917 eum
1079 2842 1175 2927 dicto
1200 2842 1403 2939 Augustini,
1429 2841 1493 2935 qui
1517 2841 1621 2916 dicit:

451 2966 645 3038 Fatendum
669 2973 724 3039 est
744 2967 877 3037 nescire
909 2971 1065 3038 mortuos
1092 2966 1178 3057 quid
1205 2971 1335 3055 ugutur
1363 2965 1446 3037 dum
1480 2967 1621 3056 agitur,

448 3093 570 3178 postea
587 3106 670 3160 vero
685 3092 834 3178 possunt
856 3087 981 3158 uudtee
997 3085 1042 3156 ab
1058 3086 1111 3157 ln's
1127 3086 1186 3176 qui
1201 3086 1279 3157 nine
1295 3087 1345 3157 ud
1360 3105 1419 3157 eos
1439 3085 1621 3157 moriendo

446 3212 621 3299 pergunt,
644 3212 790 3298 possunt
813 3208 916 3278 etum
941 3206 987 3277 ub
1012 3206 1146 3295 uegetos
1170 3206 1294 3278 uttdire
1317 3193 1539 3296 uliqnd*(‘).
1567 3204 1618 3276 En

451 3324 553 3399 dictis
572 3315 608 3416 (⁶)
635 3324 711 3419 ipse
736 3324 831 3399 elicit
856 3345 971 3398 unam
994 3323 1277 3418 conclusionem,
1295 3322 1394 3418 quod
1411 3323 1621 3398 omnimoda

451 3444 654 3540 ignorantia
679 3451 717 3519 et
741 3444 841 3518 nulla
866 3443 1014 3519 seientia
1040 3444 1109 3518 erit
1134 3443 1170 3517 in
1196 3443 1271 3516 istis
1288 3451 1368 3539 post
1384 3444 1480 3520 diem
1500 3444 1622 3518 novis-

450 3565 602 3659 simum,
619 3564 702 3640 ideo
717 3564 803 3653 dicit
817 3589 825 3636 :
838 3557 929 3656 pero
942 3567 1029 3657 puoi
1044 3566 1305 3656 conprendere,
1327 3564 1419 3639 idest
1435 3585 1482 3640 ex
1499 3566 1621 3641 verbis

450 3686 541 3760 meis
553 3693 656 3782 potes
673 3704 907 3782 eognoscere,
921 3687 980 3757 cte
991 3692 1115 3758 nostru
1132 3688 1371 3779 conoscenziu,
1389 3685 1480 3760 idest
1496 3694 1621 3761 nostra

448 3805 606 3902 cognitio
637 3805 697 3881 vei
730 3805 965 3899 scientialia
995 3811 1082 3878 tutto
1106 3812 1235 3897 mortu,
1261 3805 1353 3880 idest
1376 3807 1446 3880 erit
1471 3805 1620 3880 omnino

448 3924 600 4020 perdita,
625 3926 675 3999 du
698 3926 779 4017 quet
794 3932 905 4017 punto
930 3926 990 3997 eie
1015 3928 1052 3998 tu
1070 3931 1181 4016 portu
1197 3926 1254 3997 det
1267 3929 1406 4019 insono
1419 3928 1472 4017 fiu
1487 3927 1620 4017 emuna,

448 4043 539 4119 idest
555 4051 636 4139 post
652 4043 750 4119 diem
764 4042 896 4137 iudicii,
914 4044 1001 4138 quia
1023 4044 1145 4118 nulius
1164 4045 1296 4138 poterit
1312 4050 1438 4138 postea
1455 4064 1619 4140 peceare,

449 4184 515 4239 nec
532 4185 599 4259 por
614 4185 843 4258 oonsequens
860 4165 915 4238 ire
931 4165 979 4239 ad
993 4165 1194 4259 internum,
1213 4166 1271 4240 vel
1287 4166 1492 4240 secundum
1509 4167 1619 4242 aliam

447 4283 605 4380 literam,
629 4287 688 4359 det
707 4290 840 4380 petuo,
866 4285 952 4378 quia
977 4292 1058 4379 post
1089 4286 1303 4361 sententiam
1335 4307 1507 4383 magnam
1534 4287 1621 4361 nihii

446 4405 517 4480 erit
541 4406 698 4502 amptius
723 4407 904 4502 futurum,
931 4406 1018 4500 quia
1043 4407 1167 4481 omnia
1200 4415 1310 4482 erunt
1338 4407 1545 4505 adimpleta,
1572 4407 1622 4483 ita

508 4669 535 4730 (¹)
550 4668 582 4720 Β.
598 4669 631 4720 ud
646 4669 753 4722 interos.

508 4743 536 4806 Γ)
552 4745 584 4796 Β.
599 4751 639 4798 ott
653 4748 739 4811 quood
756 4748 895 4797 tristitiam.
1071 4745 1099 4810 t')
1114 4747 1141 4796 S.
1157 4746 1263 4811 quidum
1279 4747 1352 4797 nlius.

508 4821 536 4886 (⁸)
552 4823 645 4876 uam
660 4825 703 4876 uei
719 4824 811 4876 Codtoe
830 4829 875 4876 tto
891 4828 990 4889 quanto
1005 4826 1021 4874 o
1036 4824 1080 4888 qut
1098 4836 1235 4886 eompreso
1252 4823 1291 4873 n·
1308 4824 1317 4873 i
1332 4823 1384 4874 duo
1399 4824 1542 4876 uterinum.

509 4899 536 4964 (⁸)
553 4900 584 4952 B.
601 4901 641 4952 Ex
656 4902 833 4954 dictitantium
848 4903 912 4966 ipse.

580 5007 601 5052 1.
1455 5007 1484 5052 8⁸
