4154 6546
776 767 916 822 caurus
941 768 1099 823 neuturus
1122 769 1299 835 Qunnrus.
1543 761 1615 827 l'ld

450 911 508 986 liic
532 908 737 984 Alexander
763 930 919 1005 magnus
936 910 1001 1003 qui
1021 930 1156 1006 magna
1172 911 1396 1005 pmvidentia
1413 933 1481 986 sua
1498 889 1618 987 extin-

451 1030 504 1107 xit
518 1023 554 1120 (¹)
581 1029 748 1103 dammas
773 1029 970 1123 naturales,
990 1029 1141 1104 nescivit
1165 1028 1381 1126 extinguere
1405 1031 1508 1106 inse
1533 1032 1619 1106 istas

448 1268 653 1345 ebrietatis:
675 1267 743 1342 luit
759 1267 857 1342 enim
874 1268 1030 1343 loedatus
1046 1268 1115 1343 ista
1131 1268 1275 1344 libidine
1292 1269 1498 1345 loedissima.
1517 1271 1618 1347 Sicut

450 1389 549 1464 enim
576 1388 689 1463 refert
713 1386 869 1472 Quintus
894 1387 1041 1463 Curtius
1066 1387 1158 1461 libro
1183 1388 1237 1460 X:
1264 1387 1412 1481 quidam
1438 1389 1617 1464 nubilissi-

452 1529 535 1582 mus
552 1507 720 1602 princeps
743 1526 934 1599 persarum
951 1506 1100 1581 nomine
1116 1506 1263 1582 Orsines
1280 1508 1441 1583 occurrit
1461 1510 1618 1583 Alexan-

449 1626 519 1702 dr'u
543 1647 631 1702 cum
656 1625 759 1700 donis
784 1625 904 1699 omnis
928 1626 1091 1721 generis3
1109 1625 1172 1700 sed
1193 1625 1273 1701 eius
1299 1633 1398 1701 tanta
1423 1627 1618 1702 liberalitas

449 1745 575 1820 nocuit
608 1744 692 1837 sihi3
724 1765 809 1817 nam
840 1744 1011 1818 omnibus
1039 1735 1184 1834 donal³l
1213 1744 1311 1819 dedit
1345 1752 1476 1839 praeter
1504 1766 1617 1839 quam

449 1864 595 1941 cuidam
621 1866 744 1961 lingue
759 1853 797 1956 (⁸)
822 1864 1025 1938 euncubinu
1048 1865 1156 1960 regis,
1173 1864 1311 1963 dicens:
1329 1885 1369 1940 se
1389 1867 1482 1941 velle
1501 1869 1616 1941 huno-

452 2003 536 2059 rare
560 1983 699 2058 amieos
724 1983 833 2078 regis,
851 2002 925 2056 non
944 1984 1167 2059 meretrices
1188 1985 1416 2079 Quapropter
1442 1986 1564 2080 Bague
1578 1977 1614 2076 (⁵)

448 2123 626 2179 supensus
651 2103 896 2197 indignatione
922 2110 959 2177 et
984 2103 1038 2176 ir'a
1063 2103 1248 2179 accusavit
1272 2104 1438 2178 Orsinem
1464 2105 1616 2179 avaritia

449 2229 488 2298 et
503 2221 707 2316 proditione
723 2220 870 2312 quando
887 2220 1006 2310 stabat
1015 2241 1108 2307 ,cum
1122 2220 1328 2295 Alexandro
1343 2230 1495 2297 secrete.
1518 2223 1618 2297 Unde

449 2341 597 2416 (lrsines
622 2347 820 2432 antequam
848 2338 1095 2432 suspicaretur
1112 2360 1152 2413 se
1168 2340 1332 2415 accusari
1347 2331 1384 2430 (ὅ)
1403 2349 1531 2436 captus
1551 2351 1617 2436 est,

450 2467 492 2536 et
506 2459 605 2554 quod
623 2459 803 2554 indignius
817 2458 899 2551 luit,
918 2458 966 2532 illi
984 2458 1164 2534 morituro
1181 2459 1292 2554 spado
1309 2460 1429 2535 iniecit
1445 2482 1617 2555 manum;

452 2599 565 2674 quem
600 2578 746 2653 Orsines
780 2578 926 2652 intuens
962 2576 1074 2652 dixit:
1104 2578 1327 2655 Audiveram
1357 2579 1394 2653 in
1423 2579 1506 2655 Asia
1531 2582 1617 2657 olim

450 2719 626 2796 regnasse
650 2705 862 2772 castratum.
889 2699 942 2770 lta
966 2697 1137 2771 obscena
1163 2697 1311 2772 luxuria
1334 2697 1529 2773 Alexandri
1554 2701 1619 2779 de·

447 2817 584 2893 struxit
610 2816 732 2889 virum
759 2815 1023 2890 nobilissimum
1048 2836 1240 2908 persarum
1268 2837 1342 2890 nun
1366 2819 1486 2893 sulum
1512 2817 1618 2895 innu-

449 2942 608 3028 nentem‚
627 2936 691 3009 sed
712 2935 823 3009 eliam
839 2934 1139 3031 benignissimum
1158 2935 1195 3007 in
1214 2955 1340 3029 regem
1356 2926 1405 3026 (⁷).
1418 2976 1468 2991 -
1481 2941 1614 3013 Senem.

448 3056 514 3131 llic
537 3061 648 3130 autur
673 3055 852 3149 descripta
872 3073 980 3147 poena
1002 3052 1158 3128 mirabili
1182 3053 1348 3147 istorum,
1366 3076 1464 3130 nunc
1484 3057 1620 3132 deseri·

448 3174 502 3250 bit
526 3175 692 3249 laborem
718 3173 959 3266 irrequietum
976 3161 1012 3263 (⁸)
1047 3171 1212 3264 istorum,
1238 3192 1313 3265 quo
1338 3174 1510 3248 continuo
1537 3175 1620 3248 lati-

447 3300 586 3391 gantur
613 3293 652 3366 in
682 3292 828 3365 vitando
853 3291 1021 3365 dammas
1046 3297 1226 3383 quantum
1252 3299 1413 3385 possunt.
1445 3293 1522 3368 lloe
1551 3314 1620 3368 au-

449 3419 526 3488 tem
538 3411 710 3507 exprimit
727 3411 795 3484 sub
811 3431 885 3484 una
903 3409 1125 3503 pulcerrima
1144 3409 1388 3505 similitudine,
1405 3412 1550 3487 dicens:
1569 3418 1620 3486 Lu

449 3538 564 3606 tesca
581 3534 625 3604 de
649 3535 681 3604 le
704 3533 830 3602 mucre
847 3531 956 3619 launi,
974 3528 1129 3601 istorum
1147 3528 1406 3624 violentarum,
1423 3552 1487 3604 era
1502 3536 1619 3606 sennia

449 3655 570 3744 riposo
594 3655 680 3742 mai,
711 3649 801 3724 idest
831 3649 909 3723 sine
940 3647 1076 3722 habere
1108 3668 1273 3740 unquam
1305 3649 1478 3743 quietem,
1511 3673 1618 3726 enro-

1512 3797 1617 3809 ———

511 3821 611 3928 mm,
627 3866 762 3931 extinguit.
891 3863 918 3926 (¹)
934 3863 965 3913 E.
981 3863 1148 3913 innaturales.
1277 3865 1303 3925 (⁸)
1320 3864 1350 3914 E.
1369 3865 1443 3916 bons.

511 3940 537 4003 (⁸)
554 3941 585 3990 E.
601 3941 694 4004 Begor.
892 3939 918 4001 (¹)
935 3938 966 3988 E.
982 3939 1075 4002 linger.
1278 3940 1304 4002 (⁸)
1321 3940 1351 3990 E.
1368 3946 1527 3992 accusatum.

334 4010 342 4017 ’
442 4028 444 4032 ⁴
511 4017 540 4080 01
557 4021 610 4078 111,
627 4019 733 4082 Regem.
750 4017 801 4067 Sed
823 4017 905 4080 turpis
924 4016 1037 4069 ebrietes
1052 4015 1179 4068 destruxit
1195 4017 1325 4069 civilatem
1340 4017 1491 4069 ditissimam
1507 4019 1616 4079 Persia:

450 4105 510 4143 uem
526 4095 592 4143 sicut
609 4095 662 4157 lpse
682 4094 786 4144 Curtius
802 4095 828 4143 in
845 4097 938 4156 quartu
955 4106 1016 4142 cum
1033 4093 1142 4156 cepisset
1157 4093 1274 4156 Pepolim
1292 4095 1421 4145 civitatem
1437 4101 1515 4158 ceput
1531 4099 1616 4162 regni,

448 4167 521 4218 sedes
541 4169 618 4232 regis,
634 4170 678 4219 ubl
694 4175 768 4219 erent
785 4169 910 4220 cumulati
931 4182 1034 4228 summ,
1051 4173 1189 4232 argentum
1204 4172 1232 4218 et
1247 4183 1338 4221 omnes
1355 4171 1476 4230 thesauri,
1493 4177 1520 4222 et
1536 4173 1617 4235 tpsssn

448 4247 530 4297 lolem
546 4244 677 4308 spelierunt
692 4248 822 4297 immensis
839 4247 931 4299 uvidis
940 4259 1002 4297 enm
1013 4259 1115 4296 summe
1130 4245 1235 4297 exuritis
1244 4251 1272 4297 et
1280 4247 1446 4309 crudelitate3
1458 4253 1545 4310 postes
1556 4262 1616 4304 cnm

447 4325 513 4370 esset
529 4326 649 4383 maratus
665 4322 725 4372 vino
735 4324 761 4371 in
773 4321 891 4372 convivio
908 4321 940 4370 sd
957 4320 1151 4384 persuasionem
1161 4320 1389 4372 culusdsstidls
1401 4323 1617 4382 meretricemne,

447 4407 509 4445 enm
529 4395 585 4446 eills
604 4396 728 4446 conviviis
748 4397 857 4447 ebriosis
877 4397 1009 4447 elrltm
1030 4396 1179 4458 predicta
1199 4396 1312 4447 inuidit
1325 4401 1354 4447 et
1369 4396 1428 4461 igne
1443 4399 1576 4451 rremsvlt.
1592 4399 1618 4450 Si

446 4473 517 4522 enlm
532 4473 633 4523 sobrius
648 4473 779 4536 inimicam
796 4475 888 4523 urbem
905 4473 1073 4523 destruxisset
1088 4477 1191 4535 poteret
1205 4475 1333 4529 excusari.
1346 4474 1392 4524 sed
1406 4475 1532 4536 quiscum
1544 4479 1618 4536 pete-

448 4549 481 4600 rlt
497 4561 627 4608 excusare,
645 4549 671 4598 ln
690 4553 759 4598 tants
777 4563 814 4608 re,
832 4552 891 4599 rino
908 4553 935 4599 et
950 4547 1124 4599 meretricula
1141 4549 1268 4611 paruisset
1285 4550 1347 4601 ldee
1362 4549 1428 4603 hene
1445 4549 1505 4600 dicit
1516 4548 1619 4600 Curtius

445 4623 518 4688 flod
532 4624 686 4675 maeddnes
701 4626 942 4676 verecundabuntur
958 4630 1011 4675 tsm
1027 4625 1146 4688 pulerun
1161 4625 1253 4677 urim
1266 4638 1283 4676 e
1298 4638 1360 4690 reas
1370 4625 1561 4690 summisse
1571 4627 1619 4676 de-

448 4698 536 4761 letam,
551 4705 578 4751 et
594 4701 649 4763 lpse
664 4701 815 4753 Alexander
830 4703 1005 4754 exhooerstus
1020 4702 1146 4752 ebrietate
1162 4704 1293 4765 plautium
1310 4716 1343 4753 ux
1357 4703 1432 4753 dietis
1449 4709 1535 4759 temes
1551 4709 1622 4769 petet

445 4777 579 4840 qud-edu
595 4777 745 4829 Alexander
761 4778 811 4841 mit
826 4780 958 4830 rlulentus
973 4779 1000 4828 in
1016 4783 1136 4827 naturam
1153 4780 1180 4833 b
1196 4780 1441 4832 unu-saeta.

511 4851 538 4916 Γ)
555 4858 609 4912 tle.
627 4854 778 4918 lquuietum.
