4154 6546
776 813 916 868 caurus
942 813 1101 870 naeuus
1124 813 1309 867 summus.
1557 798 1627 866 573

446 970 513 1065 ,est
537 962 692 1058 vulgare
708 960 754 1033 de
771 958 973 1054 166116-
985 967 1029 1034 Et
1044 980 1101 1034 an.
1120 960 1185 1034 Hic
1201 966 1311 1034 autor
1328 958 1498 1033 describit
1514 958 1628 1033 alium

458 1103 636 1180 magnum
663 1082 923 1155 ioeneratorem
938 1074 975 1174 (¹)
994 1082 1217 1176 paduanum,
1235 1102 1348 1174 quern
1374 1081 1538 1154 similiter
1564 1079 1630 1154 (16-

458 1204 581 1278 scribit
609 1202 656 1277 ab
680 1207 872 1275 armatura
897 1222 975 1275 suae
999 1204 1139 1299 gentis:
1167 1202 1234 1276 iste
1259 1201 1326 1274 tuit
1351 1200 1500 1294 quidam
1526 1187 1648 1274 mitesq

458 1325 504 1398 (16
529 1321 664 1415 Ρ6166,
691 1321 755 1415 661
780 1329 933 1396 vocatus
957 1328 1012 1397 est
1038 1322 1208 1397 dominus
1229 1321 1438 1418 Raynaldus
1454 1320 1501 1395 (16
1522 1322 1630 1395 Scro-

459 1443 587 1539 vignis,
622 1441 676 1516 vir
708 1441 904 1515 ditissimus
938 1442 975 1516 in
1011 1443 1246 1517 immensum.
1279 1441 1467 1538 Scrovigni
1503 1449 1628 1516 autem

460 1569 605 1659 portant
630 1583 780 1657 porcam
806 1582 980 1636 azurram
1006 1563 1043 1636 in
1068 1582 1198 1657 campo
1223 1562 1318 1656 albo,
1345 1568 1383 1636 61
1407 1561 1491 1636 1616
1515 1560 1630 1635 (1666-

459 1681 587 1756 minati
618 1689 716 1775 sunt,
746 1681 840 1756 sicut
869 1689 905 1756 et
934 1681 1083 1775 quidam
1114 1682 1242 1756 nobilis
1281 1701 1456 1755 romanus
1493 1700 1632 1778 cogno-

459 1803 620 1878 minatus
654 1808 709 1876 est
739 1801 889 1895 Scrotia,
925 1809 966 1875 ut
1002 1802 1115 1877 reiert
1147 1800 1352 1876 Macrobius
1385 1801 1477 1876 tibro
1512 1802 1653 1900 primo,

460 1922 719 1998 Saturnalium.
739 1921 831 1995 Dicit
846 1942 955 2018 ergo:
974 1928 1019 1995 nt
1033 1944 1082 1996 an
1099 1925 1150 1996 ct'
1163 1944 1253 1997 avec
1268 1929 1413 2014 sepnoto
1429 1926 1534 1996 ttsno
1550 1944 1632 1995 sac-

459 2046 565 2117 ctctto
589 2045 726 2132 biomo,
744 2044 893 2137 pienum
913 2044 1069 2138 pecunia
1091 2044 1219 2138 muita,
1239 2044 1358 2117 duna
1376 2049 1523 2137 scroffo,
1540 2043 1632 2118 idest

459 2185 581 2259 porca,
608 2185 747 2236 azarra
771 2184 789 2235 c
813 2185 954 2255 prosse,
980 2167 1029 2236 mi
1060 2167 1176 2237 disse:
1208 2167 1268 2237 cta
1295 2167 1352 2259 sai
1383 2173 1418 2238 ta
1447 2168 1485 2237 in
1511 2173 1632 2258 666616

455 2290 586 2379 fossa?
619 2284 754 2357 scilicet
784 2303 911 2378 arena,
942 2283 1047 2377 quasi
1078 2283 1195 2358 dicat:
1229 2284 1416 2378 quomodo
1445 2286 1563 2380 vivus,
1595 2295 1633 2361 et

459 2403 537 2477 sine
562 2423 670 2498 poena
695 2402 824 2477 venisti
850 2405 923 2477 buc
948 2411 985 2478 et
1004 2404 1050 2478 ad
1068 2403 1181 2498 quid?
1201 2411 1238 2479 61
1255 2404 1342 2497 6616
1359 2412 1467 2479 autor
1488 2412 1632 2500 poterat

461 2525 699 2620 respondere:
726 2543 796 2620 ego
821 2524 1011 2599 considam
1033 2525 1175 2618 aliquos
1191 2546 1345 2622 magnos
1370 2527 1629 2621 toenoratores3

460 2647 541 2720 ideo
566 2644 726 2721 licentiat
755 2663 854 2738 eum,
877 2655 914 2722 et
939 2646 1103 2720 nominat
1127 2646 1193 2720 sibi
1210 2638 1247 2739 (Ἰ)
1273 2647 1366 2721 (1666
1391 2647 1480 2721 alios
1511 2648 1628 2722 mari-

460 2786 540 2840 mos
578 2764 828 2858 imneratores,
859 2786 976 2839 unum
1016 2765 1239 2861 paduanum,
1269 2768 1427 2840 atterum
1469 2768 1630 2843 florenti·

460 2907 562 2959 num.
588 2885 680 2959 Dicit
704 2904 817 2980 ergo:
844 2906 888 2956 or
919 2893 950 2957 tc
980 2907 1023 2958 nc
1053 2907 1112 2977 vc,
1138 2887 1242 2980 quasi
1268 2886 1385 2961 dicat:
1411 2887 1540 2962 Frater
1566 2889 1629 2983 mi,

459 3026 583 3101 posses
608 3011 706 3078 stare
731 3003 838 3076 nimis
863 3003 932 3097 bic,
959 3003 1044 3096 quia
1071 3004 1195 3100 magni
1215 3004 1455 3081 soensratoros
1472 3014 1558 3080 sunt
1575 3008 1631 3080 in·
1688 3014 1703 3089 ζ

460 3127 549 3201 finiti
570 3128 649 3221 jam
675 3125 752 3218 bic;
778 3125 841 3199 sed
866 3124 983 3198 dicam
1011 3123 1073 3199 tibi
1099 3125 1146 3199 (16
1170 3124 1314 3199 duobus
1344 3126 1486 3222 magnis
1512 3127 1630 3223 magi·

458 3247 543 3322 stris
568 3267 702 3320 usurae.
730 3244 823 3318 Dicit
848 3263 957 3340 ergo:
984 3266 1002 3317 c
1022 3238 1152 3337 perctd
1173 3247 1420 3337 santanaco,
1446 3246 1549 3341 quasi
1575 3246 1631 3321 di·

459 3374 535 3444 cat:
562 3373 599 3441 61
625 3367 711 3460 quia
738 3376 778 3441 tu
804 3385 843 3438 es
870 3365 1055 3439 rediturus
1080 3365 1126 3438 ad
1152 3365 1332 3439 mundum
1353 3373 1391 3439 et
1412 3374 1630 3441 narraturus

459 3488 538 3581 ista,
565 3486 668 3561 ideo:
695 3488 798 3576 sappi
822 3486 919 3557 ctc’t
947 3488 1016 3558 mio
1048 3488 1136 3557 61616
1174 3488 1358 3576 Vadimus,
1384 3486 1518 3560 scilicet
1543 3487 1631 3561 civis

459 3627 564 3682 meus
589 3606 791 3702 paduanus,
809 3595 933 3677 scderd
950 3609 1021 3699 661,
1038 3605 1172 3679 scilicet
1198 3606 1234 3680 in
1252 3606 1317 3681 ista
1336 3628 1444 3702 poena
1471 3628 1632 3703 mecum,

459 3736 496 3802 et
521 3747 583 3802 me
607 3725 768 3818 sociabit,
787 3745 834 3800 ne
854 3727 953 3799 solus
978 3725 1168 3819 paduanus
1190 3728 1393 3801 custodiam
1412 3748 1629 3804 crumenam

459 3849 527 3942 bic,
553 3851 616 3920 dat
640 3849 709 3918 mio
740 3849 881 3918 nntstm
908 3849 1035 3939 fianco.
1069 3847 1139 3923 iste
1171 3846 1370 3922 Vitalianus
1402 3848 1470 3923 suit
1502 3832 1641 3924 nobilis*

458 3959 613 4058 milesii)
631 3966 678 4040 (16
695 3966 818 4039 Padua
836 3965 883 4041 (16
900 3967 967 4039 iltis
992 3966 1050 4042 (161
1075 3968 1203 4062 Dente,
1229 3968 1292 4061 qui
1320 3969 1465 4043 virebat
1489 3968 1627 4064 adbuc3

458 4088 540 4162 ideo
566 4086 781 4161 vaticinatur
807 4107 895 4160 eum
921 4093 1120 4161 venturum
1146 4087 1192 4161 ad
1218 4089 1441 4166 consortium
1472 4090 1631 4165 1666616-

458 4214 594 4301 torum,
613 4207 699 4300 quia
724 4213 804 4280 erat
829 4206 1014 4279 maximus
1032 4206 1163 4281 artifex
1182 4208 1292 4281 huius
1317 4208 1405 4282 artis
1431 4210 1661 4298 faenerato-4

459 4327 523 4400 riae
549 4347 633 4420 quaa
663 4336 719 4403 est
748 4325 892 4400 inimica
917 4326 1017 4400 artis.
1048 4327 1091 4398 Et
1116 4325 1217 4401 dicit:
1245 4349 1312 4401 con
1337 4333 1445 4422 questi
1464 4334 1629 4422 16166116

458 4469 524 4520 son
544 4450 750 4540 padovano,
784 4446 886 4540 quasi
914 4444 1028 4520 dicat:
1062 4446 1180 4521 babeo
1212 4449 1440 4544 praescriptos
1469 4451 1631 4526 florenti·

460 4588 526 4643 nos
551 4568 588 4641 in
613 4567 786 4642 societate
812 4587 913 4660 maa3
945 4567 1025 4641 ideo
1051 4572 1204 4663 expecto
1230 4589 1348 4643 unum
1378 4568 1424 4645 de
1449 4571 1540 4646 meis
1564 4592 1632 4668 pa-

459 4688 599 4763 duanis.
627 4689 670 4761 Et
695 4687 824 4762 ultimo
851 4689 918 4761 iste
942 4686 988 4762 (16
1013 4687 1220 4784 Scrovignis
1246 4690 1410 4764 nominat
1428 4691 1541 4767 alium
1559 4669 1640 4767 im?

523 4942 549 5005 (¹)
566 4940 597 4991 Ε.
613 4884 809 5002 formatorem,
821 4954 907 5006 quern
980 4940 1008 5004 (Ἴ
1024 4941 1055 4991 E.
1071 4941 1096 4991 ei
1111 4942 1184 4994 duos
1247 4941 1276 5010 (⁸)
1291 4942 1323 4994 It
1337 4948 1355 4994 a
1369 4941 1396 4994 8.
1412 4942 1488 4996 nile·
1503 4943 1536 4997 de
1551 4944 1612 5000 uus
