3990 6540
697 797 837 852 cunnus
861 795 1055 851 sucuuous.
1415 782 1462 849 97

288 967 360 1020 me.
387 946 430 1018 Et
444 935 481 1034 (¹)
509 943 616 1016 debet
641 941 722 1014 addi
748 940 933 1014 oonclusio
953 939 1023 1013 sic:
1042 959 1133 1034 ergo
1159 960 1232 1012 non
1258 939 1376 1013 habeo
1394 959 1462 1014 uec

288 1065 404 1139 debeo
430 1083 496 1137 vos
521 1062 663 1134 timere.
699 1060 743 1131 Et
771 1059 919 1133 declaro
953 1057 1134 1131 minorem
1166 1079 1189 1132 a
1223 1057 1342 1152 simili,
1374 1058 1462 1151 quia

289 1184 413 1258 radius
438 1181 522 1255 solis
548 1199 622 1252 non
647 1177 855 1252 sordidatur
879 1198 902 1251 a
927 1198 1045 1271 coeno,
1065 1198 1132 1251 noc
1148 1178 1461 1272 splendificatura

287 1302 418 1377 lucido.
446 1301 490 1373 Et
514 1298 617 1371 dicit:
643 1291 690 1369 ne*
707 1300 856 1388 'tamma
871 1298 986 1369 d'esto
1008 1299 1165 1368 incendio
1185 1317 1258 1368 noo
1275 1299 1320 1368 ιη’
1333 1298 1462 1387 assate,

287 1422 379 1496 idest
403 1418 583 1492 incentiva
608 1423 645 1490 et
670 1416 960 1509 eoncupisoentia
974 1406 1008 1507 (¹)
1028 1416 1139 1488 huius
1159 1415 1286 1489 mundi
1306 1437 1380 1490 non
1405 1417 1462 1489 in·

288 1540 385 1615 vadit
411 1558 482 1611 me.
509 1538 552 1610 Et
577 1537 629 1610 sic
654 1544 738 1609 nota
763 1535 863 1629 quod
880 1543 989 1609 autor
1006 1536 1156 1609 intendit
1173 1536 1231 1609 hic
1247 1536 1293 1611 de
1315 1537 1460 1610 lnlerno

289 1657 429 1731 morali.
457 1657 531 1729 Nec
557 1655 667 1728 habet
692 1655 750 1727 hic
775 1655 898 1727 locum
929 1655 1083 1747 quaestio
1112 1676 1225 1747 quam
1258 1656 1363 1729 multi
1396 1677 1461 1729 su·

288 1777 430 1873 perllue
455 1775 603 1867 iaciunt,
628 1773 774 1867 scilicet,
800 1774 829 1846 si
864 1773 954 1847 visio
985 1774 1244 1847 damnatorum
1279 1775 1325 1847 sit
1348 1794 1460 1849 causa

288 1897 462 1993 passionis
488 1894 571 1988 ipsis
595 1894 720 1966 beatis.
748 1898 888 1965 Donna.
915 1894 979 1966 llic
1000 1894 1146 1966 Beatrix
1167 1901 1247 1989 post
1267 1895 1461 1991 digressio-

288 2036 374 2089 nem
401 2014 534 2087 iactam
559 2032 582 2085 a
608 2011 759 2106 Virgilio
782 2011 982 2086 revertitur
1006 2012 1053 2085 ad
1078 2013 1235 2106 primam
1266 2014 1459 2087 materiam

288 2142 326 2209 et
351 2133 567 2207 oontiuuans
593 2152 632 2205 se
657 2132 703 2204 ad
728 2131 890 2225 primum
925 2124 1065 2205 dictum
1094 2132 1178 2206 dicit
1210 2134 1274 2226 qui
1308 2133 1460 2207 luerunt

288 2258 451 2327 motores
480 2252 537 2324 sui
568 2251 632 2343 qui
667 2250 846 2324 miserunt
879 2272 973 2323 eam.
1004 2251 1048 2322 Et
1064 2242 1099 2342 (³)
1132 2253 1392 2327 sententialiter
1423 2260 1460 2327 et

287 2373 450 2447 breviter
475 2371 559 2445 dicit
584 2370 683 2463 quod
708 2370 877 2462 quaedam
896 2369 1023 2443 nobilis
1040 2370 1199 2465 domina,
1217 2373 1277 2445 cui
1296 2393 1368 2445 non
1389 2372 1460 2444 im-

155 2555 161 2566 .
287 2493 387 2586 ponit
417 2497 562 2565 certum
593 2509 739 2582 nomen,
774 2489 969 2562 oondolens
1002 2490 1121 2563 errori
1150 2492 1286 2585 Dantis,
1317 2494 1460 2568 vocavit

286 2609 396 2683 aliam
423 2609 621 2701 dominam,
647 2627 761 2700 quam
787 2614 892 2681 vocat
917 2608 1085 2701 Luciam;
1111 2630 1197 2703 quae
1220 2610 1332 2684 Lucia
1364 2611 1460 2683 misit

287 2728 491 2802 Beatricem
524 2727 570 2799 ad
606 2725 808 2820 Virgilium,
839 2732 881 2797 ut
910 2727 987 2820 ipse
1020 2727 1192 2823 Virgilius
1221 2737 1461 2804 succurreret

287 2848 403 2921 Danti.
429 2847 483 2920 ad
507 2844 780 2941 intelligentiam
806 2853 932 2919 autem
959 2847 1175 2921 narrationis
1192 2848 1303 2922 huius
1320 2855 1374 2922 est
1392 2869 1459 2923 no-

286 2966 450 3057 tandum,
482 2964 580 3058 quod
610 2964 813 3037 secundum
846 2966 1035 3060 theologos
1061 2967 1194 3060 duplex
1220 2968 1352 3041 dicitur
1378 2988 1458 3042 esse

286 3084 415 3181 gratia,
429 3102 591 3176 quarum
604 3082 722 3176 prima
736 3089 889 3155 vocatur
902 3084 1017 3177 gratia
1035 3103 1202 3177 operans,
1216 3105 1301 3178 quae
1316 3105 1460 3180 praeve-

287 3202 339 3276 nit
363 3202 560 3294 hominem,
587 3207 623 3273 et
653 3201 771 3295 ipsum
806 3208 999 3295 promovet
1033 3202 1079 3275 ad
1109 3203 1282 3277 virtutem
1299 3192 1348 3295 (⁸).
1379 3205 1457 3277 Alia

286 3329 440 3397 vocatur
463 3320 582 3415 gratia
601 3340 814 3414 cooperans,
832 3319 966 3393 scilicet
983 3319 1053 3412 illa,
1072 3339 1157 3413 quae
1177 3329 1370 3395 oonservat
1390 3324 1458 3396 ho-

286 3441 423 3514 minem
440 3439 476 3512 in
494 3439 570 3533 ipsa
587 3438 722 3511 virtute
738 3429 787 3528 (ὓ).
806 3438 908 3512 Unde
924 3439 1152 3533 Augustinus
1169 3438 1262 3513 libro
1279 3442 1322 3512 de
1337 3443 1460 3531 pratia

285 3567 318 3631 et
339 3560 447 3631 libero
471 3558 618 3629 otioso
643 3556 746 3629 dicit:
772 3560 1057 3649 cooperandum
1082 3559 1180 3630 nodis
1209 3563 1302 3631 Deus
1321 3562 1462 3651 perficit

286 3680 379 3774 quod
407 3677 588 3768 operando
616 3677 734 3767 oepit
747 3665 796 3766 (⁶).
823 3676 928 3749 llodo
958 3676 1004 3748 ad
1029 3677 1266 3771 propositum,
1298 3683 1408 3751 autor
1420 3667 1456 3769 (l

286 3796 464 3869 subtiliter
490 3793 591 3890 dogit
615 3794 831 3887 Beatricem,
858 3814 943 3887 quae
967 3795 1076 3869 habet
1108 3802 1268 3870 tractare
1296 3797 1344 3871 de
1375 3797 1457 3870 tali-

286 3915 367 4009 bus,
392 3915 515 3988 dicere
538 3915 609 3987 hoc
633 3914 802 4008 Virgilio:
829 3915 898 3988 hoc
924 3915 1022 3988 enim
1048 3915 1183 4010 figurat
1214 3915 1313 4009 quod
1337 3917 1457 4012 prima

286 4034 404 4131 gratia
429 4039 552 4108 movet
573 4032 783 4125 secundam,
804 4033 965 4106 secunda
986 4039 1110 4107 movet
1130 4034 1345 4128 Beatricem,
1364 4035 1457 4109 Bea-

286 4153 358 4225 trix
389 4159 513 4227 movet
549 4150 751 4247 Virgilium,
790 4151 960 4245 Virgilius
992 4158 1116 4225 movet
1149 4153 1316 4226 Dantem.
1351 4155 1456 4228 Nunc

350 4354 377 4415 (¹)
394 4358 447 4411 llo,
464 4353 498 4403 El
514 4353 583 4402 addit
599 4351 731 4403 concluslo
747 4352 793 4401 sio.

348 4427 377 4490 Ρ)
394 4428 424 4477 tt
440 4434 467 4478 et
484 4429 683 4491 eoncuplscitin
699 4428 777 4477 huius
791 4427 882 4476 mundi
898 4439 950 4476 non
967 4427 1091 4478 invadunt
1108 4441 1159 4479 me.

348 4501 376 4564 (¹)
391 4503 417 4553 S.
435 4516 450 4553 e
466 4504 497 4553 E.
514 4504 547 4554 Bt
564 4505 677 4554 breviter
694 4504 765 4553 diclt.

348 4578 375 4641 (Ἴ
389 4580 413 4629 11
431 4584 476 4629 llo
492 4581 634 4643 aggiunge:
652 4585 679 4630 el
695 4580 742 4629 lota
753 4579 835 4643 gratia
846 4579 992 4642 appellatur
1005 4582 1084 4643 gratis
1095 4582 1162 4641 dats,
1175 4581 1235 4645 qula
1245 4581 1347 4631 odvaull
1357 4580 1456 4631 homlul

284 4653 365 4704 nullis
380 4655 582 4717 precedentibus
598 4656 706 4711 meritis.
723 4655 765 4705 vel
780 4656 940 4720 extgmdtus
955 4657 1063 4706 meritis.
1080 4657 1140 4708 Alta
1156 4664 1206 4708 ete.

348 4730 376 4793 (⁸)
391 4731 413 4780 ll
431 4735 478 4781 llt
492 4731 636 4795 agglungo:
651 4737 678 4781 et
695 4732 742 4782 ista
757 4731 904 4794 appellatur
920 4732 1002 4795 gratls
1013 4739 1117 4796 gratum
1128 4732 1230 4794 ndens,
1242 4732 1296 4783 slve
1305 4731 1456 4796 lustldem

349 4883 376 4946 ε’)
393 4885 424 4934 ll.
441 4885 553 4948 hooplt.
694 4902 709 4917 ⁶
926 4886 953 4949 s')
970 4887 996 4937 S.
1012 4893 1089 4938 autor
1107 4891 1206 4938 noster.

418 4992 436 5035 t
1308 4994 1321 5036 t
