4154 6546
446 802 518 869 ⁶158
846 808 1049 867 murorum
1073 808 1225 863 rururur

446 965 505 1032 lor
519 961 605 1052 poet
623 960 693 1030 ello
715 960 783 1047 sio,
808 956 942 1031 scilicet
967 955 1003 1029 in
1030 954 1242 1050 particulari
1260 955 1317 1028 rel
1342 953 1510 1048 amplius,
1527 953 1615 1048 quia
1752 959 1757 966 '

447 1080 553 1154 nimis
577 1079 717 1152 dictum
741 1081 797 1151 est
821 1075 868 1151 de
892 1076 962 1151 ista
987 1072 1151 1150 materia.
1187 1079 1241 1149 Or
1262 1078 1360 1168 pooi.
1390 1073 1456 1148 Hic
1485 1072 1615 1149 ultimo

446 1207 555 1275 autor
579 1205 723 1272 ostensa
748 1196 953 1273 eternitate
975 1215 1096 1291 poeuae
1121 1194 1288 1288 istorum,
1313 1204 1410 1267 nunc
1439 1192 1540 1288 ponit
1563 1192 1617 1267 ir·

449 1317 787 1393 remediabilitatem
811 1336 942 1412 poeuae,
960 1315 1047 1411 quia
1066 1321 1186 1389 totum
1212 1332 1263 1388 res
1286 1312 1414 1387 mundi
1435 1331 1509 1386 non
1534 1323 1621 1408 posi

447 1446 503 1513 set
527 1443 691 1532 prestare
704 1429 741 1529 (¹)
769 1436 845 1511 istis
869 1436 1052 1511 modicam
1066 1427 1104 1527 (¹)
1130 1434 1292 1530 quietem
1319 1432 1454 1508 nedum
1488 1450 1616 1508 veram

449 1549 666 1650 felicitatem,
692 1577 806 1651 quam
836 1557 904 1632 ista
929 1556 1077 1631 fortuna
1101 1554 1315 1650 promittere
1339 1551 1494 1628 videtur.
1524 1551 1618 1627 llicit

449 1696 562 1773 ergo:
595 1697 618 1749 o
646 1679 783 1769 ltpliuot
813 1698 857 1750 or
890 1678 978 1769 puoi
1010 1677 1129 1766 cedo,
1159 1666 1294 1750 scilicet
1328 1693 1375 1748 ex
1408 1670 1616 1768 premissis,

450 1802 488 1869 lo
515 1803 616 1869 corto
644 1796 752 1888 lupo,
782 1794 873 1871 idest
898 1795 1049 1870 brevem
1075 1793 1285 1886 vanitatem,
1316 1794 1368 1865 dd
1381 1792 1446 1864 deo
1469 1794 1531 1865 cle
1552 1810 1618 1865 son

453 1917 631 1989 commeari
666 1935 691 1987 c
728 1918 764 1987 lo
798 1918 958 2007 sortem,
992 1912 1128 1988 scilicet
1164 1911 1210 1986 do
1247 1911 1520 2006 temporalibus,
1551 1930 1618 2005 per

442 2029 519 2125 ’cod
545 2035 637 2108 idest
667 2040 817 2129 propter
831 2024 868 2125 (³)
894 2050 979 2126 quae
1010 2031 1105 2105 bona
1132 2030 1299 2123 fortunae,
1325 2033 1496 2104 l’omnrm
1518 2037 1618 2121 pente

453 2154 663 2246 crecope,
688 2152 780 2226 idest
803 2152 1003 2227 altercatur
1016 2138 1054 2242 (⁴)
1080 2155 1118 2224 ct
1143 2149 1286 2223 rixatur
1311 2147 1357 2223 ad
1382 2148 1552 2244 invicem,
1577 2155 1619 2222 ut

456 2280 565 2368 patet,
591 2275 651 2346 cle
681 2279 765 2345 mtto
795 2274 894 2344 roro
924 2272 976 2343 clt'
988 2266 1026 2344 de
1049 2275 1138 2342 sotto
1169 2271 1206 2341 la
1230 2271 1328 2359 tmro,
1360 2267 1459 2362 quod
1483 2273 1540 2343 eet
1562 2267 1619 2342 di-

457 2414 543 2467 ccre
576 2393 613 2465 in
644 2398 720 2467 tota
756 2398 868 2484 terra,
894 2390 971 2466 sive
1000 2389 1093 2464 orbe
1124 2394 1322 2483 terrarum,
1352 2409 1371 2461 e
1399 2389 1460 2461 cle
1485 2379 1548 2481 pid
1576 2394 1617 2483 ste

455 2517 494 2585 di
516 2520 629 2603 queste
652 2516 769 2584 ummo
795 2513 947 2602 smerde,
972 2510 1059 2604 quia
1084 2508 1232 2583 sunt-in
1254 2506 1430 2584 continuo
1453 2508 1620 2583 discursu

459 2637 495 2704 et
519 2630 657 2724 labore,
682 2651 754 2703 non
772 2630 937 2722 potrebbe
958 2633 1023 2722 sar
1045 2632 1191 2721 riporcr
1216 2647 1300 2702 utto.
1332 2620 1426 2720 lltl⁵l
1451 2627 1510 2703 hlc
1535 2634 1620 2703 nota

458 2749 558 2843 quod
582 2749 678 2823 istud
703 2756 758 2823 cst
783 2755 899 2822 totum
927 2768 1060 2822 verum
1076 2748 1113 2821 in
1130 2747 1199 2821 isto
1216 2747 1366 2841 mundo,
1382 2747 1468 2841 quia
1485 2747 1515 2822 si
1530 2767 1620 2822 ara·

456 2890 520 2942 rus
545 2869 698 2942 haberet
722 2867 895 2961 quicquid
919 2867 1014 2962 auri,
1039 2866 1134 2960 reris,
1151 2886 1387 2962 gemmarum
1412 2873 1450 2943 et
1474 2866 1622 2943 divicia-

456 3008 539 3062 rum
566 2994 621 3062 est
645 2987 744 3082 apud
767 3006 898 3062 omnes
922 2986 1089 3062 homines
1117 2987 1257 3081 mundi,
1287 3007 1359 3062 non
1390 2987 1619 3081 qrrietaretur

456 3108 538 3182 eius
560 3107 707 3181 animus
731 3106 896 3202 cupidus,
922 3106 997 3181 imo
1024 3107 1140 3204 magis
1164 3107 1341 3202 cupiditas
1358 3107 1619 3197 invalesceret3

458 3233 495 3299 et
512 3226 562 3300 ita
578 3227 753 3323 prodigus
768 3232 888 3300 totum
904 3225 1079 3302 obiiceret
1096 3233 1133 3302 et
1149 3227 1237 3300 nihil
1253 3227 1440 3301 sufficeret
1455 3225 1502 3301 ad
1519 3225 1624 3321 quio

459 3344 612 3423 tandum
637 3344 803 3418 animum
827 3344 918 3420 eius.
944 3347 1162 3440 Exemplum
1187 3346 1289 3420 arari
1315 3346 1352 3418 in
1376 3345 1481 3439 Mida,
1498 3364 1626 3421 exem-

457 3466 558 3558 plum
583 3463 723 3561 prodigi
748 3465 785 3537 in
811 3465 967 3539 Nerone.

530 3590 687 3658 Moestro
711 3587 791 3657 nno.
819 3585 889 3658 lsta
914 3590 970 3658 est
995 3590 1127 3679 quarta
1159 3602 1246 3679 pars
1274 3583 1459 3680 generalis
1485 3583 1522 3656 in
1550 3602 1624 3676 qua

457 3711 566 3778 autor
585 3702 806 3798 digressorie
823 3708 956 3776 tractat
977 3702 1035 3777 de
1051 3702 1217 3777 fortuna:
1234 3703 1323 3797 quia
1340 3702 1437 3777 enim
1456 3698 1626 3796 Virgilius

458 3827 493 3897 in
519 3822 756 3918 responsione
771 3841 839 3895 sua
856 3821 993 3896 lecerat
1010 3821 1234 3896 mentionem
1250 3822 1298 3897 de
1314 3822 1460 3896 lormua
1474 3810 1527 3914 (⁸),
1543 3819 1626 3895 ideo

457 3951 566 4017 autor
591 3943 679 4038 petit
704 3940 906 4018 incidenter
927 3942 1017 4036 qnid
1042 3947 1097 4017 est
1121 3941 1281 4037 lortuna,
1305 3962 1392 4036 quae
1416 3939 1526 4016 habet
1548 3946 1625 4016 tam

459 4063 618 4157 amplam
643 4067 860 4158 potestatem
885 4082 999 4158 super
1022 4063 1119 4138 bona
1144 4061 1369 4158 temporalia,
1394 4061 1494 4136 unde
1516 4056 1624 4135 dicit:

458 4185 601 4274 coeo,
626 4182 728 4276 idest,
754 4203 825 4278 ego
850 4182 984 4257 Dentes
1008 4183 1129 4278 petivi,
1155 4203 1178 4256 o
1201 4188 1356 4257 moretm
1386 4185 1469 4271 mio,
1498 4201 1544 4256 or
1573 4203 1628 4256 ne

459 4305 505 4376 dt
516 4304 638 4393 nome,
664 4301 756 4377 idest
779 4301 878 4376 ultra
903 4300 1073 4397 praedicta
1089 4302 1147 4377 dic
1163 4302 1252 4377 milri
1267 4303 1399 4398 adhuc,
1416 4303 1477 4377 cde
1491 4296 1529 4378 de
1545 4322 1629 4395 orto¹

520 4540 547 4599 (¹)
563 4541 595 4591 ll.
609 4553 754 4604 procurare
769 4541 833 4592 istis.
1280 4596 1283 4601 .

520 4617 547 4677 t'l
564 4622 617 4677 llt,
634 4618 694 4680 ipsis
710 4618 839 4669 modicam
855 4619 979 4683 quietem.
996 4644 1026 4657 -
1041 4619 1068 4671 S.
1084 4620 1217 4671 modicum
1232 4622 1334 4686 quletis.

522 4693 548 4754 (¹)
564 4694 591 4743 S.
608 4707 654 4756 per
671 4708 738 4758 qna.
1066 4695 1092 4758 θ)
1109 4700 1165 4759 lte,
1182 4698 1317 4749 dictatur.

520 4768 547 4829 (⁸)
563 4769 588 4818 s.
605 4769 639 4819 Et
658 4774 719 4821 nota
739 4772 808 4834 quod
830 4777 916 4824 totum
936 4771 1005 4824 but
1025 4777 1181 4826 astrorum.
1197 4800 1229 4815 -
1243 4772 1276 4827 B.
1292 4775 1327 4827 ltr
1341 4772 1385 4828 hic
1399 4769 1543 4827 nohum
1558 4769 1629 4835 ΨΜ

460 4843 527 4895 istud
543 4848 583 4894 est
598 4848 683 4893 totum
699 4857 792 4896 rerum
806 4846 835 4896 ln
849 4847 901 4898 lloc
916 4847 1024 4899 mundo.

521 4918 549 4984 θ)
564 4924 618 4982 lit,
635 4919 797 4982 aeroma,
813 4934 872 4986 ῃι
888 4921 966 4974 utet
979 4927 1034 4975 tam
1051 4925 1172 4989 ampliu.
