4154 6546
580 783 649 851 102
977 791 1181 847 muncrum
1206 794 1359 847 rnranru

575 938 779 1014 cedendum
813 937 850 1011 in
881 958 949 1010 suo
980 937 1110 1011 itinere
1141 937 1310 1032 incoepto‚
1341 936 1477 1011 scilicet
1510 936 1752 1030 descriptione

575 1059 767 1152 viciorum,
794 1057 985 1150 virtutum,
1011 1062 1047 1130 et
1071 1055 1208 1129 summi
1232 1056 1329 1130 boni.
1356 1055 1448 1128 Dicit
1473 1074 1584 1149 ergo:
1614 1058 1753 1147 dunque

575 1180 634 1252 cde
658 1170 708 1269 dc,
733 1176 880 1269 scilicet,
906 1175 1005 1269 quod
1029 1181 1066 1250 te
1085 1175 1258 1274 ,timidum
1283 1174 1392 1249 iaciat
1411 1180 1449 1249 et
1465 1180 1614 1248 revocet
1630 1175 1678 1248 ab
1694 1174 1751 1248 in·

575 1300 725 1391 ooeptol
744 1290 885 1389 perctd,
905 1289 1035 1388 pocla*
1056 1298 1171 1385 risui,
1189 1295 1319 1390 repetit
1335 1295 1382 1368 ad
1399 1295 1579 1388 majorem
1600 1314 1751 1389 expres-

578 1419 731 1509 sionem,
751 1408 882 1508 paone
903 1418 1026 1505 ottettr,
1051 1414 1143 1489 idest
1168 1435 1237 1490 cur
1262 1421 1303 1488 tu
1328 1415 1509 1489 advocas?
1525 1421 1563 1488 et
1585 1420 1643 1489 est
1666 1434 1752 1489 rer-

576 1537 667 1611 bum
705 1536 932 1608 Tuscorum:
973 1534 1120 1626 quando
1158 1533 1255 1613 enim
1294 1534 1423 1607 volunt
1464 1552 1598 1608 vocare
1642 1552 1750 1609 avem

578 1654 723 1728 dicunt:
741 1656 865 1726 auaro
884 1655 981 1725 ittam
997 1673 1120 1725 ovem:
1137 1659 1174 1725 et
1190 1659 1244 1727 est
1261 1655 1383 1726 allecto
1405 1652 1562 1727 verbum
1580 1652 1753 1746 trequen-

577 1772 733 1846 tatinum
757 1771 869 1845 huius
894 1770 996 1844 verbi
1022 1772 1156 1842 ottr‘cm:
1168 1778 1323 1843 -tonta
1343 1761 1439 1860 uod,
1456 1770 1547 1844 idest
1567 1770 1753 1863 pusillani-

577 1891 755 1985 mitatem,
781 1894 839 1964 net
861 1911 937 1980 cor,
962 1890 1054 1963 idest
1079 1889 1174 1964 intra
1195 1895 1358 1964 mentem
1376 1882 1752 1982 dampnaremur

576 2031 596 2080 e
616 2011 833 2102 lrancdczzo
856 2029 929 2080 non
953 2010 1039 2081 lot?
1063 2008 1155 2082 idest
1174 2028 1242 2081 cur
1268 2028 1341 2081 non
1366 2007 1486 2109 potius
1506 2007 1618 2081 habes
1637 2008 1754 2082 auda

576 2129 671 2203 ciam
698 2134 735 2202 et
764 2127 969 2202 libertatem
999 2126 1248 2221 procedendi?
1279 2127 1322 2199 Et
1351 2125 1473 2199 subdit
1502 2147 1568 2221 per
1599 2126 1752 2200 brevem

580 2247 764 2343 epilogum
790 2246 965 2342 suffragia
990 2246 1152 2319 maxima
1167 2238 1203 2337 (¹)
1232 2266 1316 2339 quae
1333 2245 1453 2339 hahet,
1471 2245 1594 2320 dicens
1607 2268 1616 2316 :
1628 2248 1754 2338 porcio

577 2370 638 2440 cde
666 2371 716 2440 tui
743 2375 796 2440 tre
828 2371 943 2440 donne
976 2367 1158 2457 benedetto,
1190 2366 1280 2440 idest
1309 2365 1438 2461 beatae,
1469 2366 1604 2440 scilicet
1634 2367 1753 2461 gratia

579 2487 805 2580 praeveniens
821 2477 871 2579 (²),
905 2487 982 2560 sive
1012 2485 1292 2580 praedestinatio,
1325 2487 1445 2581 gratia
1479 2486 1688 2559 illuminans
1703 2475 1753 2580 (³),

579 2604 727 2678 scientia
744 2604 876 2694 divina,
894 2624 1005 2675 curan
1027 2607 1065 2676 dt
1081 2611 1125 2694 te,
1142 2604 1233 2677 idest
1250 2610 1450 2698 procurant
1466 2612 1502 2679 et
1524 2605 1755 2679 intercedunt

578 2743 646 2818 pro
672 2729 719 2815 te,
745 2725 839 2794 netto
863 2730 957 2793 corte
981 2724 1039 2795 det
1061 2725 1137 2813 ciet,
1154 2723 1216 2795 ubi
1241 2725 1404 2798 multum
1422 2731 1585 2820 possunt,
1602 2732 1640 2799 et
1656 2724 1753 2797 ultra

578 2840 768 2936 praedictas
792 2840 942 2915 scientia
968 2846 1004 2915 et
1030 2840 1237 2934 eloquentia
1263 2844 1436 2917 humana.
1455 2844 1557 2918 Unde
1579 2843 1681 2917 dicit:
1699 2845 1757 2914 c't

579 2963 650 3033 mio
670 2962 803 3052 portur
828 2967 925 3032 tuoto
950 2962 1014 3032 den
1039 2964 1266 3052 timontette,
1291 2962 1395 3055 quasi
1421 2962 1517 3037 dicat
1546 2962 1757 3036 conclusive

579 3080 774 3175 Virgilius:
801 3086 842 3153 tu
868 3079 981 3153 habes
1006 3080 1126 3174 primo
1152 3081 1340 3156 scientiam
1366 3083 1581 3175 humanam,
1604 3081 1690 3176 quia
1716 3101 1756 3156 es

579 3221 737 3295 magnus
762 3199 997 3293 philosophus
1022 3206 1059 3274 et
1075 3206 1196 3294 poeta,
1212 3203 1307 3275 sicut
1331 3210 1369 3277 et
1389 3223 1459 3298 ego
1483 3202 1554 3276 tui:
1572 3202 1702 3276 deinde
1715 3188 1753 3291 (⁴)

581 3319 694 3393 babes
720 3339 863 3393 sacram
890 3319 1125 3416 theologiam,
1143 3342 1256 3413 quam
1274 3342 1343 3419 ego
1361 3322 1545 3418 ignoravi:
1564 3322 1672 3396 tertio
1691 3324 1758 3396 ha-

578 3438 644 3514 bes
667 3438 825 3534 gratiam
851 3439 928 3532 Dei,
945 3440 1032 3532 quia
1049 3440 1178 3514 venisti
1206 3448 1372 3535 tempore
1396 3441 1545 3536 gratiae3
1567 3462 1637 3538 ego
1663 3461 1756 3517 vero

579 3578 745 3654 paganus
770 3579 853 3631 sum
870 3548 933 3650 (⁶);
959 3564 996 3632 et
1021 3560 1152 3633 ultimo
1177 3560 1310 3634 videris
1336 3560 1474 3635 electus
1503 3566 1541 3634 et
1569 3560 1758 3655 praedesti-

579 3682 698 3771 natus,
716 3677 803 3770 quia
827 3684 978 3771 paratus
1003 3697 1042 3752 es
1068 3679 1243 3754 recedere
1267 3699 1290 3752 a
1315 3680 1426 3754 viciis.
1444 3681 1488 3753 Et
1508 3686 1593 3753 nota
1616 3679 1674 3753 hic
1699 3679 1758 3751 ul-

580 3796 670 3872 timo
703 3797 802 3890 quod
826 3803 935 3870 autor
962 3798 1105 3872 videtur
1130 3798 1254 3873 dicere
1284 3799 1429 3891 iduum,
1455 3818 1593 3893 ponens
1625 3805 1699 3874 tres
1716 3789 1752 3890 (⁶)

579 3915 757 4011 dominas,
783 3936 869 3989 cum
889 3917 968 4011 jam
994 3917 1158 4011 posuerit
1174 3937 1286 4012 supra
1303 3925 1476 4011 quatuor,
1494 3918 1630 3992 scilicet
1651 3918 1756 3991 nobi-

580 4036 653 4110 lem
679 4035 866 4110 dominam
890 4035 1165 4131 innominatam,
1190 4037 1355 4130 Luciam,
1381 4037 1583 4113 Beatricem
1615 4044 1652 4112 et
1681 4037 1755 4111 Ra-

579 4153 732 4228 chelem.
755 4155 955 4229 Dicendum
972 4155 1134 4230 breviter
1156 4156 1256 4250 quod
1272 4162 1382 4230 autor
1405 4176 1537 4231 verum
1554 4157 1651 4251 dicit,
1668 4157 1756 4251 quia

579 4273 715 4348 Rachel
740 4294 814 4347 non
838 4273 947 4350 debet
971 4276 1176 4370 computari
1207 4276 1302 4351 inter
1333 4276 1419 4350 istas
1451 4275 1641 4370 dominas3
1669 4297 1754 4352 nam

579 4393 726 4488 Rachel,
753 4404 795 4469 ut
822 4395 959 4471 dictum
990 4405 1055 4491 est,
1080 4398 1229 4492 ponitur
1261 4418 1330 4492 pro
1360 4397 1434 4470 vita
1462 4381 1755 4492 contemplativa,

580 4534 664 4606 quae
690 4522 745 4589 est
770 4517 974 4591 necessaria
999 4517 1097 4592 socia
1123 4519 1326 4614 theologia.

643 4740 670 4801 (⁸)
689 4744 742 4795 ¹¹⁶·
759 4753 850 4802 ¹¹¹⁸tl¹¹¹
867 4755 933 4802 (1118·
1158 4744 1184 4804 (¹)
1202 4749 1256 4803 tro,
1273 4746 1464 4806 superveniens.

644 4815 670 4879 (¹)
687 4815 718 4864 E.
734 4815 891 4876 illuminans,
908 4819 959 4867 sire
976 4817 1067 4867 divina.
1156 4821 1183 4879 (¹)
1199 4819 1225 4868 S.
1242 4820 1355 4869 secundo
1372 4820 1460 4870 nater.
1569 4825 1574 4836 '

645 4889 673 4953 (⁸)
690 4894 744 4950 ¹¹⁶,
762 4889 808 4940 Μ·
1158 4894 1185 4957 (⁸)
1201 4895 1233 4945 R.
1249 4909 1347 4959 nomm
1362 4901 1416 4947 tros
1433 4895 1599 4957 differentias,
1616 4910 1677 4947 oum
1690 4896 1755 4960 jum.
