3990 6540
846 792 984 858 murus
1008 794 1138 859 uouuc
1505 779 1576 860 etl

407 949 446 1020 et
462 941 543 1025 idco
567 941 665 1023 mule
686 940 796 1023 resur
821 940 940 1034 nebim
967 945 1005 1017 el
1027 947 1084 1021 cst
1105 939 1237 1021 modus
1253 938 1424 1033 loquendi
1441 940 1578 1022 Tusco-

410 1083 507 1156 rum,
533 1061 619 1155 qula
643 1060 780 1152 dicunt,
807 1060 903 1142 mele
928 1080 1001 1142 uod
1024 1059 1176 1142 lecimus
1192 1060 1254 1141 sie.
1272 1061 1433 1142 Theseus
1449 1066 1576 1144 eutem

409 1180 558 1277 ducitur
569 1201 593 1261 u
605 1179 720 1274 poetis
734 1178 841 1261 ivisse
852 1177 900 1257 ed
913 1178 1098 1260 internum
1119 1199 1206 1261 curo
1223 1178 1383 1260 Pirithoo
1397 1178 1524 1261 iulium
1537 1173 1574 1270 l¹l

408 1300 507 1381 socio
523 1320 592 1379 suo
608 1299 655 1378 ed
672 1298 883 1395 reuieudem
897 1298 1151 1393 Proserpinam
1171 1298 1335 1394 reginem
1348 1298 1491 1380 luterni.
1508 1299 1578 1380 Sed

409 1440 495 1501 curu
521 1420 682 1501 Theseus
707 1423 803 1498 esset
825 1417 876 1497 ibi
900 1417 1081 1511 detentus,
1107 1417 1282 1498 Hercules
1297 1417 1482 1499 succurrit
1497 1417 1577 1510 sibl,

408 1545 447 1619 et
477 1538 572 1634 osolt
601 1544 640 1616 et
670 1527 931 1631 uerberaritl²l
958 1537 1162 1617 Cerberum
1187 1556 1317 1619 mrem
1342 1535 1576 1630 infermitum

409 1658 509 1751 quod
538 1664 657 1738 totum
683 1655 819 1751 figuret
842 1655 941 1749 quod
967 1655 1036 1737 viri
1061 1654 1214 1738 virtuosi
1238 1654 1387 1737 doment
1413 1661 1576 1738 moustre

409 1776 613 1871 luteruelie,
638 1775 730 1857 idest
753 1775 862 1868 eiciet
889 1795 979 1871 ergo
1003 1776 1120 1855 leus:
1148 1778 1222 1855 mol
1243 1795 1316 1855 ooo
1341 1777 1522 1865 ocnotomo
1538 1777 1574 1846 io

415 1905 517 1978 Tereo
548 1900 724 1988 imrulto,
749 1896 854 1990 quesl
878 1895 985 1988 diret,
1012 1895 1042 1975 si
1067 1895 1278 1977 fecissemus
1309 1894 1503 1973 vindictum
1528 1895 1575 1975 de

407 2021 558 2112 Theseo,
593 2016 657 2112 qul
682 2016 808 2097 vlveus
834 2015 933 2099 uerit
961 2015 1008 2095 ed
1032 2015 1237 2108 iulemumr
1262 2014 1329 2095 iste
1353 2015 1446 2097 alius
1471 2014 1576 2095 rivus

408 2157 507 2219 nunc
531 2157 604 2215 uou
629 2135 791 2229 reuiretr
817 2155 907 2231 ergo
931 2136 1026 2218 boue
1050 2156 1123 2216 uou
1149 2144 1204 2215 est
1228 2135 1495 2226 dormiendum,
1513 2134 1576 2209 sed

408 2258 491 2335 totis
521 2257 660 2338 viribus
696 2256 886 2336 Meduereis
916 2255 1177 2351 mulgtlaudum
1209 2255 1308 2348 ruod
1346 2238 1433 2337 nonx
1455 2254 1576 2346 intret,

408 2376 495 2470 quio
520 2382 610 2454 uere
633 2375 702 2455 iste
724 2375 826 2455 soluo
849 2373 958 2455 reciet
982 2374 1064 2468 ulus
1088 2374 1211 2455 demrd
1236 2395 1350 2467 ouum
1370 2393 1499 2456 omues
1515 2372 1575 2453 elii

408 2494 473 2589 oui
492 2495 530 2573 iu
555 2494 629 2573 vitu
656 2498 836 2572 venerunt
860 2492 907 2572 ed
931 2492 1115 2573 infernum
1135 2500 1222 2575 eote
1242 2513 1341 2574 eum·
1360 2491 1462 2574 Unde
1479 2491 1576 2573 mul·

411 2621 489 2691 tum
515 2613 642 2705 miror,
667 2613 793 2703 lector,
820 2612 917 2705 quod
944 2612 1170 2706 quicumque
1194 2614 1304 2694 hebet
1327 2611 1572 2707 coguitionem

410 2740 447 2812 et
469 2731 748 2812 delectationem
775 2731 884 2810 huius
908 2731 988 2812 libri
1009 2753 1082 2814 uon
1099 2733 1267 2813 melioret
1284 2733 1444 2818 multum
1463 2732 1574 2807 vitam

409 2874 526 2932 suom
540 2891 591 2915 «-
610 2855 746 2942 Volodr.
774 2851 837 2931 llic
854 2859 963 2932 autor
979 2852 1149 2935 describit
1165 2852 1342 2935 auxillum
1363 2858 1574 2946 promptum

407 2970 544 3066 Virgilii
576 2971 615 3049 iu
649 2977 749 3051 teuto
779 2970 999 3063 discrimine,
1030 2971 1129 3052 uude
1158 2971 1243 3052 dicit
1274 2970 1372 3064 quod
1406 2970 1575 3064 Virgilius

409 3090 520 3169 uiue:
556 3094 683 3182 volem
707 3095 744 3171 ic
768 3094 879 3169 droco
903 3113 923 3170 r
947 3094 1028 3170 tom
1051 3095 1079 3163 il
1100 3094 1174 3172 cieo
1199 3094 1329 3186 odioso,
1354 3090 1441 3183 quie
1465 3097 1574 3171 autor

408 3209 528 3303 urimo
552 3210 700 3289 terebat
715 3211 842 3288 oeulos
857 3215 1003 3304 opertos
1021 3230 1150 3291 versus
1167 3209 1312 3302 turrim,
1329 3215 1367 3291 et
1383 3229 1470 3286 eece
1486 3229 1576 3289 caua

408 3349 508 3408 eam:
533 3330 593 3408 rm
615 3331 690 3408 rc’l
715 3331 861 3419 Goroort
881 3351 919 3407 sc
933 3335 1080 3419 mostra,
1101 3328 1192 3409 idest
1216 3328 1375 3422 modum,
1394 3348 1479 3420 quae
1504 3327 1575 3405 elio

410 3446 557 3522 nornine
588 3447 719 3521 dicitur
744 3446 903 3542 Gorgon,
928 3469 947 3518 c
972 3454 1009 3519 tu
1033 3450 1058 3520 ’l
1087 3449 1230 3538 cedomi,
1256 3448 1352 3519 ruello
1377 3447 1514 3521 rereddc
1539 3448 1576 3519 di

408 3573 535 3646 mmor
550 3569 625 3647 mai
641 3588 736 3659 creo,
753 3567 858 3660 quasi
881 3566 995 3649 diost:
1015 3568 1117 3647 nullo
1134 3567 1243 3648 modo
1260 3586 1383 3662 posses
1394 3557 1433 3657 (³)
1457 3566 1576 3649 redire

406 3684 454 3765 ed
482 3685 663 3769 muudum
692 3686 808 3780 virm,
843 3687 930 3779 quie
957 3686 1158 3768 efficereris
1183 3686 1281 3780 lepis.
1308 3687 1378 3760 Per
1403 3687 1472 3763 hoo
1497 3685 1575 3766 vult

407 3803 543 3886 umes:
568 3805 600 3886 ei
625 3806 779 3900 imuootr
804 3805 868 3887 tibi
893 3805 1078 3900 timorem,
1103 3825 1176 3887 ron
1200 3805 1309 3886 lucios
1326 3805 1432 3890 istam
1449 3804 1575 3900 corui·

407 3922 543 4005 torem
569 3925 748 4004 viciorum
774 3933 812 4006 et
835 3946 1029 4019 procerum
1056 3925 1182 4006 utilem
1209 3925 1272 4007 dol
1297 3931 1335 4000 et
1359 3924 1448 4017 eliis,
1466 3931 1504 4000 et
1523 3923 1574 3998 sie

407 4062 598 4137 eumdem
623 4043 788 4138 perosius
813 4044 909 4125 istud
932 4066 1038 4140 opus,
1063 4052 1101 4126 et
1124 4044 1270 4127 deficies
1296 4044 1332 4125 iu
1357 4044 1424 4131 iste
1453 4043 1574 4138 prime

407 4161 670 4253 memorerm.
688 4164 732 4243 Et
748 4163 868 4244 subdit
879 4164 977 4256 quod
992 4185 1065 4243 uon
1076 4165 1196 4247 solum
1211 4163 1325 4248 verbo
1336 4162 1401 4245 sed
1413 4149 1571 4254 eoaml‘l

408 4279 502 4358 trem
527 4278 697 4376 Virgilius
721 4282 875 4376 providit
900 4282 978 4376 slot,
1006 4282 1103 4365 uude
1126 4283 1228 4365 dicit:
1247 4275 1318 4361 cori
1335 4284 1462 4363 dirre'l
1477 4302 1574 4376 moe·-

406 4405 494 4488 rlro,
511 4396 601 4473 idest
619 4401 801 4496 Virgilius,
822 4402 871 4475 ite
896 4402 1062 4477 consulto
1078 4403 1225 4475 locutus
1240 4409 1296 4475 est
1313 4400 1401 4474 mihi
1421 4400 1458 4473 iu
1476 4419 1571 4493 prae-

408 4518 501 4592 diem
526 4518 655 4614 formu,
680 4528 720 4594 et
744 4542 817 4595 uon
842 4529 1035 4596 contentus
1060 4522 1201 4596 dedisse
1226 4521 1315 4593 mihi
1339 4528 1416 4594 tum
1442 4540 1572 4593 sunum

407 4637 610 4732 consilium,
640 4639 739 4717 dedit
764 4638 851 4714 mihi
879 4640 966 4715 utile
989 4639 1183 4735 auxilium,
1207 4639 1307 4721 uode
1330 4639 1437 4717 dicit:
1464 4646 1497 4711 et
1519 4643 1575 4711 elli

468 4826 496 4885 (Ἴ
514 4829 567 4885 ¹¹⁰,
584 4826 642 4877 viro
659 4827 729 4877 rocio
741 4839 792 4882 nc
808 4827 841 4882 nd
856 4827 1018 4892 racbel-ur.
1083 4826 1112 4889 tl
1130 4833 1186 4889 lu.
1201 4829 1297 4892 llrrrlt.

469 4896 776 4966 llll-uomentem
792 4903 885 4953 suus
1087 4902 1558 4975 oreummvuuuus.
