3990 6540
829 785 967 842 murus
991 787 1157 853 ouruuus.
1511 779 1580 847 189

411 934 560 1028 aliquod
575 932 737 1008 arduum
754 953 859 1027 opus,
876 932 941 1007 sed
960 933 1214 1008 difficillimum
1229 941 1284 1008 eet
1301 933 1406 1010 tiuire
1418 935 1581 1029 feliciter,

410 1056 507 1130 sicut
529 1060 717 1128 ostensum
747 1059 803 1128 est
827 1054 857 1126 11
883 1053 1052 1148 capitulo.
1078 1053 1171 1129 Dicit
1200 1074 1315 1151 ergo:
1348 1059 1582 1150 L'cmpiezza

409 1178 453 1249 de
475 1177 648 1249 t'totrme
670 1194 743 1246 non
768 1175 963 1264 tt'nyanni
990 1175 1035 1247 Et
1059 1174 1181 1248 subdit
1207 1177 1481 1270 responsionem
1498 1178 1602 1252 Vir-'

407 1294 483 1390 giiii
506 1294 651 1369 dicens:
677 1297 741 1366 e’t
764 1296 855 1367 duca
879 1314 904 1366 a
928 1297 989 1385 tut,
1015 1294 1105 1369 idest
1128 1294 1300 1390 Virgilius
1322 1299 1506 1392 respondit
1531 1299 1579 1373 illi

408 1414 527 1507 Minoi,
547 1407 678 1506 perede*
694 1435 768 1506 porr
790 1416 917 1505 ovidi?
934 1415 1040 1507 quasi
1055 1414 1162 1508 dicat,
1180 1414 1330 1508 trustra,
1349 1417 1435 1509 quia
1451 1416 1579 1491 datum

408 1540 464 1609 est
487 1533 656 1626 desuper,
682 1540 720 1607 et
745 1533 827 1607 ideo
856 1553 929 1606 raon
956 1536 1125 1625 impedr're
1148 1537 1182 1606 et
1204 1555 1268 1606 suo
1296 1538 1406 1628 fatale
1429 1538 1581 1624 andare,

409 1653 555 1745 scilicet,
569 1653 668 1745 quod
681 1651 809 1727 datum
824 1660 913 1727 esta
928 1655 1021 1728 ooeio
1038 1660 1074 1728 et
1084 1646 1122 1746 (¹)
1138 1654 1434 1747 praedestinatum
1448 1677 1470 1731 a
1484 1656 1577 1732 Deo:

410 1776 503 1848 votae
526 1765 598 1845 cosi
621 1763 701 1845 cotd
724 1774 813 1845 dove
835 1794 874 1845 se
892 1781 975 1865 pote
1004 1767 1058 1847 oid
1086 1777 1146 1846 cte
1177 1796 1214 1847 se
1244 1779 1354 1867 voute,
1384 1776 1519 1851 scilicet
1543 1776 1580 1850 in

409 1893 524 1985 ooeio;
551 1912 636 1967 uam
662 1892 756 1966 velie
781 1902 819 1966 et
842 1912 949 1986 posse
974 1913 1048 1966 non
1071 1892 1246 1968 differunt
1272 1895 1308 1968 iu
1334 1896 1485 1989 eteruis3
1510 1896 1580 1970 hoc

409 2012 623 2105 aedicere
649 2011 748 2105 quod
773 2018 883 2086 autor
908 2012 1006 2087 vadit
1032 2032 1079 2087 ex
1104 2014 1249 2107 speciali
1265 2015 1382 2111 gratia
1405 2015 1471 2089 sihi
1491 2035 1581 2089 oou·

409 2152 511 2209 cessa
535 2152 558 2205 a
583 2133 672 2225 Deo,
698 2132 793 2207 sicut
817 2131 917 2206 clare
940 2132 1233 2207 demonstratum
1259 2141 1315 2208 est
1335 2134 1496 2210 secundo
1517 2154 1580 2210 ca-

409 2252 534 2349 prodo,
560 2246 661 2343 epiri
685 2272 758 2324 non
781 2253 1005 2341 dimondore,
1030 2252 1136 2343 quasi
1160 2253 1267 2344 dicat
1289 2274 1377 2328 cum
1403 2254 1581 2328 Dominus

410 2372 499 2466 vuit,
525 2392 598 2445 non
624 2377 726 2464 petas
752 2370 943 2463 rationem,
969 2369 1076 2462 quasi
1101 2370 1207 2464 dicat7
1233 2373 1366 2447 sufficit
1382 2363 1418 2465 (²)
1435 2373 1581 2449 audisse

408 2491 508 2587 quod
532 2492 630 2566 Deus
656 2491 756 2566 vuit:
785 2509 857 2563 uon
883 2509 974 2586 ergo
999 2489 1154 2564 ulterius
1174 2500 1275 2586 petas
1293 2483 1330 2584 (³)
1349 2514 1467 2587 quare
1487 2495 1579 2585 vuit,

410 2612 468 2689 vei
493 2631 611 2706 quare
637 2630 710 2684 uou
736 2608 900 2686 concedit
924 2609 972 2682 ita
1000 2610 1098 2704 mihi,
1116 2612 1175 2685 vet
1193 2611 1242 2684 iiii
1268 2613 1360 2686 sicut
1385 2613 1442 2687 isti
1462 2613 1579 2686 Danti.

487 2735 539 2805 Or
562 2731 803 2804 monumen.
836 2728 906 2802 ista
938 2739 993 2805 est
1021 2730 1181 2805 secunda
1206 2752 1291 2825 pars
1322 2733 1515 2828 generalis,
1541 2733 1578 2812 iu

409 2870 485 2942 qua
514 2855 625 2923 autor
652 2847 729 2943 agit
750 2836 787 2939 (⁸)
819 2848 865 2924 de
894 2868 988 2942 pena
1019 2850 1184 2944 generati
1216 2851 1508 2946 luxuriosorum,
1541 2861 1578 2927 et

410 2969 529 3065 primo
554 2967 739 3062 praemittit
764 2967 867 3062 sigua
891 2968 1026 3041 doloris
1043 2977 1079 3043 et
1099 2990 1214 3064 pene,
1240 2972 1381 3046 dicens:
1401 2975 1582 3047 dedolenti

410 3094 501 3178 note,
526 3086 617 3161 idest
642 3090 738 3159 notae
760 3086 905 3178 doloris,
923 3107 967 3159 or
983 3090 1214 3161 mmndndoa
1232 3093 1419 3182 asarmesi
1437 3093 1577 3180 sentire,

409 3213 540 3283 cautus
553 3206 652 3281 euim
666 3205 883 3299 amantium,
894 3212 935 3278 ut
948 3206 1164 3301 plurimum,
1175 3209 1331 3285 vertitur
1344 3211 1380 3282 in
1393 3211 1579 3303 planctum

410 3325 674 3417 amaritudinis,
700 3334 743 3400 ut
767 3324 888 3397 statim
914 3324 1060 3419 patebit.
1087 3326 1172 3400 ideo
1188 3327 1296 3400 dicit:
1314 3349 1358 3401 or
1374 3349 1439 3401 son
1456 3336 1580 3402 veneto
1707 3339 1712 3352 '

408 3437 558 3520 tddooe
582 3449 687 3519 molto
706 3448 831 3536 picoto
856 3449 1100 3539 concreante,
1127 3445 1222 3521 risus
1239 3448 1337 3522 enim
1354 3449 1491 3523 amoris
1508 3448 1580 3524 cito

408 3566 503 3661 parit
528 3567 726 3661 planctum,
753 3573 789 3638 et
814 3566 981 3660 plauctus
1006 3572 1061 3640 est
1077 3566 1248 3661 proprius
1264 3574 1488 3660 amatorum,
1514 3569 1579 3662 qui

408 3687 615 3782 puniuntur
639 3686 708 3760 hic.
727 3686 864 3761 Deinde
884 3686 1055 3763 describit
1074 3686 1196 3760 iocum
1218 3694 1254 3762 et
1275 3708 1419 3782 penam,
1437 3689 1577 3764 diceus:

407 3811 443 3882 io
467 3810 570 3881 cenni
593 3809 631 3879 io
655 3810 731 3880 toco
756 3813 849 3879 moto
873 3809 908 3880 d
921 3810 1006 3897 oqui
1030 3810 1115 3897 loce,
1141 3807 1232 3884 idest
1250 3799 1286 3900 (⁵)
1310 3809 1495 3904 privatum
1521 3810 1579 3884 iu·

409 3926 508 4002 mine
532 3933 569 4001 et
594 3925 805 4000 obscurum.
825 3926 869 3998 Et
887 3925 995 3999 dicit:
1014 3929 1048 3999 d'
1061 3947 1151 4017 oque
1168 3931 1253 4018 tuce,
1270 3928 1316 4002 ad
1337 3928 1577 4005 differentiam

407 4046 607 4142 superioris
631 4045 770 4138 circuli,
796 4045 832 4118 iu
857 4065 933 4138 quo
959 4052 1039 4120 erat
1064 4046 1101 4119 in
1118 4052 1222 4140 parte
1239 4046 1302 4119 lux
1325 4054 1362 4121 et
1379 4047 1515 4123 lumen.
1534 4049 1579 4121 Et

408 4173 494 4240 uota
520 4165 619 4259 quod
644 4165 702 4239 hic
728 4165 829 4239 iocus
855 4165 987 4238 merito
1012 4163 1161 4260 fingitur
1182 4155 1218 4257 (⁶)
1245 4165 1324 4241 siue
1348 4166 1431 4242 luce
1459 4168 1579 4242 omui-

410 4285 529 4374 moda,
543 4286 630 4380 quia
648 4285 743 4358 istud
761 4284 895 4359 vicium
914 4285 1071 4358 luxurie
1089 4285 1249 4360 maxime
1262 4286 1442 4381 extinguit
1454 4286 1578 4362 lumen

409 4405 569 4497 rationis,
595 4411 633 4479 et
657 4405 768 4478 etiam
794 4405 880 4497 quia
905 4404 1086 4498 quaeritur
1100 4393 1136 4495 (⁷)
1166 4403 1243 4478 fieri
1261 4404 1297 4477 iu
1322 4405 1467 4478 occuito
1484 4412 1521 4480 et
1542 4406 1577 4478 in

469 4601 499 4664 (¹)
514 4603 545 4653 B.
560 4608 586 4653 ct
603 4605 687 4666 primo
703 4604 868 4654 destinatum.

469 4677 498 4740 (⁸)
515 4683 566 4739 tto,
584 4678 694 4729 sufficiat
709 4679 818 4730 audura.
832 4679 903 4730 -11,
919 4678 1013 4730 armen
1029 4679 1155 4731 audietne
1171 4680 1241 4743 quod
1253 4680 1388 4730 Domtum.

470 4753 498 4816 Γ)
513 4754 539 4804 S.
556 4769 609 4805 nou
624 4769 689 4819 ergo
706 4762 785 4818 oetas.
1161 4756 1189 4819 (⁸)
1204 4755 1230 4807 S.
1246 4756 1328 4820 pontt.

469 4830 497 4888 (⁸)
512 4830 539 4880 S.
555 4831 620 4881 idest
636 4832 663 4881 iu
679 4832 767 4882 iocum
784 4835 912 4896 potatum
928 4834 1005 4884 omni·
1015 4833 1122 4884 lumine.

468 4904 497 4968 (1)
512 4905 538 4957 8.
555 4906 661 4973 Μαι
676 4909 709 4958 ab
723 4914 816 4961 auton
832 4911 887 4960 niue
903 4910 971 4962 luce.
1158 4909 1186 4974 (¹)
1202 4910 1233 4962 B.
1250 4910 1345 4976 qum
1359 4909 1423 4961 ticet
