4154 6546
1541 770 1612 833 217

448 1054 614 1125 CANTUS
636 1052 808 1131 SEXTUS,
830 1055 866 1117 in
883 1072 942 1136 quo
959 1057 1074 1117 tractat
1092 1053 1130 1117 dc
1145 1054 1311 1134 spiritibus
1328 1055 1449 1120 entibus
1467 1057 1503 1120 in
1523 1058 1614 1122 tertio

525 1166 641 1233 circulo
664 1165 708 1229 od
723 1163 867 1246 pluviam
888 1163 1081 1246 orandinum
1108 1168 1138 1227 ei
1157 1164 1241 1228 nivis
1263 1165 1317 1247 qui
1345 1165 1476 1246 fuerumt
1496 1167 1614 1250 pelosi,-

527 1283 557 1344 εἰ
571 1277 610 1342 dc
623 1276 761 1341 domoc
777 1271 918 1350 Ocrdcro,
933 1275 1017 1338 inter
1034 1293 1111 1356 quos
1132 1275 1251 1338 invenit
1264 1276 1427 1357 quendum
1442 1278 1537 1342 civero
1553 1278 1612 1356 flo-

424 1376 430 1387 ’
524 1388 684 1453 rectiorem
704 1389 846 1449 vocatum
868 1381 1020 1459 Oioccom,
1044 1384 1098 1464 qui
1119 1384 1274 1463 prodixit
1296 1383 1399 1450 Danti
1421 1385 1520 1450 molta
1541 1407 1613 1451 ocn-

528 1503 602 1562 tora
622 1496 663 1561 de
677 1494 828 1576 portibus
849 1493 1119 1558 Florociinorum.

527 1777 614 1942 Α
614 1894 636 1942 ι
656 1877 781 1941 miror
805 1871 848 1941 dc
873 1871 909 1940 lo
934 1877 1052 1977 omnic
1071 1869 1267 1961 Postquam
1288 1870 1325 1941 in
1340 1863 1376 1961 (¹)
1398 1872 1614 1965 procedenti

452 1988 609 2082 capitulo
633 1994 742 2061 autor
762 1993 886 2060 noster
903 1985 1071 2058 tractavit
1096 1991 1133 2060 et
1157 1985 1411 2061 determinavit
1435 1988 1481 2063 de
1506 2008 1614 2083 poeno

452 2107 726 2181 luxuriosorum
752 2107 815 2198 qui
840 2105 1043 2199 puniuntur
1068 2105 1104 2177 in
1129 2111 1170 2176 2⁰
1195 2106 1350 2200 circulo;
1372 2128 1469 2181 nunc
1488 2128 1616 2181 conse-

452 2232 607 2320 quenter
632 2224 669 2297 in
685 2215 721 2314 (²)
739 2222 899 2317 presenti
916 2222 961 2294 VI
978 2222 1135 2315 capitulo
1151 2223 1225 2318 agit
1242 2231 1279 2298 et
1296 2231 1427 2299 tractat
1446 2225 1492 2299 de
1508 2246 1615 2320 poena

453 2346 669 2440 gulosorum
694 2343 758 2435 qui
782 2343 987 2436 puniuntur
1012 2341 1048 2414 in
1075 2348 1114 2415 3⁰
1139 2343 1286 2417 circuio.
1313 2345 1357 2417 Et
1381 2365 1530 2438 presens
1556 2367 1617 2419 co-

453 2464 607 2557 pituium
637 2468 755 2555 potest
788 2460 896 2534 dividi
928 2460 965 2532 in
996 2466 1156 2552 quatuor
1186 2469 1307 2554 partes
1337 2465 1549 2557 generales3
1582 2465 1618 2535 in

453 2602 612 2674 quorum
635 2581 754 2674 prima
770 2586 879 2653 autor
895 2578 1065 2651 describit
1085 2599 1234 2672 poenam
1254 2586 1291 2653 et
1311 2582 1526 2675 supplicium
1547 2603 1619 2677 gu-

453 2700 617 2774 losorum
643 2699 679 2770 in
704 2698 878 2792 generali,
904 2703 941 2771 et
966 2698 1154 2773 custodem
1180 2699 1289 2771 huius
1319 2701 1444 2795 circuli
1474 2702 1619 2795 punito

457 2836 537 2890 rem
553 2808 589 2907 (³)
616 2816 726 2888 huius
752 2814 842 2888 vicii.
869 2816 908 2887 in
933 2815 1091 2888 secunda
1110 2822 1241 2890 tractat
1266 2818 1302 2889 in
1319 2819 1462 2913 speciali
1479 2819 1525 2892 de
1544 2840 1618 2892 uno

455 2934 582 3028 spiritu
609 2933 787 3007 moderno
812 2933 875 3025 qui
889 2921 926 3023 (⁴)
954 2934 1113 3006 muitum
1138 2934 1206 3007 fuit
1231 2935 1386 3009 ioedatus
1417 2937 1485 3009 isto
1515 2939 1620 3027 vicio,

457 3053 528 3126 ihi:
556 3055 624 3125 Noi
645 3072 846 3144 porsonam.
873 3053 913 3124 in
938 3053 1045 3126 tertia
1063 3060 1186 3127 movet
1208 3055 1447 3145 quaestionem
1473 3055 1522 3128 iiii
1547 3058 1620 3149 spi-

458 3172 544 3245 ritui
568 3172 664 3246 circu
690 3170 929 3244 mutationem
955 3176 1071 3243 status
1096 3190 1174 3242 suae
1204 3169 1330 3264 patriae
1356 3171 1556 3245 florentinae
1570 3165 1620 3266 (⁶),

456 3297 494 3363 et
519 3291 607 3384 petit
630 3290 676 3365 dc
701 3289 918 3382 quibusdam
944 3288 1083 3362 civibus
1113 3290 1310 3363 iiorentinis
1341 3292 1508 3385 mortuis,
1534 3294 1621 3366 viris

457 3409 658 3504 praecipuis,
683 3408 755 3481 ihi:
781 3413 823 3480 io
847 3411 873 3480 li
895 3411 1033 3498 rispost.
1060 3408 1100 3480 in
1125 3413 1163 3479 i·
1187 3416 1224 3482 et
1248 3410 1377 3484 ultima
1398 3417 1530 3486 tractat
1554 3414 1621 3486 aii-

456 3529 675 3622 quontulum
700 3526 899 3600 incidenter
918 3526 964 3601 de
982 3528 1251 3601 resurrectione
1268 3530 1452 3603 maiorum
1479 3539 1515 3606 et
1540 3553 1621 3606 am-

455 3647 624 3741 piIotionc
649 3666 768 3739 poenae
793 3664 937 3738 eorum,
962 3645 1034 3718 ibi:
1062 3649 1106 3717 El
1128 3649 1219 3718 duco
1242 3650 1355 3720 diosc:
1381 3648 1433 3722 Ad
1459 3650 1619 3742 primum

456 3764 535 3838 dico
561 3764 660 3857 quod
684 3770 793 3837 autor
817 3763 987 3837 describit
1012 3783 1159 3857 poenam
1190 3766 1407 3859 gulosorum
1442 3768 1478 3840 in
1508 3788 1621 3864 gene-

458 3883 542 3976 mii3
568 3883 632 3957 sed
657 3889 855 3975 autequam
885 3880 1104 3955 descendam
1135 3882 1181 3955 ad
1212 3885 1474 3977 expositionem
1508 3886 1621 3962 iiterae

458 4009 513 4075 ost
536 4000 815 4094 praenotnndum
841 4000 940 4093 quod
964 4007 1073 4073 autor
1097 4008 1178 4093 post
1202 4002 1337 4075 vicium
1367 4004 1525 4079 luxuriae
1554 4007 1623 4080 im-

460 4120 616 4195 mediate
641 4127 773 4195 tractat
796 4120 843 4194 de
868 4119 962 4193 vicio
986 4120 1104 4214 guiae;
1130 4121 1297 4212 quumvis
1321 4123 1419 4195 enim
1444 4126 1530 4220 guia
1557 4147 1622 4198 na-

460 4239 627 4313 turaiiter
651 4240 832 4334 proecedat
856 4238 1042 4313 luxuriam
1068 4245 1105 4312 et
1131 4239 1309 4313 ministret
1334 4241 1400 4313 sihi
1417 4242 1620 4317 fomentum

460 4366 497 4434 et
522 4361 726 4452 mooeriam,
751 4366 874 4432 tamen
899 4359 1045 4452 ponitur
1069 4364 1150 4451 post
1176 4359 1374 4453 luxuriam,
1400 4362 1487 4453 quia
1513 4363 1621 4436 habet

521 4559 549 4620 (¹)
563 4558 589 4609 S.
605 4559 632 4608 in
647 4558 775 4621 superiori
791 4558 903 4622 capituto
920 4564 1004 4609 autor.

521 4633 549 4696 i‘)
564 4634 590 4684 S.
605 4634 632 4685 in
647 4635 697 4684 isto
712 4639 792 4685 sexto.
803 4660 829 4670 -
839 4634 869 4683 E.
887 4635 914 4684 in
931 4635 1056 4698 principio
1073 4635 1137 4685 sexti
1153 4636 1266 4698 capitoli.

522 4708 549 4769 (ἢ
565 4708 597 4759 Β.
612 4713 639 4759 ei
654 4709 813 4772 punitionem
829 4709 907 4760 huius
922 4710 984 4761 viiii.

522 4783 550 4847 (⁸)
566 4789 620 4845 110,
636 4785 682 4848 qni
696 4783 747 4834 inii
762 4784 879 4836 imdcius.

524 4861 551 4922 (⁸)
568 4865 614 4911 iio
629 4873 644 4911 e
659 4861 691 4911 B.
708 4862 855 4912 Florentia.
