4154 6546
447 782 520 847 aar
844 788 1051 861 munerun
1074 790 1227 843 uranu

445 936 608 1031 peditum
624 925 676 1025 (’);
703 937 741 1006 et
767 931 913 1005 tandem
939 931 1089 1026 protecti
1115 952 1226 1027 supra
1243 933 1424 1026 aretium,
1441 940 1627 1028 ceperunt

444 1055 584 1150 aliquot
599 1045 636 1145 (²)
663 1051 822 1144 castella,
848 1056 886 1125 et
911 1052 1095 1146 precipue
1119 1052 1340 1144 Laterium,
1366 1052 1429 1126 ubi
1446 1059 1528 1127 erat
1543 1053 1625 1128 Lu-

445 1196 514 1269 pus
539 1174 586 1248 de
610 1171 753 1247 Ubertis
779 1170 1007 1264 capitaneus3
1034 1171 1096 1264 qui
1122 1171 1247 1246 videns
1272 1191 1314 1247 se
1333 1171 1622 1267 circumvallari,

446 1293 598 1369 reddidit
624 1302 774 1368 terram.
801 1291 957 1363 Etcum
979 1291 1138 1364 muitum
1164 1290 1417 1385 increparetur
1442 1291 1630 1386 agbibet-

446 1413 537 1504 tinis,
564 1411 662 1504 quud
695 1409 813 1484 viliter
843 1429 883 1482 se
918 1409 1136 1503 reddiderat,
1162 1409 1350 1484 excusavit
1382 1431 1424 1485 se
1455 1417 1625 1487 scemate

447 1531 577 1626 lepido,
590 1530 713 1604 dicem
727 1553 736 1601 :
751 1528 850 1621 quud
865 1529 973 1622 lupus
998 1549 1072 1603 non
1090 1536 1170 1603 erat
1183 1528 1310 1603 solitus
1326 1535 1427 1605 stare
1442 1529 1619 1606 intimus.

447 1650 594 1724 Interim
618 1655 801 1723 venerunt
821 1668 992 1722 senenses
1010 1669 1096 1722 cum
1118 1667 1200 1723 cccc
1227 1647 1412 1741 equitibus
1436 1655 1474 1723 et
1496 1668 1623 1725 uranu

448 1769 623 1864 peditum,
650 1775 687 1842 et
712 1772 950 1842 vastaverunt
974 1768 1070 1841 bona
1096 1767 1194 1841 circa
1220 1768 1407 1861 Aretium3
1425 1769 1489 1843 sed
1508 1769 1547 1843 in
1567 1769 1625 1846 ri-

448 1889 532 1984 gilia
564 1887 733 1981 Baptistae
764 1887 858 1960 iacta
891 1892 946 1960 est
977 1886 1114 1960 furiosa
1140 1893 1336 1980 tempestas
1361 1906 1448 1961 cum
1475 1887 1627 1965 turbine

448 2029 556 2104 aquae
581 2016 618 2082 et
650 2007 846 2104 grandinis,
872 2026 957 2106 quae
983 2007 1141 2079 multum
1167 2006 1316 2081 offendit
1341 2007 1559 2102 exercitum,
1583 2014 1626 2085 at

450 2130 612 2204 maxime
637 2149 829 2203 senensem
842 2118 892 2222 (³),
920 2127 1113 2202 lacerando
1139 2126 1316 2201 violenter
1342 2132 1379 2200 et
1403 2128 1627 2222 asportando
1691 2173 1700 2190 ·

450 2270 514 2345 per
540 2270 667 2324 aerem
694 2249 903 2343 papiliones,
927 2247 1087 2343 tuguria,
1106 2253 1142 2321 et
1159 2246 1230 2322 alia
1248 2247 1420 2323 tentoria:
1438 2248 1540 2341 quod
1555 2249 1628 2325 fuit

450 2369 651 2465 augurium
679 2368 856 2463 prurimae
882 2367 1024 2462 stragis.
1047 2367 1138 2440 Nam
1157 2365 1265 2440 tertia
1288 2365 1348 2441 die
1374 2367 1542 2461 sequenti
1558 2368 1629 2443 fle-

452 2490 584 2566 rentini
609 2490 828 2563 levaverunt
853 2508 1039 2581 campum,
1066 2493 1103 2560 et
1119 2486 1321 2561 suadebant
1337 2486 1565 2581 senensibus,
1584 2492 1627 2563 ut

452 2609 620 2683 venirent
644 2627 784 2700 secum,
802 2608 888 2698 quia
915 2610 1035 2680 essent
1055 2606 1224 2699 tutiores3
1243 2626 1415 2681 senenses
1433 2605 1629 2702 indignan-

451 2735 505 2804 tes
519 2717 568 2821 (⁴),
595 2733 807 2822 reputantes
832 2747 872 2800 se
897 2731 1073 2820 potentes,
1093 2726 1238 2800 iverunt
1263 2746 1330 2820 per
1346 2726 1446 2801 riam
1463 2732 1626 2801 rectam:

452 2858 576 2924 tamen
610 2867 697 2920 earm
729 2845 781 2920 eis
811 2846 875 2919 ivit
912 2865 1036 2921 comes
1061 2844 1265 2920 Alexander
1290 2845 1336 2920 de
1361 2847 1539 2940 Remeua,
1563 2866 1629 2923 ea·

451 2968 618 3062 pitaneus
651 2965 745 3039 illius
782 2965 874 3061 ligae.
908 2966 1010 3039 Tunc
1042 2965 1221 3059 capitanei
1254 2965 1380 3058 Aretii,
1404 2965 1468 3059 qui
1500 2967 1628 3060 piures

452 3093 557 3162 erant
582 3093 619 3160 et
644 3084 761 3180 probi,
779 3092 815 3158 et
832 3085 1017 3179 praecipue
1043 3086 1245 3159 Boncnmes
1262 3084 1357 3158 filins
1374 3085 1517 3160 eomitis
1533 3085 1626 3160 Gui-

346 3194 353 3219 '
452 3206 554 3281 denis
570 3206 617 3280 de
633 3206 861 3279 Monteseitro
878 3212 916 3278 et
932 3204 1174 3301 Guiglielmus
1193 3205 1241 3278 de
1257 3205 1381 3278 Pazzis
1398 3204 1516 3298 miles,
1529 3223 1628 3300 pre—

452 3327 647 3400 sentientes
674 3345 860 3399 recessum
888 3324 1096 3398 senensium
1123 3335 1334 3418 separatum
1351 3317 1402 3417 (⁵),
1421 3330 1628 3418 posuerunt

453 3445 597 3519 insidias
631 3464 691 3519 cuc
723 3444 903 3538 equitum,
936 3451 973 3517 et
1004 3464 1064 3516 uu
1090 3443 1254 3537 peditum
1279 3444 1327 3518 ad
1351 3444 1488 3519 vadum
1514 3444 1629 3539 plebis

452 3565 499 3640 de
513 3555 550 3656 (⁶)
577 3566 711 3658 Teppu,
730 3564 793 3637 ubi
815 3584 987 3638 senenses
1012 3564 1111 3636 ibant
1126 3553 1163 3655 (7)
1190 3564 1394 3638 inordinate
1409 3553 1458 3655 (⁸).
1481 3565 1525 3637 Et
1541 3563 1629 3640 bre-

454 3685 547 3759 viter
572 3683 825 3781 aggredientes
850 3704 1021 3757 senenses
1039 3683 1261 3777 improvidos
1273 3675 1323 3776 (⁹),
1341 3688 1544 3779 pesuerunt
1563 3702 1630 3757 eos

453 3803 604 3880 faciliter
622 3804 659 3876 in
679 3802 847 3877 conflictu
868 3794 934 3896 (¹⁰),
960 3809 998 3876 et
1022 3803 1299 3876 trucidaverunt
1324 3803 1422 3877 ultra
1446 3808 1631 3877 trecentus

453 3924 500 3998 de
531 3922 756 4015 melioribus,
790 3928 827 3997 et
858 3921 999 3995 civibus
1023 3923 1237 3997 senensibus
1265 3931 1303 3997 et
1336 3923 1517 3998 nubilibus
1541 3922 1631 3997 viris

454 4043 648 4116 maritimae
663 4033 740 4134 (“);
759 4048 795 4115 et
812 4042 863 4114 sic
879 4040 1010 4117 aretini
1029 4043 1158 4125 vastati
1176 4064 1199 4117 a
1216 4043 1431 4118 senensibus
1449 4043 1487 4118 in
1504 4042 1629 4136 rebus,

455 4168 692 4238 vastaverunt
722 4181 785 4236 ees
818 4161 855 4234 in
886 4161 1073 4257 persenis3
1107 4184 1153 4237 ex
1187 4185 1262 4257 qun
1296 4163 1465 4238 conuictu
1496 4161 1630 4239 aretini

455 4283 606 4357 fuerunt
623 4285 783 4356 multum
804 4282 981 4377 resumpti
998 4274 1076 4376 (¹²);
1103 4284 1166 4358 sed
1193 4285 1314 4359 laetitia
1332 4283 1399 4358 ista
1416 4284 1483 4358 tuit
1508 4284 1631 4361 brevis

1534 4434 1632 4443 —-—-

517 4511 543 4572 (¹)
562 4513 591 4562 E.
610 4513 716 4575 pedites.
1124 4511 1151 4575 (¹)
1169 4518 1222 4573 tte,
1240 4514 1333 4577 aliqua.
1405 4548 1408 4553 ·

518 4587 544 4649 (⁸)
562 4592 615 4646 1111,
632 4602 659 4638 ae
660 4601 760 4638 nnnnn
911 4616 912 4621 =
1125 4590 1152 4651 (⁸)
1168 4589 1195 4640 S.
1211 4603 1226 4640 a
1244 4595 1298 4649 tte,
1315 4589 1448 4654 indignati.

517 4665 544 4726 (⁸)
559 4664 585 4715 S.
602 4667 748 4729 separattm.
1123 4666 1150 4727 (·)
1166 4667 1197 4718 li.
1213 4668 1253 4717 dat
1272 4669 1346 4730 Topc.

518 4742 544 4801 (⁷)
563 4746 616 4801 tte,
633 4743 784 4793 transibant.
1125 4743 1151 4806 (’)
1168 4745 1194 4795 S.
1211 4745 1357 4794 inordinati.

518 4817 545 4875 (⁸)
561 4817 587 4866 S.
604 4819 716 4879 pavidos.
999 4826 1002 4831 '
1114 4820 1152 4880 (“)
1167 4820 1193 4870 S.
1210 4833 1225 4869 a
1241 4820 1272 4870 B.
1288 4821 1315 4869 iu
1330 4819 1491 4871 conflictum.

507 4890 546 4952 (¹¹)
561 4892 587 4942 S.
603 4894 748 4944 maritimis.
1116 4896 1153 4958 (”)
1169 4896 1195 4947 S.
1212 4896 1337 4947 fatuitati.
