4154 6546
751 729 891 785 murus
917 732 1080 787 rannus.
1431 720 1497 785 121

329 881 437 958 dicit:
463 882 711 966 incontooeate,
728 875 875 968 scilicet,
893 877 1039 972 cognito
1057 897 1131 950 nno
1149 868 1187 967 (¹)
1205 874 1411 949 notabiliter
1429 874 1501 966 vili,

330 1003 442 1092 uasa,
468 1019 487 1070 e
511 1003 604 1069 certo
625 997 681 1088 sui
703 997 764 1066 cle
788 998 901 1085 quella
925 1016 989 1067 eru
1015 998 1051 1068 ta
1074 1002 1160 1067 setta
1179 996 1231 1067 das
1248 995 1377 1083 cottioi,
1397 1012 1503 1087 sepa-

330 1126 409 1195 rata
427 1124 532 1193 extra
550 1134 701 1189 omnem
719 1120 869 1207 sectam,
886 1117 1053 1206 spiuceatt
1068 1135 1093 1185 o
1109 1116 1179 1186 Dio
1199 1120 1232 1185 et
1248 1115 1281 1184 α’
1298 1115 1421 1184 marin
1436 1113 1502 1201 sai,

329 1238 431 1332 idest,
458 1235 558 1331 quod
583 1234 640 1308 isti
666 1234 755 1308 viles
781 1233 900 1307 tristes
924 1233 1111 1328 displicent
1127 1234 1204 1307 Deo
1229 1240 1267 1307 et
1290 1231 1441 1305 diabolis
1453 1222 1503 1325 (²),

331 1376 420 1431 nam
446 1353 637 1428 moraliter
662 1351 845 1446 loquendo
869 1353 1057 1447 displicent
1073 1352 1177 1426 bonis
1194 1358 1232 1426 et
1256 1351 1361 1425 mabs
1376 1376 1386 1444 3
1404 1351 1502 1445 quod

334 1483 376 1552 nt
400 1475 531 1549 melius
555 1479 689 1568 pateat,
716 1471 885 1547 describit
910 1478 1178 1565 consequenter
1195 1491 1342 1565 poenam
1370 1490 1501 1545 eorum

331 1593 680 1690 displicentissimam
707 1593 744 1665 in
768 1592 924 1686 speciali.
947 1595 1070 1679 Questi.
1097 1592 1162 1664 Hic
1178 1591 1349 1665 describit
1365 1593 1504 1685 specia-

331 1715 404 1789 lem
429 1733 562 1808 penam
590 1713 755 1785 istorum.
781 1710 834 1783 ad
859 1710 966 1783 cuius
988 1709 1262 1805 intelligentiam
1280 1716 1334 1783 est
1358 1731 1503 1805 praeno-

319 1832 484 1908 tandum
519 1823 555 1924 (³)
587 1831 686 1925 quod
719 1836 829 1905 antor
860 1830 923 1902 dat
956 1828 1334 1904 convenientissimam
1369 1850 1501 1924 penam

331 1952 417 2046 istis,
444 1972 558 2045 quam
583 1948 773 2024 considera
799 1949 836 2021 in
865 1948 1090 2042 expositione
1122 1947 1247 2021 literae.
1274 1948 1366 2021 Dicit
1391 1969 1501 2044 ergo:

330 2073 438 2162 questi
464 2071 658 2161 suppurati
685 2070 745 2140 cle
773 2068 846 2138 moi
873 2087 946 2139 nort
972 2069 1058 2158 fuer
1090 2068 1170 2155 viai,
1199 2065 1286 2158 quia
1316 2086 1437 2160 neque
1465 2065 1501 2138 in

331 2189 404 2265 vita
429 2189 611 2284 corporali
636 2187 804 2262 fecerunt
828 2185 965 2278 aliquid
986 2185 1151 2280 dignum,
1168 2205 1234 2279 per
1252 2185 1350 2278 quod
1363 2174 1401 2277 (⁸)
1419 2206 1503 2280 pos-

330 2308 401 2383 sint
425 2308 495 2383 dici
514 2299 551 2399 (ἢ
577 2306 720 2401 vixisse,
747 2325 870 2399 neque
894 2311 975 2399 post
992 2310 1150 2377 mortem
1171 2306 1398 2399 corporalem
1420 2325 1504 2399 pos-

329 2433 415 2502 sunt
439 2426 509 2500 dici
535 2426 660 2500 vivere
684 2446 751 2521 per
777 2425 926 2517 lamam,
952 2423 1046 2496 sicut
1071 2422 1139 2496 viri
1166 2424 1401 2518 magnanimi,
1427 2423 1503 2498 vir-

331 2545 436 2641 tuosi,
462 2544 527 2639 qui
552 2544 871 2639 percontrarium
899 2542 1071 2616 vixerunt
1102 2541 1264 2616 virtuose
1289 2542 1326 2615 in
1352 2542 1502 2635 mundo,

330 2671 368 2739 et
392 2671 474 2760 post
500 2670 657 2738 mortem
683 2662 813 2735 vivunt
829 2661 998 2757 gloriose,
1016 2662 1109 2735 sicut
1126 2662 1201 2755 ipse
1217 2662 1361 2736 Dantes.
1379 2667 1503 2766 Erana

332 2786 455 2875 gaudi,
479 2783 582 2877 idest,
607 2781 695 2856 nudi
708 2771 745 2873 (θ)
774 2788 811 2856 et
835 2781 996 2874 lacerati,
1017 2789 1054 2856 et
1071 2782 1415 2875 quantumcumque
1431 2782 1502 2857 sint

332 2899 461 2976 divites
484 2908 522 2976 et
545 2900 735 2997 pecuniosi
761 2919 907 2995 semper
922 2889 958 2992 (⁷)
984 2899 1030 2976 de
1056 2901 1231 2974 industria
1248 2906 1344 2974 stant
1360 2900 1448 2974 nudi
1465 2907 1503 2976 et

331 3020 514 3114 cincinosi,
530 3027 568 3095 et
593 3027 681 3093 tunc
698 3026 784 3093 sunt
809 3021 1003 3114 plusquam
1031 3018 1130 3113 nudi,
1148 3027 1186 3094 et
1201 3040 1348 3093 summe
1366 3020 1500 3095 miseri.

331 3142 365 3211 E
386 3139 551 3211 sdmqutt'
574 3141 678 3211 alodo
695 3141 744 3211 do
764 3141 931 3229 mosomii,
949 3159 967 3210 a
983 3139 1032 3209 du
1053 3158 1152 3228 vespe
1167 3139 1317 3209 cd'eraa
1336 3141 1393 3209 toi.
1412 3139 1502 3211 Pro-

331 3257 511 3354 priissime
542 3259 612 3333 boc
641 3257 744 3354 lingit
777 3257 922 3350 Dantes,
958 3256 1224 3351 quiapropter
1260 3256 1499 3330 inordinatam

332 3377 445 3452 dmm
470 3396 602 3452 eorum
627 3375 685 3450 isti
711 3375 836 3450 miseri
866 3376 1061 3449 incurrunt
1090 3376 1261 3470 scabiem,
1287 3376 1440 3470 lepram,
1465 3381 1503 3449 et

330 3495 401 3572 alia
427 3496 635 3592 turpissima
664 3515 803 3591 genera
835 3495 1064 3589 morborum,
1091 3495 1224 3589 quibus
1244 3496 1369 3591 Jacent
1395 3494 1503 3569 mise·

330 3615 492 3691 rabiliter
516 3615 553 3688 in
580 3614 829 3709 hospitalibus,
856 3622 893 3688 et
917 3635 1004 3710 sepe
1029 3615 1066 3688 in
1091 3615 1213 3689 stratis
1238 3622 1275 3690 et
1297 3615 1448 3708 fossatis,
1466 3621 1503 3689 et

331 3734 454 3808 nuilus
479 3733 598 3808 visitat
624 3752 701 3826 eos,
726 3733 793 3807 nisi
818 3754 937 3829 genus
966 3754 1181 3809 muscarum
1213 3742 1263 3810 et'
1280 3754 1502 3830 vesparum3

331 3853 410 3928 baec
434 3851 534 3928 enim
557 3851 729 3926 animalia
752 3859 980 3947 generantur
1004 3873 1050 3927 ex
1083 3853 1346 3946 putrefactione
1378 3859 1416 3926 et
1439 3871 1503 3925 su-

332 3971 549 4068 perfluitate,
566 3969 649 4044 ideo
665 3969 760 4045 bene
775 3971 942 4045 cruciant
959 3972 1047 4045 istos
1063 3971 1226 4045 miseros.
1241 3971 1343 4046 Unde
1359 3970 1501 4045 subdit:

333 4089 394 4186 illi,
419 4089 554 4165 scilicet
576 4090 744 4164 musooni
769 4096 807 4165 et
826 4110 958 4185 vespae,
974 4093 1141 4181 naason,
1163 4091 1255 4165 idest
1273 4091 1503 4186 balneabant,

334 4211 361 4282 u
393 4212 484 4283 ootto
514 4212 571 4284 lor
601 4210 640 4281 dt
666 4229 811 4300 saraque,
850 4209 936 4303 quia
969 4210 1104 4286 scilicet
1135 4211 1344 4286 lacerabant
1373 4210 1502 4285 faciem

335 4346 467 4403 eorum
491 4326 673 4421 usquead
690 4327 875 4425 sanguinis
893 4328 1121 4423 effusionem,
1138 4332 1211 4421 cde,
1228 4329 1320 4404 idest
1339 4330 1403 4422 qui
1419 4349 1505 4403 san-

395 4524 424 4590 (¹)
439 4531 494 4589 lit,
509 4541 564 4579 uno
578 4528 692 4580 noubilo
708 4529 772 4591 viro,
788 4531 864 4581 aaut
878 4535 928 4581 ata
1073 4528 1102 4592 t')
1117 4529 1144 4579 S.
1160 4533 1187 4579 et
1203 4527 1314 4579 diabolo.

395 4602 622 4667 paramum.
1073 4604 1101 4670 ‹¹›
1118 4610 1172 4667 ¹¹⁸,
1190 4608 1296 4669 rosta
1311 4603 1391 4669 mod·

395 4678 424 4743 ω
439 4678 466 4730 8.
481 4680 532 4731 dici
547 4680 635 4732 virore
650 4694 697 4745 par
713 4681 817 4742 tamam,
834 4682 909 4733 slent.

394 4753 423 4818 θ)
440 4759 494 4816 tlt,
511 4756 580 4816 nudi,
597 4756 657 4821 pola
673 4756 715 4807 isti
731 4756 824 4809 ribaldi
838 4769 941 4821 semper
957 4769 1083 4822 pauperos
1098 4762 1126 4808 et
1141 4755 1253 4809 molat
1269 4755 1505 4818 maoanntoempsr

334 4828 398 4880 marli
412 4833 449 4879 et.
1072 4829 1102 4896 (ἲ)
1119 4831 1149 4884 ll.
1166 4836 1253 4882 umen
1269 4842 1380 4895 κυροῖ.
