4154 6546
541 789 544 792 ’
579 797 648 873 168
970 804 1175 861 munusue
1199 803 1349 857 russam

575 948 839 1026 dnobussceiis
851 947 1152 1043 prudentissimis,
1160 947 1294 1042 quibus
1307 946 1682 1024 maximeecnlldebat
1695 941 1746 1041 (¹),

575 1070 679 1157 linxit
702 1088 742 1142 se
767 1088 924 1164 peregre
948 1067 1127 1163 proticisci
1151 1067 1188 1142 in
1208 1067 1335 1142 habitu
1353 1067 1579 1161 messuistis,
1595 1067 1747 1142 muniis

575 1188 784 1276 numinibus
808 1189 875 1263 sibi
900 1194 937 1263 et
962 1189 1069 1264 sociis
1093 1195 1130 1264 et
1156 1187 1405 1280 familiaribus,
1424 1187 1488 1281 qui
1513 1187 1661 1262 luerunt
1685 1186 1745 1261 alii

574 1317 660 1402 tres,
687 1308 736 1382 ita
762 1306 861 1402 quod
886 1307 1037 1382 luerunt
1064 1328 1129 1384 sen
1161 1308 1196 1381 in
1227 1308 1410 1383 societate.
1441 1307 1632 1383 Saladinus
1656 1327 1748 1403 crgo

568 1429 761 1524 ingressus
785 1427 854 1502 iter
879 1427 1044 1503 transivit
1069 1428 1189 1525 primo
1206 1427 1243 1501 in
1260 1426 1485 1520 Armeniam,
1502 1432 1541 1501 et
1553 1418 1592 1518 (¹)
1617 1425 1664 1501 de
1680 1427 1749 1500 111-

576 1547 697 1635 menia
722 1546 759 1620 in
784 1548 1141 1644 constantinopolim,
1167 1554 1204 1623 et
1228 1548 1312 1622 hinc
1337 1556 1403 1642 per¹
1428 1545 1607 1621 Graeciam
1637 1548 1750 1624 deve-

576 1673 712 1741 nerunt
736 1667 772 1741 in
798 1666 968 1762 Siciliam,
994 1668 1265 1744 considerantes
1289 1673 1399 1743 caute
1424 1672 1461 1741 et
1490 1669 1749 1765 investigantes

576 1789 622 1864 de
646 1787 829 1883 omnibus,
854 1809 938 1883 quae
963 1789 1188 1884 parabantur
1213 1809 1236 1863 a
1264 1788 1420 1863 dominis
1450 1788 1595 1863 illarum
1629 1789 1749 1886 regic-

578 1929 668 1983 num
693 1907 732 1982 in
755 1909 919 2003 partibus
944 1908 1029 2001 illis;
1055 1913 1092 1982 et
1116 1907 1163 1982 de
1187 1906 1305 1982 Sicilia
1334 1906 1433 1981 venit
1452 1907 1491 1980 in
1513 1908 1694 2001 Apuliam,
1712 1916 1749 1983 el

576 2030 623 2103 de
640 2013 768 2123 Apulia
785 2029 952 2122 Romam,
969 2029 1033 2103 ubi
1051 2028 1207 2102 multum
1227 2027 1337 2102 sensit
1348 2025 1395 2102 de
1411 2026 1611 2102 intentione
1628 2029 1747 2120 Papa,

578 2153 615 2223 et
640 2148 687 2222 de
710 2148 827 2224 licma
853 2147 1013 2223 venitin
1038 2146 1217 2222 Tusciam.
1243 2144 1381 2220 Deinde
1396 2145 1575 2219 transiens
1591 2146 1749 2240 Apenni-

580 2287 682 2359 num,
707 2267 854 2343 devenit
879 2268 915 2340 in
941 2265 1210 2360 lumbardiam,
1240 2270 1277 2339 et
1305 2265 1553 2340 transiverunt
1584 2286 1648 2361 per
1675 2267 1750 2340 lle-

579 2388 766 2462 ‹liclanum
781 2393 817 2461 et
834 2387 1002 2482 Papiam3
1020 2384 1156 2461 sciebat
1168 2384 1265 2459 enim
1279 2383 1480 2478 Saladinus,
1498 2384 1592 2459 inter
1609 2385 1721 2476 alias(
1739 2389 1749 2474 l

578 2509 713 2581 multas
738 2509 891 2604 linguas,
909 2509 1073 2603 linguam
1090 2505 1249 2580 latinam.
1269 2504 1406 2580 Deinde
1422 2525 1593 2602 egressus
1610 2506 1749 2580 ltaliam

579 2626 796 2700 transcurrit
820 2626 1061 2719 Provinciam,
1088 2625 1296 2720 Franciam,
1326 2625 1545 2720 Hispaniam,
1571 2626 1749 2722 Angliam,

579 2751 616 2820 et
640 2744 712 2819 alia
737 2763 852 2838 regna
877 2743 1089 2838 Occidentis,
1122 2764 1206 2838 quae
1235 2751 1363 2820 contra
1395 2765 1484 2819 eum
1513 2766 1554 2820 se
1582 2747 1751 2843 accinge-

579 2866 667 2938 bant
684 2869 721 2938 ct
736 2863 945 2956 armabant3
962 2869 999 2938 et
1016 2883 1082 2958 per
1100 2863 1324 2938 Alcmaniam
1343 2864 1551 2940 retransivit
1564 2886 1629 2960 per
1646 2886 1752 2941 mare

579 2984 616 3057 in
630 2982 887 3057 Alexandriam
900 2983 1006 3078 plene
1019 2983 1237 3057 inlcrmatns
1249 2982 1295 3057 de
1311 2983 1581 3079 omnibusque
1595 2985 1752 3061 babebat

580 3105 702 3179 lacere
732 3103 777 3177 ad
808 3103 867 3176 sui
898 3102 1157 3179 defensionem.
1191 3103 1383 3179 Exercitus
1411 3111 1538 3180 autem
1568 3106 1752 3181 maximus

581 3222 869 3299 Christianorum
895 3222 1073 3298 transiens
1099 3222 1135 3297 in
1160 3222 1304 3320 Syriam
1322 3224 1487 3319 pervenit
1503 3223 1550 3298 ad
1566 3225 1768 3306 civitatem.

581 3345 717 3437 Acbcn,
731 3343 794 3417 ubi
813 3343 849 3416 in
866 3343 1030 3418 exercitu
1049 3343 1117 3417 luit
1135 3343 1296 3418 maxima
1313 3343 1516 3418 infirmaria
1531 3331 1567 3436 (⁸)
1588 3351 1624 3419 et
1644 3345 1754 3440 pesti·

581 3463 701 3538 lentie.
729 3462 931 3537 llesidunm
948 3482 1092 3555 eorum,
1110 3462 1173 3555 qui
1191 3467 1384 3536 evaserant
1401 3462 1449 3535 ab
1465 3461 1656 3557 epidcmia,
1673 3465 1755 3539 ine-

583 3588 669 3656 runt
694 3582 798 3677 quasi
824 3601 953 3657 omnes
978 3580 1083 3674 capti.
1109 3579 1153 3651 Et
1177 3599 1265 3652 ecce
1289 3580 1627 3674 magnanimitatem
1654 3582 1756 3658 Sala-

582 3703 667 3776 dini.
694 3701 773 3796 lpse
798 3700 925 3774 habuit
941 3697 1131 3774 consilinm
1149 3716 1237 3770 cum
1257 3697 1333 3771 suis
1350 3697 1438 3791 quid
1454 3703 1550 3772 esset
1568 3698 1754 3792 agendum

582 3825 629 3899 de
652 3822 801 3919 captivis
827 3820 1008 3897 hostibus:
1035 3819 1095 3894 alii
1120 3819 1288 3896 dicebant
1318 3819 1416 3914 quod
1441 3821 1753 3899 interficerentur:

583 3945 643 4020 alii
675 3942 774 4037 quod
805 3940 1059 4018 detinerentur
1072 3933 1128 4032 (⁵):
1158 3941 1218 4015 alii
1248 3940 1348 4035 qnod
1376 3940 1481 4019 lieret
1510 3943 1563 4019 eis
1596 3949 1755 4039 pmestas

584 4061 785 4136 redimendi
798 4051 837 4153 (θ)
860 4081 910 4136 se
928 4060 999 4136 Sed
1016 4059 1216 4155 Saladinus,
1236 4081 1325 4137 vere
1341 4062 1609 4158 magnanimus,
1626 4063 1756 4158 surdis

583 4179 750 4256 emnium
776 4180 943 4274 consiliis,
973 4179 1087 4254 libere
1117 4179 1251 4255 dimisit
1278 4201 1418 4275 omnes,
1447 4189 1485 4257 et
1515 4181 1613 4258 dedit
1637 4183 1758 4258 omni·

585 4302 654 4375 bus
667 4288 705 4392 (⁷)
723 4305 938 4394 potestatem
958 4299 1157 4374 rebellandi
1175 4305 1211 4374 et
1229 4300 1457 4377 restaumndi
1472 4301 1610 4378 bellum
1628 4309 1757 4378 contra

584 4443 684 4497 eum.
710 4419 795 4495 ldeo
821 4419 915 4493 bene
939 4419 1024 4494 dicit
1048 4427 1181 4495 autur:
1207 4443 1227 4493 e
1249 4423 1326 4495 salo
1348 4425 1387 4495 iu
1406 4430 1514 4514 para
1538 4425 1610 4498 cidi
1632 4427 1666 4498 el
1688 4427 1760 4498 Se*

589 4591 674 4599 .-.-.-
685 4593 747 4599 ,-
766 4592 936 4598 ----.--
944 4593 1200 4600 -—..—.---.—-—-
1216 4594 1318 4600 —.

647 4686 674 4741 ζ’)
691 4682 716 4732 S.
734 4682 835 4732 ildebnl.
1246 4683 1272 4742 ξ’]
1288 4683 1315 4734 S.
1331 4684 1422 4734 wude
1438 4682 1693 4749 &muntincpclim

647 4756 674 4809 l⁸l
690 4756 714 4806 S.
732 4756 793 4806 alias
810 4757 918 4819 linguas,
936 4758 1050 4822 lingnam
1068 4757 1183 4808 latinam.
1249 4758 1272 4803 “l
1291 4759 1321 4808 li.
1338 4759 1480 4809 inllrmltas.

648 4833 674 4891 ζ’)
692 4837 745 4892 lle,
762 4833 941 4884 delinerentur
957 4836 1090 4884 carcerati.
1249 4835 1273 4895 (⁸)
1291 4835 1321 4885 E.
1338 4836 1463 4887 redeundi
1479 4851 1514 4887 sc.

649 4914 675 4973 ll
691 4914 731 4974 n,
750 4919 795 4964 rra
810 4929 825 4965 e
841 4914 866 4963 S.
883 4917 927 4964 ets.
