4154 6546
768 805 906 860 CANTUS
933 805 1088 862 DECIMUS
1113 805 1305 861 SECUNDUS.
1548 796 1618 861 405

448 955 543 1028 dicta
569 952 739 1046 dicendis,
764 950 870 1025 dicit:
903 955 955 1024 Or
979 953 1010 1023 ci
1030 972 1220 1024 mooemmo
1237 973 1304 1023 con
1328 956 1365 1025 lo
1390 960 1508 1025 scorto
1529 955 1619 1045 fida,

450 1076 539 1149 idest
566 1095 652 1147 cum
677 1074 790 1147 Nesso
815 1072 920 1146 cuius
946 1071 1027 1145 lidei
1054 1092 1203 1146 eramus
1228 1073 1423 1165 commissi,
1451 1073 1621 1166 quamvis

449 1197 546 1269 male
562 1193 764 1267 servaverit
781 1192 925 1264 Herculi
942 1191 1147 1285 depositum
1165 1213 1297 1285 suum;
1324 1196 1429 1293 lunqo
1447 1197 1483 1265 lo
1498 1196 1620 1285 prodo

447 1319 504 1390 del
532 1317 641 1386 bollor
667 1314 860 1400 vermmlto,
886 1311 977 1384 idest
1002 1331 1132 1385 versus
1165 1313 1282 1406 ripam
1314 1313 1382 1386 rivi
1416 1313 1618 1408 sanguinei,

447 1439 536 1508 dove
559 1438 572 1506 i
595 1435 714 1522 belidi,
745 1431 834 1505 idest
859 1431 1006 1506 violenti
1038 1432 1074 1504 in
1108 1433 1288 1527 sanguine
1321 1426 1525 1528 bullientes,
1560 1439 1620 1528 so-

448 1576 534 1627 cean
558 1557 626 1626 alte
648 1555 775 1643 strido,
800 1539 934 1625 scilicet
959 1559 1107 1646 propter
1133 1572 1265 1648 magna
1288 1560 1472 1627 tormenta
1490 1574 1619 1649 poena-

450 1696 545 1747 rum.
572 1674 616 1745 Et
640 1671 760 1766 primo
785 1671 901 1765 tangit
928 1691 1002 1764 eos,
1022 1672 1086 1764 qui
1111 1673 1262 1767 gravius
1288 1673 1504 1768 puniuntur,
1531 1673 1617 1767 quia

449 1801 535 1868 sunl
555 1793 657 1887 quasi
684 1793 721 1865 in
747 1799 865 1867 totum
892 1791 1001 1866 mersi
1018 1784 1055 1884 (¹)
1081 1793 1150 1866 sub
1176 1793 1365 1888 sanguine,
1401 1794 1487 1887 quia
1521 1794 1619 1868 lece-

450 1921 536 1988 runt
563 1914 720 1987 maiores
739 1913 924 2008 sanguinis
943 1913 1102 1988 lusiones
1115 1906 1151 2006 (²)
1176 1920 1213 1988 et
1238 1915 1464 1990 extorsiones
1484 1917 1618 1990 crude-

449 2037 531 2110 liter
548 2027 585 2128 (³)
613 2045 650 2110 et
675 2035 816 2108 iniuste.
845 2034 935 2108 Dicit
960 2055 1070 2130 ergo:
1095 2038 1131 2108 io
1157 2039 1228 2109 velli
1250 2043 1349 2126 perde
1373 2045 1461 2111 sotto
1483 2039 1558 2128 fiae
1583 2041 1621 2110 al

449 2159 563 2246 cipite,
601 2155 650 2228 ila
688 2153 785 2246 quod
823 2153 909 2225 nihil
948 2154 1133 2227 eminebat
1168 2155 1214 2228 de
1245 2155 1297 2229 eis
1328 2155 1393 2229 nisi
1427 2156 1619 2229 summilas

449 2275 585 2370 capitiS,
608 2279 649 2348 ut
674 2278 868 2368 appareret
892 2292 1017 2367 poena3
1043 2280 1080 2346 et
1104 2274 1266 2348 declarat
1291 2275 1353 2368 qui
1379 2282 1465 2348 sunt
1489 2275 1546 2348 isti
1563 2275 1619 2348 di·

451 2396 561 2469 cens:
587 2399 620 2467 el
648 2416 745 2484 pron
775 2400 953 2483 centumo,
987 2393 1122 2466 scilicet
1158 2395 1310 2467 Nessus:
1345 2395 1456 2489 aliqui
1495 2402 1619 2469 tamen

451 2514 577 2588 dicunt
614 2515 712 2607 quod
750 2513 912 2607 loquitur
949 2513 995 2586 de
1032 2512 1200 2607 Chirone,
1238 2514 1336 2607 quod
1371 2535 1442 2588 non
1475 2514 1620 2590 videtur

451 2654 556 2728 posse
582 2640 691 2728 stare,
718 2633 804 2727 quia
829 2632 901 2704 iam
928 2632 1017 2706 dixit
1041 2639 1173 2707 autor:
1204 2638 1256 2707 Or
1279 2638 1312 2707 α’
1336 2655 1525 2708 moocmmo
1554 2657 1621 2708 con

450 2757 488 2826 la
504 2763 622 2826 scorto
637 2757 726 2845 fida,
744 2757 852 2826 disse:
878 2757 909 2825 ei
932 2775 998 2825 son
1023 2757 1170 2827 manni:
1194 2755 1345 2830 adverte
1370 2756 1468 2849 quod
1494 2764 1620 2853 tyran-

451 2897 520 2949 nus
545 2874 739 2968 aliquando
773 2874 916 2969 capitur
947 2875 983 2946 in
1015 2875 1111 2948 bona
1144 2883 1267 2970 parte,
1296 2876 1393 2950 unde
1423 2877 1618 2973 Virgilius:

452 3000 545 3067 Pars
570 2996 652 3066 milri
671 2996 773 3085 pacis
797 2995 863 3066 erit
885 2997 1051 3066 dextrum
1076 2996 1221 3085 tetiqisse
1246 2999 1398 3085 tyranni.
1426 2996 1510 3070 Ideo
1536 3017 1620 3092 spe-

451 3116 568 3190 cificat
593 3115 639 3188 de
664 3115 797 3209 quibus
822 3113 985 3207 loquitur
1000 3102 1049 3208 (⁴),
1075 3135 1161 3187 cum
1187 3114 1294 3189 dicit:
1321 3118 1380 3187 circ
1404 3119 1481 3188 dier
1505 3120 1543 3190 di
1563 3121 1621 3209 pi-

447 3241 533 3328 plio,
559 3237 650 3310 idest
674 3235 738 3328 qui
768 3234 971 3308 iniecerunt
1001 3256 1133 3309 manus
1161 3242 1315 3330 atroces,
1347 3239 1405 3308 nel
1438 3257 1571 3327 conque
1603 3260 1622 3310 e

449 3359 633 3445 nellooer,
660 3354 793 3428 scilicet
818 3354 1090 3448 proximorum,
1116 3355 1198 3430 ideo
1213 3347 1263 3450 (⁵),
1290 3359 1316 3429 li
1339 3360 1474 3450 epictati
1496 3359 1620 3451 danai,

449 3477 530 3551 data
549 3467 585 3568 (⁶)
611 3476 722 3568 impie
739 3475 775 3547 in
793 3475 959 3549 homines
976 3482 1012 3550 et
1028 3476 1124 3549 bona
1150 3497 1295 3572 eorum,
1311 3481 1344 3550 si
1359 3481 1488 3570 pionqe
1513 3481 1619 3569 mnia,

450 3597 584 3672 scilicet
609 3595 644 3667 in
670 3595 738 3668 isto
764 3595 953 3688 sanguine,
980 3595 1063 3689 quia
1091 3597 1257 3690 planctus
1282 3597 1449 3690 sequitur
1469 3597 1515 3671 ad
1540 3618 1621 3693 poe-

450 3738 545 3791 nam.
560 3717 730 3803 -Quiot
758 3715 863 3789 Nunc
887 3722 996 3788 autor
1022 3717 1186 3790 nominat
1210 3718 1352 3811 aliquos
1378 3725 1564 3814 tyrannm,
1582 3727 1620 3793 et

450 3837 568 3932 primo
594 3842 630 3908 et
655 3835 901 3929 principaliter
925 3855 1043 3907 unum
1076 3837 1415 3931 principalissimum
1442 3844 1480 3912 et
1503 3839 1620 3913 lamo-

450 3957 632 4029 sissimum
659 3954 837 4048 omnium,
876 3955 1011 4054 scilicet
1048 3955 1307 4030 Alexandrum.
1346 3956 1399 4029 Ad
1432 3958 1618 4032 sciendum

451 4086 576 4152 autem
603 4075 684 4168 quis
712 4073 823 4147 luerit
854 4074 922 4147 iste
952 4075 1157 4149 Alexander
1189 4084 1243 4148 est
1279 4076 1490 4170 notandum,
1521 4076 1620 4169 quod

451 4195 563 4289 aliqui
589 4200 784 4287 sequentes
809 4194 1016 4289 opinionem
1043 4195 1142 4290 vulgi
1167 4195 1352 4289 dixerunt,
1383 4195 1481 4289 quod
1510 4202 1619 4269 autor

451 4338 524 4391 non
549 4315 711 4409 loquitur
737 4315 794 4388 hic
819 4315 865 4388 de
890 4315 1095 4389 Alexandro
1121 4316 1326 4410 Macedone,
1361 4316 1424 4390 sed
1454 4316 1500 4390 de
1525 4336 1620 4409 quo-

450 4437 536 4511 dam
569 4435 651 4530 alio,
689 4434 752 4509 sed
792 4442 894 4508 certe
931 4434 1026 4508 istud
1064 4445 1119 4511 est
1151 4435 1301 4509 omnino
1338 4435 1481 4530 laisum,
1520 4436 1619 4530 quod

450 4562 567 4652 potest
580 4560 707 4649 patere
718 4554 923 4650 dupliciter:
939 4555 1070 4648 primo,
1084 4555 1171 4649 quia
1191 4574 1277 4628 cum
1295 4555 1450 4630 dicimus
1461 4556 1620 4631 Alexan-

512 4769 540 4833 l¹l
557 4771 588 4820 Ε·
605 4770 738 4820 ῦῠὺῐῦθῐεί·
1159 4773 1185 4833 (¹)
1202 4773 1227 4821 S.
1243 4786 1259 4821 o
1275 4771 1306 4820 Ε.
1322 4769 1468 4823 effusiones.

511 4845 538 4911 (⁸)
555 4847 585 4898 Ε.
602 4848 768 4898 crudelllmus
783 4853 810 4899 et
827 4848 939 4898 iniustus.
957 4849 1032 4901 Dicit.
1158 4847 1186 4911 (⁸)
1203 4848 1233 4897 E.
1250 4848 1380 4911 loquatur.
1416 4834 1424 4855 ⁸

512 4924 540 4985 (¹)
558 4923 936 4990 assumpseramus
1160 4924 1307 4989 pirron
1324 4924 1492 4977 uxamae.
