4154 6546
677 800 815 857 caurus
840 801 996 857 nacruus
1020 801 1164 856 saurus.
1432 789 1502 857 tlt)

337 947 582 1021 laudaverunt
607 947 881 1041 responsionem
914 947 1074 1022 nobilem
1104 968 1217 1040 quam
1249 947 1387 1023 fecerat
1417 968 1504 1022 cum

336 1088 471 1162 magna
486 1059 523 1159 (¹)
549 1052 717 1141 libertate
742 1074 780 1141 et
805 1067 959 1141 veritate
984 1067 1216 1162 respicientes
1242 1067 1359 1162 primo
1384 1088 1425 1142 se
1449 1068 1506 1142 in·

336 1189 465 1281 vicem,
492 1188 591 1262 unde
624 1188 732 1262 dicit:
758 1210 778 1261 e
805 1191 819 1260 i
850 1196 903 1261 tre
930 1190 990 1261 cte
1018 1180 1072 1261 rid
1101 1191 1228 1261 inteser
1256 1208 1322 1279 per
1353 1191 1507 1280 amposta

335 1311 498 1399 quaritur
523 1311 546 1381 t
558 1329 607 1381 aa
631 1311 774 1399 tultro,
799 1308 905 1402 quasi
929 1308 1164 1402 admirantes,
1189 1329 1285 1381 corae
1308 1310 1347 1380 ul
1375 1329 1438 1380 oer
1469 1327 1507 1380 rc

335 1430 679 1520 quamanimae
708 1431 794 1519 tutti,
819 1428 955 1503 scibcet
984 1428 1033 1501 illi
1064 1435 1138 1502 tres
1168 1427 1314 1523 spiritus
1344 1426 1505 1503 nobiles:

335 1571 358 1621 o
367 1553 466 1648 felice
477 1556 508 1621 te
519 1570 556 1621 se
567 1541 597 1621 si
607 1552 705 1640 parti
716 1570 741 1620 a
757 1555 819 1622 tua
828 1555 944 1640 posta,
960 1555 1033 1622 tam
1052 1549 1135 1642 cito,
1149 1558 1224 1624 tam
1242 1548 1415 1642 breviter,
1429 1554 1505 1620 tam

335 1669 527 1763 veraciter,
543 1690 581 1741 se
603 1672 632 1742 tl
652 1672 852 1762 soddtssnre
868 1672 919 1742 nd
934 1672 1031 1761 altri,
1052 1669 1144 1744 idest
1161 1670 1312 1743 alterius
1333 1668 1505 1763 petitioni,

334 1793 479 1862 ticosta
503 1781 643 1880 slpoco
677 1791 803 1862 tattre
827 1791 927 1880 volte,
952 1788 1047 1864 sicut
1079 1809 1187 1882 nunc,
1222 1789 1326 1882 quasi
1358 1788 1505 1863 dicant:

332 1929 409 1996 non
433 1914 578 2002 poteras
604 1908 747 2001 melius,
772 1907 921 1982 brevius
947 1916 983 1982 et
1008 1909 1144 1982 clarius
1169 1908 1372 1983 insinuasse
1401 1907 1506 1982 nobis

335 2038 552 2123 presentem
573 2027 763 2102 Florentiae
781 2035 942 2102 statum:
960 2036 998 2102 et
1014 2028 1145 2103 deinde
1161 2029 1419 2103 concludentes
1439 2047 1506 2122 pe-

336 2155 417 2223 tunt
442 2149 578 2223 lamam
603 2148 652 2222 ab
676 2154 819 2242 autore,
839 2149 925 2242 quia
950 2148 1049 2222 aliud
1075 2155 1202 2242 petere
1227 2169 1300 2222 non
1325 2154 1507 2242 poterant,-

335 2268 545 2342 adiurantes
561 2268 680 2362 ipsum
698 2268 816 2363 perid
834 2268 932 2360 quod
950 2275 1006 2341 est
1019 2268 1180 2342 maxime
1193 2269 1355 2343 salutare
1367 2265 1505 2341 bomini

337 2389 532 2482 peccatori,
557 2388 692 2462 scilicet
721 2388 904 2466 dimittere
929 2389 1028 2483 vitia,
1053 2397 1090 2463 et
1115 2390 1237 2464 redire
1261 2390 1308 2463 ad
1338 2389 1504 2464 virtutes.

337 2508 469 2585 Dicunt
491 2529 604 2604 ergo:
628 2501 716 2601 perd
738 2512 781 2602 fa
804 2512 864 2582 cte
886 2512 1007 2602 sacelli
1031 2513 1068 2583 dt
1092 2515 1152 2583 not
1176 2533 1200 2582 a
1225 2514 1256 2583 le
1279 2514 1385 2601 penti,
1408 2511 1505 2585 scili-

337 2635 396 2701 cet
412 2628 593 2702 laudando
618 2633 656 2702 et
681 2629 921 2703 memorando
938 2630 1091 2705 virtutes
1112 2637 1266 2723 nostras,
1283 2652 1320 2703 se
1337 2638 1372 2703 tn
1388 2633 1505 2722 campi

337 2751 371 2822 d'
384 2752 446 2821 esti
470 2752 558 2822 toclri
582 2751 651 2840 bat,
678 2749 769 2825 idest
793 2749 823 2822 si
849 2756 889 2823 tu
916 2749 1049 2823 evadas
1073 2748 1120 2823 de
1145 2749 1219 2825 istis
1239 2749 1326 2823 locis
1346 2749 1506 2824 inlerna·

339 2867 433 2941 libus
458 2869 635 2963 obscuris,
660 2868 833 2943 sciliceta
851 2869 1017 2963 peccatis,
1035 2890 1054 2940 e
1071 2872 1165 2941 torni
1180 2890 1205 2939 a
1219 2872 1360 2942 eineder
1376 2872 1409 2941 te
1423 2870 1507 2943 oete

336 2991 441 3078 stelle,
466 2988 557 3062 idest
570 2980 607 3080 (²)
635 2989 789 3063 virtutes
815 2989 944 3082 claras,
970 2988 1065 3063 sicut
1090 2988 1234 3061 videtur
1249 2978 1286 3079 (³)
1304 2989 1341 3061 in
1358 2988 1430 3062 line
1446 2991 1507 3062 ln-

337 3110 441 3204 lerni,
468 3111 566 3184 etin
592 3110 767 3204 principio
793 3109 1011 3204 Purgatorii,
1038 3109 1125 3203 quia
1151 3109 1277 3203 iugata
1295 3116 1402 3183 nocte
1418 3130 1506 3203 pec-

335 3236 503 3303 catorum
528 3239 639 3305 autor
664 3228 794 3303 redibit
817 3229 864 3302 ad
889 3230 1012 3302 lucem
1039 3229 1219 3303 virtutum
1234 3217 1298 3322 (⁴),
1319 3232 1508 3320 mnndoti

334 3339 480 3438 pocot
505 3352 613 3439 decr,
643 3352 679 3420 io
707 3351 772 3440 sui,
799 3348 891 3422 idest
916 3349 1063 3441 quando
1095 3348 1287 3425 delectabit
1317 3354 1354 3422 te
1384 3350 1507 3424 dicere

336 3468 564 3542 viventibus:
591 3487 662 3562 ego
687 3467 738 3540 lui
759 3467 795 3540 in
813 3467 955 3542 interno
973 3474 1221 3560 mortuorum,
1240 3473 1276 3542 et
1298 3468 1370 3543 vidi
1392 3489 1506 3542 unam

337 3589 497 3682 pluviam
524 3588 616 3683 ignis
640 3587 709 3661 sub
735 3608 808 3680 qua
833 3588 946 3680 aliqui
967 3589 1149 3683 jacebant,
1174 3589 1286 3682 aliqui
1320 3589 1506 3682 sedebant,

335 3709 447 3802 aliqui
476 3709 686 3801 currebant,
711 3708 798 3802 quia
827 3707 1040 3783 delectabile
1065 3717 1121 3784 est
1152 3708 1289 3801 bomini
1320 3708 1506 3783 recordari

335 3830 505 3903 laborum
523 3830 808 3924 praeteritorum,
826 3828 973 3923 quando
990 3829 1156 3922 pervenit
1173 3830 1220 3903 ad
1238 3829 1412 3924 quietem,
1430 3829 1505 3903 imo

337 3953 494 4024 multum
512 3951 701 4046 gloriatur.
715 3989 764 4003 -
776 3953 867 4023 lodi.
890 3949 954 4023 llic
971 3956 1081 4023 autor
1099 3950 1227 4026 ultimo
1245 3951 1379 4024 claudit
1397 3950 1505 4027 istam

336 4070 529 4144 materiam
556 4070 802 4144 violentorum
828 4079 956 4145 contra
983 4079 1166 4162 naturam,
1183 4069 1306 4144 dicens
1332 4069 1404 4143 illi:
1429 4072 1506 4143 indi

335 4206 467 4282 ruppcr
492 4193 528 4261 la
551 4197 647 4280 rota,
672 4189 763 4262 idest
779 4180 815 4279 (⁵)
842 4189 1032 4262 solverunt
1058 4187 1270 4282 tripudium,
1294 4189 1394 4265 linito
1427 4208 1508 4262 ser-

336 4330 458 4403 mone,
475 4317 508 4382 et
530 4331 555 4380 a
575 4313 742 4402 suppirst,
759 4307 866 4382 valde
885 4308 1070 4381 velociter.
1090 4309 1192 4382 Unde
1209 4309 1313 4383 dicit:
1335 4313 1366 4382 le
1381 4311 1507 4400 pande

337 4437 415 4506 loro
430 4434 549 4505 diretta
564 4432 764 4504 sembtaron
782 4432 846 4520 att,
863 4428 955 4504 idest
972 4428 1059 4502 visae
1083 4435 1171 4503 sunt
1194 4431 1263 4504 alae
1280 4429 1373 4504 adeo
1394 4429 1507 4525 quod,

398 4690 425 4751 (')
441 4687 466 4738 S.
482 4702 576 4752 magna
592 4687 803 4739 liberalitatevel
816 4687 944 4738 libertate.

397 4766 425 4829 (¹)
441 4766 472 4816 ll.
487 4767 553 4817 idest
567 4768 686 4828 uitantes,
702 4766 794 4826 eluas,
811 4765 878 4816 simu
894 4765 1032 4815 videbitur.

397 4841 424 4904 (¹)
441 4846 496 4902 llll,
512 4843 622 4893 dicatur.
923 4841 951 4904 (s)
967 4847 1022 4902 rto,
1038 4843 1179 4904 virtutum
1192 4846 1223 4893 at
1237 4841 1315 4894 dicit:
1331 4842 1442 4907 prm.

399 4919 427 4982 (⁶)
442 4917 469 4969 S.
485 4919 550 4970 idest
566 4920 604 4972 ult
617 4921 760 4972 ulvarum.
768 4945 799 4958 -
809 4918 840 4970 ll.
856 4918 922 4969 idest
937 4923 1066 4982 ruperunt
1083 4919 1234 4982 tripudium.
