4154 6546
764 825 766 831 ·
878 799 1019 855 caurus
1043 800 1185 854 narnus.
1571 785 1615 853 ll

445 952 570 1021 tamen
589 945 744 1040 primus,
760 944 835 1019 imo
852 943 958 1017 multi
974 949 1242 1038 praecesserunt
1257 962 1357 1035 eum,
1374 944 1469 1017 sicut
1485 944 1619 1038 Livius,

445 1065 593 1159 Ennius,
619 1065 781 1158 Plautus,
812 1064 1016 1156 Terentius,
1047 1062 1217 1155 Lucilius,
1250 1067 1287 1136 et
1320 1063 1523 1158 Lucretius,
1558 1065 1620 1158 qui

445 1194 616 1262 mortuus
641 1191 696 1260 est
725 1185 785 1259 die
810 1204 885 1278 qua
918 1184 1027 1257 uatus
1052 1176 1090 1274 (¹)
1122 1182 1303 1278 Virgilius,
1329 1203 1417 1257 nam
1449 1204 1490 1259 se
1523 1185 1621 1259 occi·

445 1306 507 1380 dit
534 1306 571 1380 Si
596 1305 707 1380 etiam
734 1307 932 1397 loquamur
956 1301 1165 1397 allegorice,
1184 1301 1266 1376 dico
1283 1303 1382 1395 quod
1406 1303 1501 1378 bene
1526 1304 1621 1395 dicit,

447 1425 534 1518 quia
560 1423 763 1498 secundum
790 1441 989 1497 commune
1008 1421 1164 1516 vulgare
1185 1421 1391 1496 italicorum
1408 1415 1459 1516 ζ’),
1484 1431 1522 1497 et
1546 1425 1623 1499 usi-

450 1548 568 1616 tatum
595 1542 746 1615 modum
764 1540 948 1634 loquendi,
965 1560 1077 1614 omne
1094 1540 1182 1613 illud
1199 1540 1329 1614 dicitur
1347 1543 1505 1637 tardum,
1523 1544 1623 1637 quod

450 1684 524 1738 non
550 1662 649 1736 venit
672 1661 719 1737 ad
742 1661 1027 1735 determinatum
1052 1659 1163 1734 tinem
1188 1682 1310 1755 suum,
1337 1682 1404 1736 nec
1430 1664 1624 1756 consequi-

451 1787 513 1855 tur
529 1782 628 1877 quod
645 1781 742 1875 petit
757 1780 861 1855 llodo
874 1780 1056 1875 Virgilius,
1073 1780 1160 1872 quia
1177 1800 1251 1853 non
1266 1782 1433 1875 pervenit
1449 1782 1496 1856 ad
1513 1782 1622 1857 linem

451 1902 620 1998 perlecta
645 1899 833 1993 felicitatis,
851 1919 919 1973 nec
944 1900 1105 1972 salvatus
1129 1901 1349 1993 est-merito
1374 1902 1625 1977 benedicitur

451 2023 593 2097 venisse
618 2021 732 2096 tarde.
759 2019 929 2095 Nonnulli
952 2025 1076 2094 tamen
1093 2026 1281 2113 exponunt
1300 2021 1406 2095 aliter
1422 2028 1459 2096 et
1475 2022 1538 2115 sic,
1555 2022 1626 2096 sci·

450 2143 545 2235 licet,
571 2142 670 2235 quod
696 2140 951 2215 bonushomo
977 2160 1183 2233 numquam
1212 2147 1331 2235 potest
1362 2148 1437 2216 tarn
1462 2144 1535 2217 cito
1561 2163 1626 2218 ve-

451 2262 531 2337 nire
555 2263 593 2335 in
619 2262 813 2354 mundum,
838 2261 937 2354 quod
963 2281 1037 2333 non
1068 2261 1114 2333 sit
1143 2261 1256 2335 tarde.
1283 2262 1351 2335 dlii
1376 2263 1485 2337 etiarn
1512 2285 1627 2358 expo-

452 2388 544 2455 nunt
574 2381 681 2455 mtam
714 2381 857 2455 literam
882 2380 1126 2474 deprecative,
1155 2380 1206 2454 sic
1236 2389 1482 2475 exponentes:
1516 2406 1627 2458 nacor

451 2503 543 2592 fosse
568 2502 676 2590 tardi,
702 2500 803 2592 idest,
821 2501 870 2574 olr
887 2499 1026 2572 utinam
1048 2520 1121 2573 non
1147 2499 1294 2575 fuissem
1321 2509 1429 2575 natus
1447 2509 1522 2577 tam
1543 2505 1627 2597 cito,

453 2618 517 2694 sed
543 2619 693 2713 tardius,
715 2619 801 2712 quia
827 2618 976 2692 fuissem
1004 2625 1169 2713 tempore
1194 2619 1335 2693 Christi.
1362 2619 1434 2695 Sed
1458 2622 1543 2697 licet
1559 2623 1628 2697 ista

453 2739 630 2834 expositio
655 2739 823 2814 videatur
848 2759 948 2830 sana,
966 2744 1003 2813 et
1027 2737 1121 2812 bene
1145 2744 1260 2831 sonet,
1279 2760 1353 2813 non
1371 2745 1494 2814 tamen
1512 2749 1567 2816 est
1583 2742 1630 2816 de

455 2867 579 2934 mente
608 2858 759 2950 autoris,
777 2858 808 2930 si
838 2857 919 2949 quis
939 2857 1033 2931 bene
1058 2857 1264 2932 considerat
1289 2859 1443 2954 vulgare
1467 2859 1631 2936 llorenti-

456 2998 546 3053 nnm
559 2969 610 3072 (³),
627 2979 714 3072 quia
734 2977 822 3052 illud
838 2998 951 3051 oaoor
967 2982 1110 3050 tantum
1125 2978 1234 3071 valet,
1252 2985 1431 3070 quantum
1449 2982 1629 3073 quamvis.

455 3098 500 3171 Et
524 3099 632 3173 dicit:
667 3101 793 3171 eoissi
817 3119 842 3170 a
865 3103 989 3171 linaro.
1024 3098 1224 3188 Postquam
1250 3097 1420 3193 Virgilius
1444 3099 1631 3195 descripsit
1764 3128 1769 3138 ·

456 3237 497 3293 se
526 3239 551 3293 a
577 3217 738 3313 principe
766 3219 835 3292 sub
868 3238 942 3310 quo
973 3222 1080 3289 natus
1114 3221 1180 3308 est,
1214 3236 1313 3290 nunc
1343 3216 1513 3293 describit
1543 3240 1583 3295 se
1608 3241 1631 3295 a

457 3338 618 3434 principe
643 3338 712 3412 sub
736 3359 811 3432 quo
837 3337 960 3412 lloruit
978 3325 1034 3430 (⁸);
1061 3335 1159 3411 unde
1184 3334 1287 3409 dicit:
1309 3357 1329 3407 c
1349 3339 1432 3410 vasi
1455 3360 1480 3410 a
1504 3344 1631 3431 Romo,

419 3484 424 3492 ’
457 3459 591 3534 scilicet
610 3478 697 3534 cum
715 3464 796 3533 erat
811 3458 848 3531 in
874 3474 1021 3530 summo
1047 3454 1207 3529 culmine
1231 3455 1401 3548 potentia
1419 3464 1456 3531 et
1476 3457 1630 3552 imperii.

457 3576 561 3653 Unde
575 3578 670 3652 libro
687 3577 942 3652 Bucolicorum
960 3575 997 3649 in
1013 3574 1188 3669 principio
1206 3575 1377 3671 Virgilius
1394 3579 1633 3671 conqueritur

456 3716 498 3773 se
514 3697 619 3773 tarde
635 3696 779 3771 venisse
798 3697 966 3788 Romam,
987 3702 1025 3769 et
1049 3694 1135 3773 dicit
1151 3695 1250 3787 quod
1266 3696 1383 3769 Roma
1404 3702 1547 3771 tantum
1569 3721 1634 3773 su·

456 3816 667 3913 perexcellit
691 3815 787 3890 inter
810 3815 900 3888 alias
928 3816 1039 3889 urbes
1065 3821 1245 3908 quantum
1275 3817 1439 3910 cupressi
1464 3809 1501 3908 (¹³)
1538 3819 1633 3894 inter

453 3937 588 4032 jnnoos
604 3938 663 4011 rel
679 3936 849 4031 genistas.
863 3939 959 4008 sotto
972 3938 997 4007 't
1012 3936 1126 4008 buosm
1143 3941 1311 4026 Augusto,
1332 3936 1423 4011 idest
1440 3938 1509 4012 sub
1526 3940 1635 4014 Octa·

458 4057 579 4151 siano,
605 4055 668 4151 qui
695 4061 846 4130 vocatus
870 4061 926 4129 est
950 4054 1062 4128 Gaius
1075 4044 1114 4145 (⁶)
1139 4054 1323 4149 Octavius,
1348 4056 1412 4149 qui
1437 4057 1554 4132 dictus
1578 4066 1635 4135 est

458 4177 647 4274 Augustus
663 4175 732 4251 sub
750 4175 823 4249 fine
842 4175 1024 4250 bellorum
1042 4194 1209 4267 suorum,
1223 4175 1411 4268 republica
1423 4178 1633 4255 reformata.

460 4297 504 4370 Et
526 4296 613 4372 dicit
636 4297 764 4386 tuom,
785 4294 872 4388 quia
893 4293 1195 4389 prudentissimus
1212 4294 1383 4389 Princeps
1408 4296 1476 4370 luit
1492 4305 1529 4373 et
1546 4299 1636 4374 civi-

460 4413 631 4511 lissimus,
646 4422 684 4491 et
697 4414 906 4510 reipublicae
923 4413 1205 4507 amantissimus,
1223 4413 1306 4487 licet
1323 4414 1421 4489 circa
1436 4417 1635 4511 primordia

462 4533 604 4628 imperii
617 4534 733 4607 multa
747 4532 874 4606 lecerit
893 4532 1060 4623 enormia
1079 4530 1276 4605 crudeliter
1292 4552 1360 4626 pro
1375 4531 1530 4628 imperio
1543 4535 1637 4610 obti-

525 4754 551 4813 (u
565 4752 593 4806 s
609 4760 686 4805 nsua
700 4760 749 4805 ess.
883 4750 913 4816 (¹)
928 4754 955 4804 s.
971 4725 1134 4806 manorum,
1261 4753 1288 4816 (⁸)
1303 4755 1333 4805 r.
1350 4755 1571 4806 rroraaunomm

510 4829 553 4892 .(⁸)
571 4835 624 4891 110,
641 4830 732 4882 floruit
745 4836 773 4883 ct
788 4832 899 4895 scripsit,
915 4837 942 4882 at
958 4845 973 4881 s
990 4831 1049 4882 loco
1064 4831 1108 4881 ubl
1123 4831 1230 4894 dorult;
1246 4832 1324 4882 unde.

527 4903 555 4969 ι’)
572 4910 626 4966 111.
643 4920 788 4970 cupressus.
887 4907 915 4970 (⁸)
932 4912 987 4967 110,
1004 4907 1088 4958 bonus
1102 4907 1231 4960 Octavius.
1240 4933 1271 4948 -·
1280 4909 1311 4959 ll.
1326 4907 1411 4972 Gsyos
1426 4906 1588 4959 Octavianus.
