4154 6546
772 792 909 849 cnvrus
935 793 1090 850 orciuos
1115 790 1308 848 srcuunus.
1548 772 1619 844 t15

455 937 655 1013 viterbium
673 932 710 1031 (¹)
745 939 807 1013 ubi
842 947 930 1014 tuuc
955 946 1034 1014 erat
1066 939 1170 1013 curia
1201 958 1367 1030 romana,
1393 955 1527 1010 vacans
1558 955 1623 1029 pa-

449 1065 559 1153 store,
585 1060 702 1133 Cnido
730 1060 777 1134 de
808 1059 1025 1153 Montelorti,
1052 1058 1146 1132 lilius
1174 1057 1354 1154 Symonis,
1384 1054 1562 1130 interfecit
1580 1045 1617 1145 (²)

450 1180 570 1276 gladio
595 1179 713 1273 ipsum
740 1179 950 1272 Henricum,
980 1185 1016 1253 et
1042 1179 1160 1272 ipsum
1192 1178 1275 1251 inde
1307 1181 1479 1268 tractum,
1504 1193 1623 1247 mem-

450 1299 583 1372 bratim
603 1298 788 1392 laceravit,
806 1319 904 1373 anno
921 1297 1065 1371 Domini
1082 1298 1277 1371 MCCLXX.
1292 1294 1508 1368 bdduardus
1521 1292 1620 1366 enim

449 1418 640 1492 aTunitio
666 1419 883 1492 transiverat
908 1419 1008 1491 bcon
1036 1419 1072 1490 in
1098 1416 1300 1491 subsidium
1326 1416 1448 1488 Terrae
1467 1414 1620 1505 Sanctae,

450 1538 513 1612 nbi
542 1539 674 1611 mansit
699 1537 871 1629 triennio;
897 1546 934 1612 et
958 1538 1027 1611 iste
1051 1537 1229 1611 llenricus
1254 1534 1509 1610 revertebatur
1532 1552 1618 1606 cum

449 1658 528 1732 aliis
562 1658 721 1753 regibus,
758 1665 800 1731 ut
831 1658 967 1732 rediret
998 1658 1035 1733 in
1071 1658 1249 1753 angliam,
1280 1656 1386 1730 cuius
1419 1660 1523 1749 pater
1557 1652 1620 1724 Ri-

450 1778 583 1852 cardus
615 1779 753 1852 electus
785 1791 866 1855 erat
903 1799 969 1852 rex
1007 1780 1275 1869 Romanorum,
1309 1775 1471 1871 deposito
1503 1769 1620 1848 Fede·

334 1958 340 1967 .
451 1898 528 1972 rico
544 1899 584 1970 ll.
610 1898 728 1973 Gnido
753 1905 878 1973 autem
902 1898 1203 1973 excomunicatns
1227 1917 1251 1971 a
1267 1896 1447 1992 Gregorio
1465 1916 1557 1990 papa
1575 1895 1621 1988 X,

452 2017 598 2092 tandem
624 2019 774 2093 veniens
798 2019 844 2091 ad
870 2019 1052 2114 mandata,
1071 2018 1225 2093 traditus
1250 2024 1305 2091 est
1330 2016 1520 2110 carceri,a
1546 2036 1620 2109 quo

452 2144 575 2211 tamen
588 2139 703 2216 evasit
716 2139 922 2214 interventu
937 2139 1047 2233 ipsius
1060 2138 1197 2231 Caroli,
1212 2146 1335 2211 tamen
1350 2136 1504 2210 finaliter
1522 2157 1622 2209 mor-

452 2263 538 2331 tuus
563 2265 619 2332 est
644 2260 740 2333 mala
765 2266 895 2334 morte.
913 2261 958 2333 Et
983 2259 1137 2333 ulterius
1163 2265 1218 2332 est
1242 2258 1403 2332 breviter
1420 2257 1621 2352 sciendum,

453 2377 552 2470 quod
576 2378 694 2452 Guido
718 2378 764 2452 de
788 2379 979 2453 Montiorte
1002 2399 1158 2475 magnus
1175 2398 1298 2452 comes
1321 2377 1471 2451 adbaesit
1491 2377 1621 2450 Carolo

453 2495 537 2570 duci
557 2497 785 2593 Andegaviae,
804 2497 907 2571 iratri
923 2497 1070 2572 Ludoici
1096 2497 1191 2593 regis
1215 2496 1388 2591 Franciae,
1406 2502 1443 2570 et
1462 2495 1500 2568 in
1517 2495 1620 2570 brevi

453 2616 569 2690 lactus
594 2624 649 2692 est
674 2619 740 2691 sibi
771 2618 1070 2692 familiarissimus
1102 2625 1139 2692 et
1168 2617 1390 2709 carissimus,
1422 2616 1509 2709 quia
1540 2623 1621 2690 erat

452 2736 508 2810 vir
533 2737 595 2811 alti
621 2738 749 2831 cordis,
777 2739 898 2834 magni
924 2738 1072 2832 consilii,
1098 2746 1136 2812 et
1159 2757 1305 2834 magnae
1330 2737 1527 2831 probitatis.
1549 2736 1619 2809 bc-

451 2855 536 2928 cidit
560 2877 661 2952 ergo,
688 2857 787 2949 quod
813 2879 899 2931 cum
925 2859 1078 2933 Carolus
1101 2858 1294 2952 prodictus
1316 2863 1467 2931 vocatus
1487 2857 1535 2930 ab
1556 2876 1619 2929 ec-

450 2975 559 3047 clesia
584 2975 621 3047 in
646 2977 786 3050 ltaliam
812 2984 940 3051 contra
957 2977 1183 3051 Manlredum
1211 2997 1349 3072 regem,
1368 2977 1476 3050 vellet
1492 2975 1619 3049 venire

451 3095 605 3168 Romam
623 3095 670 3168 ad
687 3097 823 3191 Papam
841 3117 906 3190 per
925 3117 1038 3189 mare,
1053 3096 1234 3170 commisit
1251 3095 1307 3168 isti
1325 3115 1481 3169 uxorem
1499 3115 1618 3187 suam,

451 3220 489 3288 et
513 3235 640 3289 omnes
665 3236 762 3309 suos,
789 3216 847 3290 vel
861 3207 898 3306 (³)
932 3222 1049 3290 totum
1081 3214 1283 3288 exercitum
1319 3213 1526 3287 ducendum
1552 3233 1619 3307 per

452 3341 610 3429 terram3
628 3337 691 3430 qui
711 3337 904 3433 magnifice
921 3343 1039 3410 totum
1058 3336 1152 3429 lecit,
1169 3342 1309 3409 etcum
1327 3335 1457 3408 Carolo
1474 3353 1619 3428 semper

451 3454 519 3527 suit
543 3455 579 3527 in
604 3456 775 3530 omnibus
799 3457 914 3549 bellis,
939 3455 1111 3550 periculis
1127 3462 1164 3529 et
1182 3454 1379 3547 laboribus,
1397 3461 1434 3527 et
1453 3453 1521 3526 luit
1541 3474 1620 3526 ma·

451 3593 524 3670 gna
557 3595 641 3669 pars
671 3575 909 3650 victoriarum
943 3575 1032 3650 eius.
1063 3575 1292 3668 Quapropter
1321 3574 1473 3647 Carolus
1502 3572 1619 3647 victor

452 3695 555 3790 regni
580 3695 719 3789 Apuliae
744 3703 782 3770 et
806 3695 934 3769 Siciliae
963 3696 1048 3770 lecit
1071 3694 1275 3769 Gnidonem
1307 3694 1483 3768 vicarium
1506 3715 1615 3767 suum

452 3813 488 3886 in
513 3814 653 3908 Tuscia,
680 3815 786 3888 cuius
810 3816 1025 3889 vicariatum
1052 3814 1209 3889 babebat
1226 3815 1273 3888 ab
1293 3815 1456 3889 ecclesia.
1482 3814 1618 3888 Accidit

450 3933 580 4008 deinde
604 3936 702 4028 quod
727 3936 880 4009 Carolus
904 3936 1018 4010 semel
1039 3935 1138 4009 venit
1163 3935 1364 4009 Viterbium
1386 3955 1472 4009 cum
1493 3936 1617 4009 multis

451 4055 611 4150 regibus,
636 4056 700 4148 qui
726 4057 1007 4130 revertebantur
1032 4056 1078 4130 de
1103 4057 1198 4129 ultra
1222 4076 1363 4130 marea
1380 4055 1534 4149 Tunili0,
1553 4055 1615 4128 ubi

449 4174 630 4249 Ludoicus
667 4175 780 4249 frater
815 4175 895 4250 eius
926 4182 1006 4249 erat
1036 4182 1216 4249 mortuus.
1251 4177 1348 4250 Inter
1380 4175 1471 4249 alios
1508 4194 1616 4269 reges

448 4301 529 4368 erat
553 4295 737 4389 Philippus
762 4294 856 4369 filius
880 4295 964 4368 dicti
989 4295 1148 4389 Ludoici,
1174 4296 1238 4388 qui
1260 4303 1408 4391 portans
1433 4316 1514 4369 ossa
1551 4280 1636 4389 pa·'

448 4414 512 4488 tris
538 4416 606 4509 sui,
637 4416 891 4491 revertebatur
912 4404 949 4507 (⁸)
983 4416 1020 4489 in
1048 4415 1214 4511 Galliam,
1245 4423 1283 4490 et
1313 4416 1490 4490 Henricus
1522 4415 1616 4488 lilius

447 4533 591 4608 Ricardi
618 4536 725 4628 regis.
752 4538 869 4633 Reges
894 4535 951 4609 isti
973 4535 1139 4610 fecerunt
1159 4557 1303 4610 moram
1324 4537 1463 4630 aliquot
1487 4535 1616 4610 diebus

509 4752 538 4817 (υ
553 4754 584 4805 n
601 4754 717 4814 vrnrnr,
733 4740 817 4806 duno
832 4755 865 4805 aa
881 4754 1049 4807 umorue.

510 4827 539 4892 (Ἴ
555 4830 586 4880 Ε.
601 4830 731 4881 interiecit
745 4832 838 4895 ipsum.
1149 4829 1177 4893 θ)
1193 4833 1223 4883 E.
1240 4838 1268 4884 ct
1284 4837 1377 4885 totum.

512 4904 539 4968 (⁸)
555 4905 585 4956 lt.
601 4907 779 4959 revertebatur
793 4908 822 4959 in
836 4908 955 4971 prtum.
971 4907 1070 4958 willon
1085 4907 1113 4958 in
1127 4907 1244 4960 Galliam.
