4154 6546
450 775 497 850 52
847 788 1051 845 euunurun
1076 789 1227 847 iuream

447 933 518 1011 Sed
542 939 670 1010 contra
695 934 810 1029 stylus
835 933 972 1030 Virgilii
996 939 1051 1008 est
1075 932 1248 1028 tragicus,
1268 933 1336 1009 iste
1360 935 1535 1031 mmtcus,
1561 937 1623 1013 ille

448 1052 607 1146 literalis,
639 1053 697 1132 bic
727 1052 898 1148 vulgaris,
934 1051 987 1126 bd
1017 1054 1088 1127 buc
1120 1051 1340 1147 respondent
1376 1052 1488 1148 aliqui
1523 1055 1622 1149 quud

447 1180 557 1248 autor
582 1173 676 1268 capit
687 1164 724 1264 (¹)
744 1172 801 1247 bic
826 1172 929 1268 large
953 1173 1089 1268 stylum
1114 1193 1182 1268 pru
1207 1172 1372 1268 materia,
1390 1174 1493 1249 etita
1512 1180 1622 1251 autur

448 1294 612 1368 imitatur
643 1291 834 1388 Virgilium
868 1291 905 1364 in
934 1292 1100 1387 materia,
1132 1299 1173 1367 ut
1202 1292 1340 1372 dictum
1370 1300 1436 1368 est.
1469 1294 1534 1368 Vel
1563 1293 1621 1368 dic

448 1414 547 1507 quud
572 1413 677 1487 litera
702 1411 747 1485 sit
762 1410 993 1507 intelligenda
1011 1411 1299 1489 similitudinarie
1324 1412 1386 1507 sic,
1403 1413 1502 1506 quod
1527 1413 1622 1488 sicut

448 1534 563 1630 stylus
587 1532 723 1628 Virgilii
750 1532 1003 1627 superexcedit
1027 1525 1279 1624 caeterosdtin
1295 1533 1412 1628 litera,
1430 1533 1480 1608 ita
1504 1533 1621 1629 stylus

332 1646 335 1653 ’
447 1653 573 1727 Dantis
589 1652 626 1729 in
643 1651 796 1749 vulgari.
815 1652 900 1727 ldeo
917 1653 1011 1727 bene
1028 1652 1123 1746 dicit,
1142 1655 1176 1725 lo
1192 1653 1278 1726 bello
1294 1655 1381 1744 able,
1394 1653 1481 1746 quia
1499 1651 1622 1727 nullus

448 1773 609 1869 pulcrior
625 1773 662 1845 in
679 1792 817 1869 genere
834 1792 914 1867 suo,
931 1778 969 1846 ct
984 1771 1083 1846 dicit:
1101 1775 1160 1845 ebe
1176 1774 1275 1845 m’lu
1288 1777 1377 1866 fatto
1394 1794 1516 1864 onore,
1530 1772 1623 1849 idest

447 1892 547 1967 dabit
566 1890 656 1964 mibi
672 1896 888 1985 perpetuam
914 1890 1050 1964 lamam
1064 1881 1101 1983 (³)
1117 1915 1127 1986 ;
1153 1897 1191 1967 et
1215 1892 1267 1966 sic
1291 1899 1378 1966 nota
1394 1893 1494 1987 quod
1512 1898 1622 1967 autur

446 2012 548 2108 punit
571 2031 639 2105 pro
664 2010 760 2085 lactu
785 2009 873 2084 illud
898 2011 996 2104 quud
1021 2010 1189 2085 futurum
1215 2013 1395 2107 sperabat
1418 2013 1511 2096 sicut
1536 2011 1620 2085 alibi

447 2153 544 2227 saepe
566 2131 604 2204 in
630 2137 705 2205 toto
731 2130 824 2204 libro
848 2130 1024 2225 promittit
1045 2131 1112 2208 sibi
1134 2131 1281 2205 lamam.
1299 2133 1343 2205 Et
1359 2139 1446 2207 nuta
1465 2131 1524 2205 bic
1544 2131 1622 2204 sul-

449 2253 523 2328 ficit
543 2240 580 2343 (⁸)
607 2271 912 2345 unumquemque
938 2251 1157 2326 scribentem
1189 2253 1369 2328 excellere
1394 2253 1431 2326 in
1456 2270 1532 2326 unu
1556 2270 1622 2346 ge-

449 2392 562 2465 nere3
594 2390 680 2443 nam
712 2377 750 2445 et
781 2370 951 2466 Virgilius
984 2376 1177 2464 puetarum
1208 2371 1423 2446 Latinorum
1455 2370 1622 2467 princeps

448 2511 533 2566 cum
565 2489 603 2561 in
633 2496 754 2562 metro
783 2494 926 2562 ceteros
955 2489 1159 2583 antecellat,
1189 2489 1227 2562 in
1255 2509 1364 2584 prusa
1395 2495 1621 2564 tamennon

449 2609 645 2705 praevalet:
678 2613 857 2681 econtra
891 2613 1017 2681 autem
1052 2608 1200 2703 Tullius,
1231 2609 1310 2683 lons
1341 2609 1515 2684 Romanae
1546 2608 1623 2683 elo-

449 2727 620 2822 quentiae,
646 2725 814 2819 quamvis
839 2726 875 2798 in
901 2745 1009 2819 prosa
1034 2747 1108 2801 non
1132 2727 1266 2802 babeat
1289 2748 1430 2822 parem,
1447 2726 1484 2800 in
1502 2732 1621 2800 metro

450 2847 574 2922 multis
598 2844 748 2919 inferior
774 2845 979 2940 reperitur3
1006 2845 1103 2921 unde
1132 2847 1316 2922 luvenalis
1345 2847 1424 2943 ejus
1458 2846 1622 2921 carmina

450 2969 636 3064 eleganter
661 2964 797 3040 irridet.
816 2967 868 3039 lta
888 2965 946 3039 bic
958 2957 994 3058 (⁶)
1013 2973 1137 3041 noster
1161 2966 1307 3062 ssantes,
1324 2966 1493 3061 quamvis
1512 2966 1547 3039 in
1578 2964 1622 3038 li·

449 3095 529 3163 tera
555 3108 627 3162 non
655 3086 883 3181 superaverit
903 3087 1005 3181 alim,
1023 3093 1147 3160 tamen
1172 3085 1208 3159 in
1234 3086 1377 3182 vulgari
1403 3084 1623 3161 transcendit

449 3206 696 3303 eloquentiam
729 3212 965 3300 ceterorum3
995 3206 1081 3298 imo,
1112 3205 1211 3298 quod
1241 3205 1409 3279 mirabile
1440 3212 1506 3298 est,
1535 3201 1624 3277 illud

450 3327 550 3423 quud
575 3325 642 3400 viri
668 3325 959 3400 excellentissimi
984 3326 1045 3399 vix
1065 3325 1253 3400 literaliter
1269 3325 1391 3399 dicere
1410 3325 1622 3419 potuissent,

451 3447 508 3523 bic
533 3453 642 3519 autor
663 3451 739 3518 tam
766 3445 944 3519 subtiliter
969 3452 1006 3518 et
1030 3445 1188 3519 obscure
1213 3445 1282 3518 sub
1308 3444 1451 3538 vulgari
1475 3444 1622 3537 eloquio

450 3555 658 3663 paliavitt⁶t
688 3567 769 3637 Vedi
787 3567 823 3636 lu
843 3566 959 3636 besua.
981 3564 1046 3637 llic
1071 3570 1180 3638 autor
1205 3564 1289 3638 iacit
1313 3563 1523 3658 petitionem
1542 3583 1624 3656 spe·

450 3685 592 3778 cialem‚
619 3690 746 3779 petens
776 3683 955 3756 auxilium
980 3689 1107 3755 contra
1132 3702 1246 3777 grave
1270 3681 1475 3777 periculum
1501 3681 1623 3755 immi-

451 3826 542 3882 nens
574 3803 653 3897 sibi,
682 3802 824 3877 dicens:
851 3805 929 3875 verli
952 3805 989 3874 lu
1013 3802 1132 3894 bestie5
1158 3801 1292 3876 scilicet
1316 3803 1452 3897 lupam,
1473 3824 1539 3895 per
1568 3807 1624 3877 tui
1729 3788 1736 3799 ’

449 3929 485 3999 io
511 3928 560 3998 nsi
579 3927 679 4015 vobi,
699 3921 786 4016 quia
808 3921 971 3996 maxime
995 3922 1081 4015 lupa
1106 3921 1305 4015 repellebat
1328 3921 1446 4015 ipsum
1471 3922 1518 3996 ad
1543 3924 1623 3998 val-

451 4045 548 4119 lem:
571 4047 718 4134 ujutumi
741 4045 791 4117 da
810 4045 865 4134 tei,
887 4042 973 4136 quia
997 4042 1078 4137 plus
1104 4040 1243 4115 timoris
1262 4031 1299 4134 (⁷)
1318 4042 1519 4118 incutiebat
1542 4045 1622 4141 sibi,

451 4172 493 4238 ut
524 4165 603 4259 jam
642 4163 756 4257 patuit
793 4183 915 4257 supra.
945 4162 990 4236 Et
1026 4167 1148 4256 captat
1170 4160 1292 4236 adbuc
1328 4163 1621 4239 benevolentiam

450 4283 583 4377 dicens,
613 4287 752 4377 famoso
784 4305 803 4356 e
832 4285 971 4374 suenio,
1000 4281 1091 4356 idest
1127 4281 1175 4356 de
1210 4302 1286 4376 quo
1318 4283 1415 4357 tama
1451 4285 1624 4378 predicat

451 4404 549 4498 quod
574 4412 615 4477 tu
645 4402 693 4477 sis
717 4403 970 4500 sagacissimus
995 4402 1089 4476 inter
1105 4409 1248 4496 poetas3
1266 4423 1352 4477 nam
1375 4402 1422 4478 de
1448 4405 1502 4480 rei
1527 4408 1625 4481 veri-

514 4595 543 4656 (¹)
562 4601 616 4654 tlt,
633 4596 733 4658 accipit.
1108 4593 1137 4658 (ἦ
1154 4595 1180 4646 S.
1196 4595 1268 4646 alios.

514 4673 541 4732 (¹)
559 4672 585 4722 S.
602 4673 729 4722 bonorem
746 4678 771 4722 et
788 4680 939 4735 perpetuam
955 4672 1059 4722 lamam

513 4747 541 4807 (¹)
560 4747 590 4796 E.
608 4747 641 4796 Et
657 4747 797 4796 notandum
814 4749 856 4798 blc
872 4749 942 4811 qnod
957 4747 1051 4800 rulliclt
1065 4750 1205 4813 unicuique
1220 4752 1351 4802 serllrentl.

518 4821 544 4881 (⁸)
559 4822 586 4873 S.
603 4823 645 4872 blc
661 4827 737 4872 autor
752 4824 875 4885 quamvls.
1104 4823 1133 4886 (‘)
1149 4825 1176 4876 s.
1192 4827 1344 4891 propansis.

514 4896 543 4960 (lt
560 4896 586 4948 S.
602 4897 703 4947 timoris
718 4897 834 4958 babebat,
851 4904 880 4949 ut
892 4899 956 4964 jam.
