4154 6546
577 770 625 840 {tl
967 784 1171 840 conanrou
1195 782 1345 836 rnrnnnr

576 931 662 1005 dam
697 931 807 1024 viam,
833 930 962 1024 primo,
989 947 1117 1023 quaero
1148 946 1232 1022 quae
1256 927 1335 1002 iera
1364 927 1409 1001 sit
1442 927 1510 1001 ista
1546 928 1668 1001 lontia.
1695 927 1750 1001 Ad

576 1050 682 1143 cujus
689 1040 727 1141 (¹)
748 1048 1021 1145 intelligentiam
1042 1048 1100 1121 vel
1117 1046 1363 1142 cognitionem
1382 1054 1438 1121 est
1457 1046 1638 1120 subtiliter
1653 1066 1751 1142 prae-

576 1167 791 1261 notandum,
817 1167 916 1261 quod
948 1167 1017 1241 tria
1046 1173 1132 1239 sunt
1163 1165 1335 1239 animalia
1364 1165 1547 1259 praecipue
1580 1165 1752 1239 babentia

577 1289 710 1383 pellem
727 1288 836 1362 variis
861 1289 1015 1362 maculis
1038 1287 1255 1381 distinctam,
1280 1287 1417 1362 scilicet
1444 1287 1543 1382 lynx,
1568 1288 1645 1361 sive
1670 1288 1751 1382 lyn-

578 1427 678 1502 ceus,
704 1409 767 1503 qui
792 1408 993 1504 vulgariter
1022 1406 1154 1481 dicitur
1178 1407 1287 1501 lupus
1311 1406 1511 1500 cerverius,
1537 1407 1684 1502 pardus,
1714 1414 1752 1482 et

578 1530 765 1623 panthera.
783 1528 888 1603 blodo
912 1528 993 1602 dico
1018 1526 1116 1621 quod
1141 1547 1207 1621 per
1231 1526 1382 1600 lontiam
1407 1533 1516 1600 autor
1553 1533 1670 1622 potest
1696 1528 1752 1599 in-

579 1648 743 1743 telligere
762 1649 918 1742 lyncem,
943 1666 1009 1741 per
1034 1667 1146 1739 quam
1173 1645 1307 1741 ligarat
1323 1647 1510 1721 luxuriam
1525 1672 1535 1740 3
1553 1647 1652 1721 unde
1668 1647 1752 1720 Vir·

579 1765 686 1861 gilius
711 1767 748 1839 in
773 1765 880 1840 simili
904 1765 1111 1839 describens
1136 1765 1301 1838 habitum
1327 1765 1478 1840 Veneris
1502 1766 1609 1841 dicit:

652 1936 867 2007 succinctam
888 1936 1072 2027 pharetro,
1098 1941 1130 2007 et
1154 1937 1329 2008 maculoso
1350 1925 1386 2024 (¹)
1415 1939 1558 2026 tegmine
1582 1940 1713 2035 lyncis..

578 2120 649 2195 Per
674 2120 774 2213 quod
799 2119 860 2194 dat
885 2120 1035 2215 intelligi
1060 2119 1158 2213 quod
1183 2119 1332 2194 luxuria
1356 2121 1517 2194 consistit
1530 2112 1567 2212 (³)
1585 2121 1622 2194 in
1648 2123 1756 2217 pello,

581 2239 669 2333 quia
693 2239 730 2312 in
755 2239 967 2334 apparentia
983 2238 1233 2333 pulcritudinis
1250 2239 1452 2313 exterioris.
1476 2239 1578 2315 Unde
1597 2247 1635 2315 et
1659 2242 1756 2317 Boe-

579 2359 651 2433 tius
677 2359 714 2431 in
739 2359 846 2433 tertio
871 2360 1026 2451 loquens
1046 2358 1092 2432 de
1113 2358 1180 2431 ista
1197 2357 1440 2451 pulcritudine
1466 2359 1684 2453 superficiali
1698 2349 1755 2452 (⁴):

527 2562 535 2589 r
580 2480 779 2553 oibomines
802 2480 929 2569 lynceis
948 2481 1055 2550 ocutis
1071 2484 1247 2549 namur
1260 2468 1311 2568 (ὅ),
1323 2480 1410 2550 illud
1421 2480 1609 2552 Alabadis
1629 2501 1757 2572 corpus

581 2601 759 2689 superfice
777 2600 954 2691 pulcrum,
980 2600 1215 2688 turpisstmnm
1241 2599 1425 2669 videretur.
1443 2598 1525 2670 Fuit
1541 2606 1668 2673 autem
1692 2599 1757 2672 ΑΙ-

582 2715 739 2789 cibiades
763 2714 990 2788 Atheniensis
1015 2715 1157 2789 inclitus
1178 2714 1252 2788 dux
1278 2722 1315 2789 et
1340 2716 1585 2812 philosophus,
1610 2720 1758 2813 pulcer-

584 2834 700 2908 rimus
725 2853 891 2927 corpore,
916 2838 958 2905 ut
982 2840 1082 2927 patet
1113 2854 1178 2928 per
1207 2835 1407 2928 Valerium,
1432 2837 1628 2932 lustinum,
1654 2838 1759 2912 Jero-

584 2952 738 3045 nimum,
764 2951 1021 3048 Augustinum,
1048 2958 1085 3026 et
1114 2954 1204 3027 alios
1229 2955 1377 3049 multos,
1402 2955 1487 3029 licet
1511 2957 1660 3050 quidam
1691 2978 1759 3052 per

583 3092 750 3148 errorem
776 3072 896 3157 dicant
921 3072 1020 3166 quod
1045 3072 1155 3146 luerit
1180 3073 1325 3148 iaemina
1348 3074 1609 3151 formosissima
1635 3097 1760 3154 mere·

583 3193 666 3267 trix.
680 3191 751 3266 Sed
768 3192 814 3265 de
831 3193 900 3265 boc
919 3213 992 3265 non
1009 3192 1166 3286 amplius
1178 3193 1225 3266 ad
1237 3213 1410 3289 praesens,
1423 3196 1509 3288 quia
1524 3195 1761 3291 impertinens

583 3318 639 3387 cst
662 3317 787 3385 nostro
808 3311 1001 3406 proposito.
1020 3311 1091 3385 Per
1116 3312 1266 3385 lontiam
1293 3313 1403 3386 etiam
1429 3319 1532 3408 potes
1557 3315 1762 3411 intelligere

584 3431 740 3527 pardum
766 3430 1023 3524 multipliciter.
1050 3431 1186 3524 Primo,
1205 3432 1291 3524 quia
1309 3432 1444 3526 pardus
1463 3439 1519 3506 est
1544 3435 1761 3509 naturaliter

584 3550 917 3643 luxuriosissimus,
937 3550 1018 3623 ideo
1040 3550 1134 3623 bene
1158 3549 1293 3645 figurat
1303 3540 1340 3640 (ὅ)
1360 3551 1558 3625 luxuriam.
1579 3553 1761 3648 Secundo,

586 3672 674 3766 quia
707 3670 843 3764 pardus
876 3669 987 3742 babet
1020 3669 1152 3762 pellem
1188 3670 1289 3744 varie
1324 3665 1559 3764 maculatam,
1597 3672 1691 3747 sicut
1723 3679 1761 3747 et

586 3793 751 3888 lynceus:
769 3789 868 3862 undo
884 3790 1066 3862 Homerus
1083 3787 1252 3862 describit
1277 3788 1445 3862 Paridem
1472 3789 1640 3864 indutum
1666 3793 1760 3886 pelle

586 3911 701 4007 pardi,
711 3910 797 4002 quia
815 3907 1027 3981 luxuriosus
1040 3914 1130 3980 erat.
1139 3906 1272 4000 Tertio,
1282 3908 1368 3999 quia
1382 3907 1517 4000 pardus
1529 3916 1585 3983 est
1599 3911 1759 3985 multum

587 4036 720 4125 praesto
755 4029 847 4103 adeo
870 4018 907 4119 (⁷)
935 4027 1033 4120 quod
1059 4028 1185 4101 volare
1210 4026 1372 4121 videtur;
1399 4033 1436 4100 ct
1465 4029 1545 4102 talis
1570 4036 1625 4103 est
1649 4031 1762 4105 luxu-

587 4147 652 4221 ria.
671 4147 755 4221 ldeo
778 4148 873 4221 benc
891 4146 1113 4240 AristoteleS,
1139 4145 1231 4219 libro
1247 4136 1282 4237 (Β)
1309 4145 1521 4221 Etbicorum
1549 4147 1645 4243 dicit,
1662 4150 1762 4245 quod

586 4267 724 4341 Helena
757 4286 886 4340 omnes
917 4266 1131 4360 aspicientes
1156 4265 1336 4341 alliciebat
1360 4266 1407 4341 ad
1430 4268 1762 4363 concupiscentiam

649 4505 677 4565 (¹)
694 4504 729 4563 8.,
748 4504 778 4553 Ε.
795 4517 810 4552 e
828 4509 881 4565 llo,
900 4505 942 4555 nd
958 4507 1031 4571 cujus
1047 4508 1220 4572 cognitionem
1237 4512 1284 4557 cst

652 4579 679 4642 (¹)
696 4580 722 4628 S.
738 4581 885 4631 maculosa.
1326 4583 1353 4647 (¹)
1369 4583 1396 4634 S.
1412 4589 1472 4635 stat.

652 4657 680 4716 (⁸)
697 4655 722 4704 S.
740 4668 755 4703 o
773 4660 826 4713 tto,
843 4657 1006 4719 superficiali,
1023 4661 1093 4709 dicit
1326 4659 1401 4723 (¹)1t.
1420 4661 1595 4713 intuerentur.

650 4730 680 4790 (ἢ
699 4731 729 4779 E.
746 4731 871 4793 significat
886 4733 1034 4793 luxurinm3
1051 4736 1130 4786 etiarn
1145 4736 1205 4799 quia
1223 4736 1317 4798 pardus
1333 4736 1419 4788 babet.

651 4807 680 4868 (Ἴ)
697 4806 724 4856 S.
740 4806 804 4857 adeo
820 4812 850 4857 ut
866 4809 954 4860 volare
970 4811 1094 4862 rideatur.

653 4883 681 4947 (¹)
698 4884 728 4934 E.
746 4883 900 4936 Aristoteles
916 4888 1028 4939 secundo
1044 4880 1205 4939 Etblo'orum.
