4154 6546
807 774 1061 832 rurnonucrro.
1470 753 1493 823 3

325 924 478 999 martius
496 922 673 998 Hannibal
698 941 891 996 romanam
907 918 1177 1014 rempublicam¹
1196 916 1354 993 sedecim
1378 937 1499 1004 anno-

324 1063 408 1116 rum
421 1043 536 1137 spatio
548 1036 778 1136 cupidissime
790 1039 981 1133 lacessivit,
993 1037 1090 1134 apud
1103 1036 1292 1123 victoriam
1305 1036 1421 1121 uictor
1430 1055 1494 1110 ar-

324 1162 503 1256 mipotens
514 1182 583 1256 pro
595 1181 729 1257 magua
742 1167 847 1254 parte
858 1158 1052 1255 confregit:
1066 1179 1142 1252 quo
1154 1155 1493 1252 prirrcipeFederico

326 1287 404 1374 post
428 1281 603 1355 Karolum
629 1300 807 1376 magnum
834 1299 943 1353 nemo
968 1279 1087 1374 major
1111 1297 1155 1352 ac
1170 1271 1206 1370 (¹)
1230 1276 1506 1363 formidolosior.

326 1420 522 1475 romanum
547 1400 744 1495 imperium
768 1399 896 1483 lenuit.
915 1399 990 1476 Nec
1006 1398 1138 1473 minori
1163 1398 1299 1476 virtute
1321 1402 1359 1473 et
1383 1396 1494 1471 felici-

327 1527 402 1596 tate
434 1520 493 1594 hic
523 1520 689 1595 excelsus
724 1523 820 1593 Azao
855 1525 1046 1593 cruentam
1083 1517 1296 1612 superbiam*
1325 1516 1494 1591 acerrimi

329 1639 470 1721 Eceriui
485 1631 522 1732 (¹)
549 1638 699 1735 praefato
723 1638 897 1715 Foderioo
922 1637 1099 1732 ioederaii,
1115 1637 1181 1731 qui
1200 1642 1242 1713 ut
1257 1635 1344 1711 olim
1361 1635 1495 1730 Diony·

329 1760 404 1833 sins
432 1758 536 1833 ferox
571 1757 742 1851 Siciliam,
770 1757 821 1833 ita
854 1756 1057 1837 Marchiam,
1076 1756 1308 1839 ¹'larv'einam
1342 1754 1442 1829 omui
1457 1744 1492 1845 (³)

229 1913 233 1921 ·
329 1877 586 1974 suppliciorum
604 1897 741 1973 genere
757 1876 923 1953 laheiecit
939 1882 1056 1952 tortor
1072 1875 1232 1970 iniquus,
1247 1894 1314 1970 pro
1334 1873 1496 1949 maxima

329 2003 433 2092 parte
450 1997 594 2090 delevit,
614 1995 751 2091 potenti
767 1996 905 2070 Patavo
920 1994 987 2069 sibi
1009 1995 1110 2090 prins
1134 2001 1272 2089 erepto,
1290 1993 1441 2071 demum
1457 1981 1493 2083 (⁴)

328 2115 425 2210 apud
436 2108 648 2208 Aodnnmd)
663 2123 818 2211 tyranno
836 2114 1034 2190 seussimo
1047 2120 1174 2209 strato,
1187 2121 1225 2189 et
1245 2135 1331 2190 cum
1348 2113 1449 2188 omni
1460 2104 1495 2203 (⁶)

328 2236 552 2312 exultatione
575 2237 761 2331 justorum
791 2235 918 2320 mortis
932 2224 969 2328 (⁷)
1000 2234 1187 2331 ergastulo
1217 2233 1433 2327 mancipato,
1463 2233 1499 2306 in

330 2376 404 2449 qno
421 2354 598 2431 infelicem
615 2355 789 2448 animam,
805 2354 835 2428 si
855 2353 944 2439 fides
958 2360 1026 2447 est,
1042 2354 1135 2449 patri
1160 2353 1314 2446 diaholo,
1331 2373 1377 2427 ex
1395 2353 1500 2447 cujus

330 2475 440 2569 stirpe
475 2474 637 2550 creniur
668 2481 784 2567 ortus,
814 2474 967 2550 reddidit
999 2473 1220 2550 eternaliter
1252 2472 1497 2547 cruciandam.

331 2593 462 2668 0bizzo
477 2583 513 2685 (⁸)
531 2592 672 2688 primns
688 2598 796 2667 natus
814 2612 862 2668 ex
875 2592 1061 2687 Raynaldo
1080 2591 1165 2671 dicti
1181 2591 1332 2669 nzmms
1351 2591 1499 2667 secundi

332 2713 416 2807 filio,
432 2703 469 2804 (ἢ
499 2712 536 2786 iu
564 2711 714 2788 secundi
744 2731 895 2787 carcerc
909 2711 1083 2805 Federici,
1108 2713 1213 2807 cujus
1236 2712 1348 2787 altam
1373 2717 1500 2806 poten·

332 2833 419 2908 tiam
450 2851 518 2907 nec
548 2831 744 2907 Germania
771 2831 947 2927 capiebat,
979 2851 1048 2906 nec
1076 2831 1254 2907 tolerabat
1283 2830 1396 2924 ltalia,
1428 2850 1501 2904 non

332 2957 523 3027 contentus
547 2949 751 3025 animosam
776 2949 951 3026 virtutem
976 2970 1082 3025 suam
1107 2951 1204 3025 intra
1228 2950 1314 3024 Padi
1342 2950 1502 3025 claustra

333 3077 370 3145 et
393 3070 513 3145 Adrioe
537 3070 644 3145 litora
667 3070 838 3164 coartari,
862 3069 909 3145 ad
934 3070 1089 3165 Regium
1114 3069 1288 3164 Lepidum
1309 3069 1503 3144 Mutinam·

332 3209 406 3284 qrre
420 3190 597 3266 bellacem
614 3209 693 3266 snae
714 3189 875 3266 dexterae
899 3188 1097 3284 potentiam
1121 3189 1293 3283 extendit,
1309 3189 1503 3283 utriusque

329 3309 415 3403 jure
427 3300 478 3401 (¹⁰)
497 3309 630 3404 potitus
653 3308 821 3404 imperio,
836 3308 957 3384 Karoli
978 3307 1086 3403 primi
1102 3308 1236 3384 veteris
1261 3315 1387 3384 contra
1403 3311 1504 3383 Man·

334 3426 478 3503 iredum
503 3426 664 3503 Federici
689 3435 817 3503 natum
841 3449 916 3503 non
946 3427 1068 3512 miuus
1099 3434 1203 3524 patre
1235 3427 1406 3504 infestum
1436 3429 1503 3503 Ec-

333 3544 451 3622 clesia
475 3544 643 3621 incitator
668 3554 705 3621 et
728 3547 875 3642 adjutor
905 3546 1022 3622 extitit
1035 3539 1089 3640 (⁴¹)
1114 3547 1291 3625 indefesse
1315 3569 1434 3642 usque
1457 3549 1503 3624 ad

335 3666 525 3742 victoriam
549 3665 644 3740 illius
667 3666 842 3742 meritum
875 3667 1115 3761 debitumque
1143 3668 1381 3763 triumphum.
1407 3671 1504 3744 Azzo

335 3787 475 3880 tertius,
499 3785 659 3882 praedicti
689 3785 797 3880 primi
821 3786 1008 3862 Obizzonis
1037 3786 1142 3880 filius,
1167 3786 1360 3884 magnilica
1388 3788 1504 3862 mulla

335 3913 485 3983 suenne
507 3905 629 4003 gessit,
654 3906 787 4001 petitor
819 3905 957 4003 glorian,
982 3913 1210 4003 contemptor
1234 3907 1411 4004 pecuniae,
1434 3909 1506 3984 Bo-

336 4026 483 4102 noniam
513 4027 736 4122 opulentam,
769 4026 1017 4121 Parmamque
1048 4033 1232 4121 potentem
1264 4027 1373 4103 variis
1403 4029 1506 4105 bellis

337 4146 531 4240 quassavit
548 4147 666 4242 Hujus
681 4146 832 4222 mannis
849 4146 944 4222 tertii
961 4146 1250 4222 aldrovandinus
1268 4145 1382 4224 nater
1398 4169 1507 4246 egre·

337 4266 418 4361 gius
441 4265 599 4341 inclitam
625 4266 766 4360 prolem
798 4265 926 4362 genuit
957 4265 1198 4363 lupualdum,
1222 4267 1286 4360 qui
1316 4268 1505 4344 Ferariam

400 4503 428 4563 (Ι)
445 4501 476 4554 Ε·
492 4508 546 4554 ιω·
1058 4507 1087 4571 (Ι)
1101 4508 1172 4560 um·
1188 4507 1312 4560 mum·

399 4578 427 4641 t'l
444 4579 610 4632 Romulum.
1059 4584 1086 4646 (⁸)
1102 4584 1133 4635 E.
1150 4584 1251 4636 deinde.

398 4655 426 4716 (⁸)
442 4655 514 4707 Μαι.
529 4655 661 4708 ΔΝΜ.
671 4684 699 4696 -
712 4657 743 4708 li.
759 4657 877 4711 Adriam.
1059 4658 1086 4722 (⁸)
1102 4660 1134 4711 B.
1149 4662 1275 4713 omnium.

399 4732 426 4794 (Ἶ
444 4737 498 4786 lid.
515 4734 616 4786 uude.
1057 4737 1086 4802 θ)
1102 4738 1134 4790 Β.
1149 4737 1239 4802 opizo.

400 4807 554 4871 dimne
569 4813 727 4863 mortuom
1045 4813 1282 4879 (arenamque
1296 4814 1376 4866 unu

391 4884 430 4947 (¹⁸)
445 4884 476 4935 F„
491 4885 577 4937 extidt
591 4887 624 4939 ad
632 4887 703 4939 dun·
712 4890 843 4942 meritam.
