4154 6546
450 751 521 821 352
848 765 1049 821 connunuu
1075 763 1225 820 nnnnnnn

449 910 548 989 ditur
572 910 640 986 sibi
664 910 713 985 ab
742 910 822 984 ullis
854 911 918 1006 qui
943 911 1141 986 ostendunt
1173 910 1240 984 sibi
1274 926 1369 1004 rem,
1396 915 1435 985 el
1464 908 1615 985 dicunt:

450 1031 533 1106 vide
556 1033 630 1106 lule
659 1030 745 1125 quid
771 1035 852 1106 esti
877 1037 913 1106 el
947 1030 995 1106 itu
1027 1030 1173 1106 dieunlz
1206 1028 1272 1125 ipsi
1296 1029 1457 1105 damnali
1487 1051 1561 1106 non
1578 1023 1617 1121 (¹)

449 1151 570 1224 sciunt
592 1151 782 1245 praesentiu
808 1170 931 1245 neque
957 1150 1093 1244 lutura,
1119 1149 1186 1223 nisi
1204 1148 1439 1242 inquantum
1457 1149 1618 1224 refertur

447 1269 500 1344 eis
524 1271 583 1345 vel
607 1291 630 1345 a
653 1271 833 1365 demone,
859 1271 917 1346 nel
941 1271 989 1344 nb
1012 1270 1138 1364 ulique
1162 1267 1289 1365 spiritu
1319 1269 1382 1361 qui
1415 1268 1559 1345 ueniter
1578 1259 1618 1361 (²)

447 1389 642 1466 descendat
665 1390 713 1465 nd
737 1390 935 1466 lnlernum.
961 1390 1033 1465 Sed
1057 1389 1141 1465 lieet
1166 1388 1233 1463 isla
1249 1387 1428 1484 expositio
1449 1388 1619 1464 videnlur

448 1513 575 1607 pulcre
601 1520 639 1587 et
660 1511 850 1606 catholice,
875 1511 980 1587 litera
997 1519 1211 1586 tamennon
1228 1509 1365 1605 petitur
1384 1526 1469 1584 enm
1493 1507 1618 1602 ulique

450 1631 559 1705 mode
583 1630 613 1705 si
638 1631 733 1706 bene
758 1630 960 1726 inspiciunt
986 1630 1055 1705 dlii
1080 1629 1205 1705 dicunt
1229 1628 1329 1723 quod
1347 1627 1509 1703 damuati
1530 1626 1616 1701 ninii

448 1751 643 1846 praesciunt
658 1740 694 1842 (³)
722 1750 889 1824 futurum
915 1749 982 1824 nisi
1007 1755 1184 1842 montem3
1205 1748 1268 1823 sed
1285 1747 1351 1822 iste
1370 1746 1545 1842 expesido
1560 1750 1618 1821 est

448 1870 616 1964 quedam
646 1870 733 1966 luga
763 1870 989 1966 ignorantias,
1020 1877 1059 1944 et
1086 1868 1298 1944 contradicit
1310 1855 1350 1959 (⁴)
1378 1867 1505 1959 litere,
1528 1865 1616 1961 quie

447 1991 558 2085 paulo
581 1998 667 2065 unte
691 1990 861 2066 larinate
894 1989 1059 2086 predixit
1087 1987 1207 2063 autori
1238 1986 1389 2062 exilium
1421 2006 1532 2061 suum
1556 1987 1617 2062 vel

447 2110 496 2184 ilu
514 2110 560 2184 de
578 2108 701 2184 multis
725 2110 815 2183 aliis.
833 2109 904 2185 Sed
920 2109 967 2185 ud
983 2109 1175 2184 venitatem
1193 2107 1304 2181 innius
1320 2105 1561 2180 similitudinis
1577 2097 1616 2198 (⁸)

448 2229 727 2324 solecismum,
751 2230 853 2324 quod
878 2242 1011 2304 eorum
1036 2227 1101 2322 qui
1126 2226 1262 2301 habent
1285 2226 1420 2299 malem
1445 2224 1566 2299 lucem
1577 2214 1616 2317 (⁸)

447 2349 560 2444 aliqui
580 2350 703 2424 vident
718 2370 800 2424 rem
817 2350 950 2424 melius
966 2349 1012 2423 de
1028 2347 1240 2444 longinque,
1257 2345 1317 2420 alii
1334 2344 1381 2420 de
1402 2345 1616 2441 plenisque,

393 2550 397 2556 ,
448 2470 555 2543 cuius
568 2470 661 2545 ratio
677 2469 884 2565 assignatur
897 2469 935 2542 in
947 2467 1193 2564 perspectivu5
1211 2487 1297 2541 nam
1315 2466 1464 2560 quidam
1483 2465 1618 2540 liabent

451 2590 569 2663 visum
596 2590 757 2663 multum
782 2589 846 2664 sed
872 2609 944 2664 non
969 2589 1126 2682 clerum,
1150 2593 1188 2661 el
1212 2587 1303 2661 lales
1334 2586 1457 2661 vident
1486 2587 1618 2662 melius

449 2729 472 2781 u
498 2708 606 2805 longe
620 2699 671 2802 (⁷),
696 2714 734 2783 el
757 2708 848 2783 tales
872 2730 946 2783 non
972 2708 1095 2785 vident
1119 2707 1186 2781 nisi
1217 2725 1240 2780 a
1265 2706 1481 2802 propinquo.
1512 2706 1617 2782 liudo

448 2834 558 2901 aulon
571 2828 629 2902 hic
641 2827 803 2922 inquiunt
823 2827 870 2902 de
885 2828 953 2902 illis
970 2828 1033 2922 qui
1051 2827 1174 2903 vident
1193 2847 1272 2899 rem
1290 2847 1313 2900 n
1330 2827 1449 2922 lenge,
1467 2826 1616 2902 sednon

447 2948 494 3022 de
515 2967 645 3043 prepe3
670 2956 707 3023 et
731 2947 780 3022 itu
804 2948 966 3023 damnali
984 2947 1106 3022 vident
1123 2947 1261 3039 future,
1276 2946 1339 3021 oed
1359 2960 1433 3021 non
1456 2965 1616 3042 presen-

448 3066 516 3161 tia;
540 3073 580 3142 el
603 3069 681 3142 lnaee
717 3074 774 3143 est
808 3068 984 3143 sententia
1019 3066 1164 3163 propria
1199 3067 1325 3160 litere,
1360 3088 1472 3162 quam
1505 3073 1616 3142 autor

449 3207 621 3282 expresse
645 3188 760 3284 tangit
784 3188 821 3262 in
846 3194 962 3263 textu.
988 3187 1078 3262 Vide
1102 3187 1266 3279 lilerum3
1292 3185 1377 3260 dicit
1400 3193 1530 3262 auter:
1556 3187 1616 3263 ille

448 3306 629 3402 Farinam,
647 3311 756 3382 disse:
773 3309 865 3386 idest
889 3307 1072 3404 respondit
1099 3306 1201 3380 mihi:
1230 3308 1299 3380 Nol
1322 3310 1458 3398 mesum
1484 3311 1516 3382 le
1539 3330 1619 3383 eene

446 3429 507 3499 elle
529 3450 574 3500 ne
597 3446 662 3501 son
686 3431 840 3518 lonmne,
865 3428 1000 3503 scilicel
1024 3428 1162 3520 lulune,
1186 3447 1282 3500 come
1306 3429 1384 3517 quei
1406 3417 1495 3500 els'd
1520 3431 1618 3502 mdia

450 3549 537 3639 dise,
557 3538 702 3639 sicull⁸l
728 3547 776 3621 illi
802 3547 865 3641 qui
891 3547 1026 3621 hebent
1050 3546 1207 3623 debilem
1234 3546 1353 3620 visum
1371 3538 1425 3640 (⁹);
1442 3554 1481 3621 el
1503 3546 1620 3622 reddit

447 3686 618 3741 causam:
644 3666 741 3761 quia,
775 3669 809 3740 el
839 3685 974 3740 sommo
1008 3668 1105 3759 duce,
1136 3666 1272 3743 seilicet
1305 3666 1416 3759 Deus,
1449 3674 1545 3741 lente
1574 3688 1619 3741 ne

451 3789 591 3879 splende
606 3806 756 3876 ancoea,
771 3784 864 3859 idest
886 3785 1007 3860 adhuc
1032 3792 1182 3880 praeslal
1208 3785 1312 3860 nobis
1327 3776 1378 3876 (Μ)
1407 3792 1545 3862 lentem
1562 3787 1620 3861 lu-

449 3926 533 3982 cem
548 3906 781 4002 cognitionis3
806 3913 845 3980 el
869 3927 935 4000 pen
960 3906 1199 4001 eontrarium,
1223 3928 1243 3978 e
1265 3913 1388 3979 nostro
1415 3906 1617 3983 intellelloe'

447 4033 530 4099 tutte
563 4047 670 4117 vano,
700 4026 786 4120 qnia
817 4025 903 4100 nihil
939 4026 1172 4122 intelligimus
1204 4028 1262 4102 vel
1297 4027 1444 4122 seimus,
1475 4030 1617 4122 quando

447 4148 683 4238 s'apressano
707 4169 729 4219 o
752 4168 853 4237 sone,
879 4146 970 4222 idest
1001 4148 1148 4241 quande
1179 4147 1353 4243 incipiunt
1384 4149 1534 4225 evenire
1558 4151 1617 4226 uel

508 4344 535 4406 (¹)
552 4349 605 4403 ils,
623 4347 748 4397 nesciunt.
1105 4345 1132 4407 (¹)
1149 4347 1179 4397 B.
1195 4349 1297 4398 noviler
1313 4349 1345 4398 ed
1360 4349 1457 4400 inferos
1472 4349 1617 4401 (descendet¹

507 4421 533 4482 (⁸)
550 4421 580 4471 1¹„
597 4425 734 4484 praelum
749 4424 798 4474 nid
814 4427 936 4474 moelem.
1105 4423 1132 4486 (⁸)
1150 4424 1176 4473 S.
1192 4425 1382 4476 wulndlelnnl.

507 4498 534 4558 (⁸)
548 4498 579 4547 E.
596 4498 764 4550 slmllnlionls.

506 4575 533 4635 (⁸)
550 4575 581 4624 E.
599 4574 693 4635 lusan.
710 4575 824 4640 eliqnlsm
839 4586 896 4626 nem
913 4575 1000 4626 vident
1016 4575 1118 4637 melius,
1136 4576 1214 4640 aliqui
1231 4577 1264 4627 de
1280 4577 1430 4642 lonnuqno.

506 4650 533 4710 (a)
549 4649 575 4699 S.
583 4663 599 4699 e
608 4650 663 4701 B.n
675 4651 751 4715 longe
759 4653 819 4717 quis
831 4652 895 4702 ndll
906 4653 1016 4704 visuales
1026 4653 1182 4716 egrediendo
1192 4659 1358 4706 madunt
1367 4655 1411 4707 ulli
1422 4658 1509 4707 sulem
1520 4655 1620 4706 beben(

445 4725 528 4774 visum
544 4725 653 4785 elerum,
671 4728 714 4777 sed
730 4742 782 4778 non
798 4730 922 4787 mullum,
938 4733 965 4780 el
980 4728 1054 4780 sdes
1102 4727 1130 4791 Γ)
1145 4734 1192 4781 lle
1207 4742 1223 4780 ο
1239 4730 1271 4781 Β.
1286 4731 1353 4783 idest
1367 4731 1435 4782 enne
1450 4731 1498 4783 illl.

506 4801 534 4863 (⁹)
549 4806 603 4862 lle,
619 4805 716 4865 vimen:
733 4805 810 4857 nulus
824 4818 902 4858 etun
916 4806 1063 4871 misenus
1077 4806 1104 4858 bl
1120 4808 1296 4871 melem,
1312 4812 1340 4858 el
1356 4809 1449 4860 reddit.

495 4877 533 4936 (⁸⁸)
548 4876 579 4927 B·
595 4886 667 4942 petel
683 4881 757 4932 nelis
772 4894 861 4934 nmen
877 4883 972 4934 lueem.
