4154 6546
453 776 524 848 ast
851 792 1056 850 munorum
1081 791 1233 850 menum

452 937 500 1011 ita
527 938 585 1011 bic
609 956 675 1032 per
701 943 954 1011 terremotum
980 939 1185 1013 maximum
1204 938 1370 1013 omnium
1389 931 1535 1031 quodd)
1552 956 1625 1011 uo·

451 1076 564 1150 quam
590 1055 747 1130 tuerint:
773 1056 835 1151 qui
854 1057 989 1132 scilicet
1005 1059 1073 1132 suit
1093 1066 1260 1154 tempore
1277 1057 1451 1152 passionis
1468 1057 1625 1152 Domini,

452 1177 546 1250 sicut
570 1183 679 1250 autor
704 1176 806 1273 tingit
830 1177 900 1271 bic,
925 1184 967 1250 ut
991 1180 1125 1272 patebit
1151 1180 1261 1273 paulo
1287 1178 1390 1253 intra.
1404 1184 1512 1251 —Et
1529 1182 1625 1251 msa

451 1301 630 1390 lapurdo.
658 1299 762 1372 Nunc
787 1305 896 1372 autor
920 1299 1090 1373 describit
1115 1300 1304 1374 custodem
1332 1300 1434 1373 istius
1455 1298 1535 1393 toci,
1552 1298 1622 1372 sci-

452 1418 535 1492 licet
560 1417 818 1512 Minotaurum,
845 1424 883 1493 et
903 1419 983 1492 tatis
998 1419 1114 1494 bestia
1132 1426 1208 1494 tam
1227 1418 1408 1494 borribitis
1425 1420 1520 1493 bene
1536 1438 1624 1492 con·

452 1539 633 1613 formatur
664 1538 728 1633 ipsi
758 1540 838 1613 looo
869 1545 944 1613 tam
976 1540 1140 1615 silvestri.
1168 1541 1221 1614 Ad
1246 1540 1352 1613 cuius
1377 1538 1622 1634 cognitionem

451 1666 594 1754 oportet
616 1660 787 1755 praescire
803 1661 950 1756 tongam
973 1660 1167 1754 fictionem,
1188 1680 1300 1753 quam
1314 1666 1443 1750 ,tamen
1460 1659 1622 1734 breviter

451 1780 640 1876 attingam.
667 1782 766 1855 Scias
795 1802 886 1877 ergo
916 1781 1015 1874 quod
1044 1781 1137 1855 sicut
1170 1780 1319 1855 tradunt
1348 1786 1476 1874 poetae,
1503 1779 1621 1873 primo

451 1900 573 1996 graeci,
603 1900 733 1974 deinde
751 1892 788 1993 (²)
819 1901 930 1994 tatini,
961 1902 1073 1975 Minos
1103 1923 1169 1976 rex
1200 1900 1318 1974 Cretae
1343 1899 1560 1973 iustissimus
1585 1905 1622 1974 et

451 2020 731 2114 potentissimus,
750 2020 797 2095 de
822 2042 896 2113 quo
922 2021 995 2094 iam
1021 2021 1157 2096 dictum
1184 2028 1240 2096 est
1263 2041 1374 2116 supra
1395 2020 1553 2114 capituto
1578 2021 1620 2114 V,

451 2140 577 2213 babuit
603 2160 760 2213 uxorem
787 2160 870 2233 quae
892 2140 998 2213 nimis
1016 2140 1213 2215 maculavit
1229 2141 1384 2237 gloriam
1402 2161 1520 2214 suam.
1538 2139 1623 2212 Fuit

452 2259 549 2334 enim
568 2265 642 2332 tam
659 2249 695 2351 (³)
722 2259 923 2335 ettroenatae
949 2259 1101 2334 libidinis
1126 2261 1224 2353 quod
1243 2260 1358 2335 votuit
1374 2260 1622 2334 concumbere

453 2401 537 2453 cum
565 2386 692 2471 tauro;
710 2386 748 2452 et
767 2399 879 2472 opera
899 2386 936 2453 et
952 2399 1022 2473 ope
1038 2379 1163 2454 Medati
1179 2379 1455 2476 ingeniosissimi
1472 2378 1619 2453 artificis

451 2498 677 2572 Atheniensis
709 2498 855 2573 intravit
886 2520 1033 2573 vaccam
1071 2500 1228 2595 ligneam
1263 2499 1427 2573 indutam
1462 2499 1563 2573 oorio
1581 2487 1620 2589 (⁸)

453 2638 551 2693 verae
577 2637 710 2710 vacem,
736 2622 772 2690 et
796 2617 847 2691 sic
864 2624 994 2692 taurus
1014 2618 1186 2714 deeeptus
1203 2620 1362 2715 imagine
1378 2620 1466 2693 tatsa
1483 2638 1621 2714 cogno-

452 2737 504 2811 vit
529 2757 611 2811 eam
628 2728 676 2827 (⁵).
703 2737 765 2809 Mta
790 2738 954 2831 concepit
979 2745 1016 2812 et
1039 2740 1167 2834 genuit
1193 2739 1319 2833 titium,
1338 2759 1450 2832 quem
1477 2737 1620 2813 vocavit

451 2857 709 2950 Minotaurum,
735 2848 798 2950 qui
814 2847 850 2949 (⁶)
878 2869 958 2935 erat
989 2860 1138 2934 semivir
1166 2868 1203 2935 et
1227 2860 1459 2934 semitaurus.
1487 2859 1621 2933 Habuit

451 2984 489 3052 et
512 2977 625 3051 Minos
649 2977 763 3052 atium
790 2978 904 3051 titium
930 2979 1078 3053 nomine
1095 2978 1343 3075 Androgeum,
1360 2980 1424 3072 qui
1438 2969 1475 3071 (⁷)
1494 2978 1621 3052 similis

450 3098 554 3193 patri,
572 3118 666 3193 puer
683 3099 786 3172 mirae
803 3097 940 3192 indotis,
954 3100 1087 3173 missus
1100 3101 1258 3176 Atbenas
1274 3099 1320 3174 ad
1338 3101 1512 3194 studium,
1530 3099 1619 3173 dum

449 3224 640 3312 superaret
662 3239 789 3292 omnes
805 3219 1019 3311 excelientia
1034 3219 1179 3314 ingenii,
1195 3240 1260 3313 per
1278 3219 1449 3293 invidiam
1466 3210 1503 3311 (⁸)
1523 3240 1618 3313 prae-

449 3338 616 3432 cipitatus
641 3336 709 3409 tuit
732 3357 755 3410 a
780 3338 1023 3431 comparibus.
1051 3340 1163 3412 Minos
1177 3331 1214 3430 (⁹)
1234 3339 1428 3413 iustissima
1445 3339 1500 3413 ira
1517 3360 1620 3413 com-

450 3463 572 3531 motus
601 3457 638 3530 in
668 3457 751 3530 sorti
781 3458 930 3531 brachio
960 3458 1054 3552 cepit
1088 3459 1271 3533 civitatem
1299 3460 1536 3553 Athenarum,
1560 3461 1620 3535 cui

449 3578 660 3653 durissimas
677 3580 776 3674 teges
793 3578 974 3672 imposuit,
989 3578 1083 3652 inter
1092 3571 1145 3670 (Ν)
1159 3580 1247 3653 alias
1263 3580 1370 3653 istam
1385 3581 1617 3656 durissimam

448 3697 702 3791 conditionem,
723 3697 821 3790 quod
841 3698 990 3793 singuiis
1015 3698 1118 3771 annis
1145 3699 1377 3773 mitterentur
1402 3706 1540 3794 septem
1561 3701 1619 3774 iu-

451 3839 562 3893 venes
588 3817 685 3891 cives
700 3809 751 3908 (¹¹)
771 3818 807 3890 in
828 3837 951 3891 escam
970 3818 1055 3890 huic
1072 3817 1159 3891 terae
1177 3818 1384 3892 saevissimm
1400 3820 1618 3915 Minotauro,

509 3988 537 4050 (¹)
552 3989 578 4039 S.
595 4003 610 4038 o
627 3989 657 4038 Ε.
678 3989 722 4051 qui
743 4002 858 4051 unquam
881 3988 969 4049 tuerit,
986 3990 1046 4052 quis
1062 3989 1162 4039 sciticet
1178 3987 1228 4039 tuit
1245 3993 1362 4052 ternpore
1379 3992 1502 4053 passionis
1518 3991 1622 4042 Domini

449 4067 531 4117 nostri
546 4066 607 4115 Jesu
623 4065 725 4122 Christi,
742 4066 809 4115 sicut
826 4070 926 4115 auctor.
1114 4063 1142 4128 (¹)
1160 4069 1213 4124 tto,
1231 4066 1344 4116 secundo
1361 4065 1446 4116 latini.

510 4142 536 4203 (⁸)
552 4142 578 4191 S.
595 4154 610 4192 s
627 4141 657 4191 E.
675 4146 751 4191 tantm
767 4140 907 4192 etirmnatae
924 4139 1034 4191 libidinis
1051 4141 1122 4205 quod
1140 4141 1220 4190 voluit
1237 4141 1390 4192 concubere.

511 4219 538 4281 (·)
555 4222 608 4277 tto,
626 4230 712 4266 coreo.
1117 4216 1144 4279 (⁸)
1160 4216 1190 4266 E.
1207 4230 1278 4279 eam;
1294 4230 1352 4280 quas
1369 4218 1495 4280 concepit.

510 4294 537 4356 (⁸)
554 4294 584 4343 tt.
600 4295 659 4356 quia
674 4298 731 4343 erat
747 4294 860 4344 semivir.
873 4298 966 4354 -ua,
982 4296 1025 4357 qui
1042 4298 1098 4343 erat
1108 4294 1172 4342 semi
1189 4295 1276 4344 bomo.

511 4372 538 4433 (¹)
553 4372 583 4420 E.
600 4371 644 4433 qui
661 4369 710 4419 tuit
726 4369 824 4421 similis.
1114 4369 1140 4431 (¹)
1158 4370 1188 4420 E.
1206 4384 1252 4433 per
1268 4371 1394 4421 insidiam.

510 4447 536 4507 (¹)
552 4447 582 4495 E.
598 4446 661 4497 lnde
677 4446 762 4495 Minos
779 4451 850 4508 pater
867 4447 930 4511 ejus,
939 4447 1079 4510 iustissima
1089 4447 1292 4505 commotusira,
1304 4447 1434 4496 civitatem
1444 4446 1526 4508 ipsam
1536 4445 1622 4495 Athe·

447 4538 540 4573 narum
556 4522 618 4572 torti
634 4522 732 4584 accepit
748 4523 774 4570 in
792 4522 905 4582 brachio,
918 4523 961 4572 cui
977 4522 1047 4586 leges
1063 4522 1211 4571 durissimas
1226 4523 1357 4584 imposuit,
1368 4524 1434 4572 inter
1451 4535 1515 4585 ques
1531 4521 1624 4571 condi-

447 4602 559 4651 ctionem
584 4598 650 4648 bnno
670 4599 758 4647 statuit
778 4599 949 4658 dmtsstmun,
963 4604 993 4649 ut
1009 4598 1116 4661 singuiis
1131 4598 1203 4647 mnis
1218 4598 1386 4648 mitterentur
1401 4605 1500 4662 septem
1513 4598 1623 4661 juvenes

446 4690 479 4726 ex
490 4676 550 4738 ipsis
565 4674 627 4724 term
644 4675 704 4723 buic
715 4675 865 4725 Minotauro
881 4675 1026 4724 serissime
1043 4674 1215 4731 devorandam
1225 4689 1303 4737 quam
1315 4675 1421 4725 bestiam
1439 4673 1537 4724 includi
1548 4671 1621 4722 tene·

446 4758 486 4803 rat
502 4753 529 4801 in
545 4751 656 4814 quodam
672 4764 751 4814 opere
767 4753 945 4813 subterraneo,
962 4752 1061 4802 scilieet
1082 4753 1109 4800 in
1131 4751 1253 4803 tabirinto
1279 4752 1480 4810 intricatissimo,
1497 4752 1532 4801 ite
1549 4749 1619 4814 quod

447 4830 544 4878 intrans
561 4827 587 4875 in
603 4826 649 4876 ilto
666 4841 799 4891 nunquam
816 4829 922 4880 rederet.
1026 4839 1032 4849 '

500 4902 538 4965 (¹⁹)
554 4903 580 4953 S.
595 4908 621 4953 et
637 4902 790 4955 intersitas.
1106 4904 1146 4967 (¹¹)
1164 4910 1217 4967 rto,
1235 4907 1353 4958 sonum
1368 4907 1394 4956 in
1408 4917 1496 4955 unam
1512 4901 1598 4953 butus.
