4154 6546
786 772 923 830 caurus
950 774 1105 829 necruos
1130 773 1290 828 rennos
1456 748 1464 761 “
1554 759 1623 825 dtr

456 941 545 992 num
572 921 697 1014 spelta.¹
723 919 759 993 in
787 922 920 994 multas
947 920 1073 1015 spicas,
1100 928 1137 994 et
1161 919 1323 993 declarat
1348 916 1545 1012 quomodo,
1572 916 1626 988 di-

450 1060 557 1114 ccns:
575 1062 681 1130 sorge
696 1044 735 1112 tn
753 1062 931 1132 emmeno,
949 1041 1039 1113 idest
1058 1040 1092 1113 in
1111 1040 1265 1113 herbam
1292 1039 1475 1131 tenellam,
1494 1037 1624 1132 primo,

451 1161 537 1254 quia
554 1161 666 1234 arbor
691 1183 713 1236 a
730 1161 906 1256 principio
931 1161 987 1233 sui
1006 1168 1059 1234 est
1078 1160 1203 1252 herba,
1222 1166 1258 1233 et
1279 1158 1420 1251 deinde,
1438 1161 1475 1230 in
1503 1160 1627 1248 pionte

449 1283 621 1372 surrectio,
637 1282 727 1355 idest
744 1282 917 1357 arborem
935 1282 1066 1355 duram
1088 1288 1126 1354 et
1142 1302 1321 1374 asperam.
1341 1280 1404 1352 llic
1422 1285 1506 1352 nota
1526 1279 1625 1372 quod

449 1400 518 1476 ista
547 1402 793 1477 arborificatio
822 1409 878 1477 est
910 1401 1171 1497 propriissima,
1197 1400 1282 1495 quia
1312 1401 1407 1474 sicut
1438 1400 1562 1474 anima
1589 1400 1625 1473 in

452 1523 615 1599 humano
631 1544 787 1619 corpore
811 1529 960 1599 exercet
974 1516 1012 1614 (¹)
1029 1523 1192 1597 diversas
1218 1521 1396 1617 potentias
1415 1527 1452 1596 et
1472 1521 1625 1595 virtutes

450 1663 515 1736 per
540 1642 683 1717 diversa
710 1643 877 1717 membra
905 1643 962 1717 vel
988 1663 1138 1737 organa,
1166 1642 1216 1716 ita
1241 1663 1339 1715 nunc
1371 1642 1409 1715 in
1434 1641 1569 1715 arbore
1584 1631 1624 1731 (²)

449 1783 490 1836 se
508 1763 655 1838 resolvit
680 1784 745 1859 per
770 1763 933 1839 diversos
959 1783 1095 1856 ramos,
1115 1768 1154 1835 ut
1174 1768 1284 1856 patet.
1305 1763 1348 1834 Et
1365 1761 1463 1836 addit
1479 1753 1515 1853 (³)
1543 1782 1624 1856 poe-

451 1903 537 1955 nam
559 1883 755 1957 violentam
782 1883 1006 1958 exteriorem
1033 1902 1146 1976 quarn
1173 1882 1307 1956 habent
1334 1883 1430 1956 ultra
1456 1902 1626 1956 carcera-

452 2003 598 2098 tionem,
616 2003 752 2079 scilicet
776 2002 1072 2077 dilacerationem
1089 1991 1124 2094 (ἢ
1148 2002 1333 2093 loliorum,
1351 2023 1463 2096 quarn
1490 2001 1625 2075 iaciunt

451 2123 587 2218 harpiae
611 2144 698 2199 aves
724 2123 1005 2216 violentissimas,
1031 2122 1175 2195 dicens:
1198 2124 1262 2213 poi
1285 2124 1420 2213 l’arpt'e
1444 2123 1624 2214 pascardo

451 2246 494 2317 de
519 2247 550 2317 le
575 2248 630 2318 lor
652 2248 772 2338 soplte,
795 2249 908 2338 sonno
933 2245 1050 2333 dolor,
1067 2263 1114 2317 ex
1140 2263 1248 2336 prena
1274 2262 1386 2336 quam
1406 2241 1578 2336 inierunt,
1596 2250 1628 2315 et

452 2368 491 2438 al
514 2368 618 2438 dolor
639 2370 807 2459 senona,
833 2365 920 2458 quia
945 2362 1079 2438 scilicet
1105 2362 1242 2435 iaciunt
1267 2361 1363 2436 riam
1383 2370 1432 2458 et
1446 2363 1625 2455 toramen,

454 2507 520 2581 per
546 2508 657 2581 quarn
684 2487 788 2560 dolor
813 2485 888 2559 exit
912 2485 1019 2559 toras.
1047 2483 1117 2558 Sed
1143 2490 1181 2556 tu
1209 2482 1356 2558 obiicies
1381 2484 1439 2556 hic
1453 2475 1490 2574 (⁵)
1505 2508 1513 2554 :
1531 2482 1625 2569 Quid

455 2608 590 2683 habent
605 2607 728 2681 lacere
745 2606 802 2679 hic
819 2606 896 2679 istae
917 2603 1064 2699 harpiae,
1083 2623 1167 2698 quae
1187 2602 1348 2699 figurant
1365 2603 1557 2678 avaritiam
1572 2593 1621 2696 (ὃ),

453 2747 540 2801 cum
566 2726 650 2800 alibi
677 2726 722 2799 sit
747 2725 853 2820 plene
879 2731 1080 2800 tractatum
1091 2714 1129 2815 (⁷)
1147 2745 1257 2818 supra
1284 2723 1329 2798 de
1347 2724 1423 2818 ipsa
1442 2723 1625 2799 avaritia?

452 2847 665 2941 Respondeo
695 2846 792 2940 quod
827 2866 899 2919 non
931 2845 1063 2918 melius
1092 2851 1235 2939 poterat
1261 2846 1383 2918 locare
1412 2865 1487 2938 eas,
1510 2866 1622 2939 quam

452 2966 546 3061 ipsas
570 2965 747 3060 deputare
771 2965 817 3038 ad
842 2986 990 3059 poenanr
1016 2964 1242 3038 inserendam
1270 2965 1356 3058 istis,
1375 2965 1422 3039 ad
1446 2965 1625 3038 denotan-

452 3087 541 3160 dum
560 3086 659 3181 quod
683 3085 837 3160 avaritia
854 3094 892 3160 et
916 3084 1150 3180 prodigalitas
1177 3085 1339 3159 marimo
1365 3085 1541 3159 inducunt
1558 3086 1625 3159 ho-

452 3208 590 3282 minem
619 3206 665 3282 ad
695 3206 1012 3301 desperationem,
1038 3211 1075 3279 et
1104 3206 1187 3279 licet
1218 3207 1353 3300 harpiae
1379 3206 1624 3300 principaliter

452 3328 611 3424 figurent
636 3328 763 3402 vitium
790 3327 953 3402 avaritiae
980 3332 1021 3400 ut
1046 3327 1118 3401 iarn
1144 3327 1282 3401 dictum
1308 3334 1374 3421 est,
1397 3334 1520 3401 tamen
1538 3329 1624 3422 quia

450 3447 603 3522 avaritia
636 3455 674 3522 et
703 3447 935 3543 prodigalitas
968 3447 1077 3520 simul
1107 3448 1185 3541 pari
1213 3469 1321 3543 poena
1355 3448 1557 3542 puniuntur
1587 3456 1624 3524 et

451 3568 488 3642 in
513 3568 656 3642 interno
680 3574 717 3642 et
737 3567 962 3663 purgatorio,
988 3575 1025 3643 et
1051 3568 1136 3661 quia
1163 3574 1322 3662 utraque
1348 3568 1440 3662 rapit
1466 3568 1548 3643 licet
1568 3570 1624 3642 di·

452 3689 668 3784 versimode,
696 3689 781 3782 quia
808 3709 881 3761 una
906 3689 953 3763 ad
979 3689 1223 3782 retinendum,
1248 3691 1365 3763 altera
1391 3689 1437 3764 ad
1463 3690 1623 3764 abicien-

450 3808 563 3903 dum,
590 3809 671 3883 ideo
697 3809 755 3882 hic
779 3808 916 3903 harpiae
942 3809 1102 3906 figurant
1127 3817 1330 3904 utrumque
1355 3809 1497 3904 vitium,
1524 3812 1621 3903 quod

451 3928 630 4022 equaliter
656 3929 740 4003 tacit
766 3929 861 4003 riam
889 3929 935 4002 ad
960 3930 1263 4025 desperationem,
1281 3931 1375 4005 sicut
1399 3951 1495 4026 saepe
1522 3931 1622 4005 ride-

451 4069 604 4123 mus.-
619 4053 731 4122 Conse.
758 4049 822 4122 Hic
847 4049 978 4123 Petrus
1012 4051 1204 4146 respondet
1229 4051 1275 4124 ad
1304 4051 1502 4126 secundam
1531 4051 1622 4144 peti-

449 4170 598 4264 tionem,
615 4169 738 4244 dicens
755 4170 917 4245 breviter
934 4171 1033 4265 quod
1060 4178 1255 4266 resurgent
1274 4171 1368 4245 sicut
1393 4178 1430 4245 et
1446 4171 1527 4245 aliae
1542 4171 1622 4245 ani-

449 4311 521 4365 mae
549 4290 822 4384 damnatorum,
839 4290 902 4364 sed
929 4312 1002 4365 non
1028 4292 1221 4365 reinduent
1246 4290 1313 4364 sibi
1338 4312 1501 4385 carnem,
1522 4294 1622 4369 unde

446 4412 554 4488 dicit:
580 4415 641 4486 noi
665 4433 801 4485 vorem
820 4433 889 4504 per
914 4414 945 4484 le
969 4421 1086 4485 nosne
1110 4415 1254 4503 spoplie,
1281 4412 1370 4487 idest
1397 4433 1464 4507 pro
1491 4416 1623 4490 nostris

510 4677 537 4737 (¹)
554 4678 607 4733 116,
624 4672 735 4724 exhibet.
1124 4671 1152 4731 (¹)
1169 4671 1199 4721 E.
1216 4672 1242 4721 iu
1258 4670 1388 4722 arborem.

511 4750 536 4812 (¹)
552 4750 578 4800 S.
596 4749 665 4799 addit
681 4749 830 4800 violentiam
846 4748 1011 4800 exteriorem.
1123 4747 1151 4808 (⁸)
1168 4751 1222 4806 116,
1239 4747 1433 4799 lacerationem.

511 4827 538 4889 (⁸)
555 4826 671 4886 116616.
1124 4824 1151 4888 (⁸)
1169 4825 1199 4875 E.
1216 4825 1364 4876 auritium?
1379 4826 1541 4890 Respondeo.

511 4903 538 4967 (³)
555 4907 608 4964 116,
625 4909 764 4954 tractatum
781 4905 813 4954 de
831 4904 893 4968 ipsa.
