4154 6546
634 786 775 841 caurus
800 786 956 841 uncinus
981 784 1174 842 sncunnus.
1418 772 1488 839 385

322 954 433 1026 quem
451 934 588 1009 fecerat
605 932 736 1006 includi
756 933 791 1005 in
813 932 1016 1006 laberintho
1041 952 1155 1026 opere
1175 931 1417 1005 subterraneo
1434 930 1491 1003 in-

323 1051 561 1146 tricatissimo,
587 1052 636 1126 ita
661 1052 759 1145 quod
786 1052 923 1125 intrans
949 1071 1153 1145 numquam
1172 1051 1269 1125 valet
1290 1050 1403 1143 exire,
1422 1048 1488 1121 nisi

320 1173 496 1247 beneficio
521 1173 626 1267 lunis,
648 1193 758 1266 quam
779 1173 952 1246 continuo
978 1193 1104 1246 secum
1123 1172 1245 1244 trahat
1269 1170 1435 1243 intrando
1451 1163 1487 1259 (¹)

320 1300 357 1365 et
381 1298 557 1385 sequatur
583 1293 618 1366 in
650 1293 847 1367 redeundo.
875 1294 1008 1366 Tractu
1036 1291 1209 1386 temporis
1234 1311 1313 1364 sors
1338 1281 1487 1382 venit(²)

319 1434 430 1508 super
442 1414 622 1488 Theseum
637 1413 752 1487 filium
770 1411 855 1508 Egel
873 1412 976 1486 ducis
992 1412 1230 1505 Athenarum,
1248 1418 1285 1484 et
1301 1401 1337 1502 (³)
1358 1410 1489 1483 missus

319 1539 375 1607 est
391 1532 428 1606 in
444 1532 606 1626 Cretam3
625 1553 699 1626 quo
715 1532 794 1606 viso
809 1520 845 1625 (⁸)
864 1531 1020 1606 Adriana
1039 1531 1110 1606 tilia
1127 1531 1254 1605 llinois
1271 1552 1317 1605 ex
1335 1530 1489 1624 Pasiphe

320 1652 466 1727 incensa
483 1652 562 1727 eius
581 1672 722 1746 amore,
741 1673 874 1747 magna
895 1652 1132 1746 speciositate,
1151 1652 1341 1747 probitate,
1360 1650 1489 1725 nobili·

319 1777 394 1846 tate
414 1771 555 1862 Thesei,
571 1773 696 1847 docuit
720 1792 806 1847 eum
834 1772 1020 1865 quomodo
1045 1779 1165 1867 posset
1181 1772 1355 1866 consequi
1373 1771 1487 1846 victo-

320 1893 412 1966 riam
439 1892 589 1966 feliciter
614 1891 660 1966 de
689 1890 908 1984 Minotaur03
932 1898 969 1965 et
995 1891 1077 1966 inde
1092 1883 1129 1983 (⁵)
1154 1892 1306 1987 sospiter
1331 1891 1488 1966 evadere

319 2033 405 2086 cum
422 2019 528 2107 pacto
552 2012 651 2106 quod
672 2010 853 2105 acciperet
873 2011 987 2105 ipsam
1005 2010 1201 2086 hdrianam
1215 2011 1251 2085 in
1267 2032 1423 2085 uxorem
1439 2000 1487 2102 (⁶),

318 2140 356 2207 et
385 2132 489 2208 daret
518 2134 713 2207 Phoedram
744 2152 910 2206 sororem
944 2131 1023 2206 eius
1042 2120 1078 2223 (⁷)
1115 2130 1188 2205 tilio
1221 2153 1288 2206 suo
1321 2131 1486 2226 llipolito.

318 2254 478 2327 Theseus
500 2253 624 2346 itaque
646 2257 804 2326 mactato
829 2251 1044 2344 Minotauro,
1063 2257 1100 2324 et
1117 2251 1270 2344 receptis
1284 2241 1320 2343 (Β)
1343 2250 1490 2324 duahus

318 2372 517 2468 sororibus,
543 2371 691 2447 recessit
711 2371 880 2445 decreta
907 2369 1138 2464 clandestine,
1156 2377 1193 2445 et
1218 2371 1254 2444 in
1280 2371 1410 2445 itinere
1429 2393 1488 2446 re·

317 2492 422 2587 liquit
436 2484 473 2585 (o)
499 2492 695 2566 Adrianam
722 2489 964 2565 dormientem
991 2490 1027 2563 in
1053 2490 1169 2565 insula
1188 2492 1354 2585 deserta3
1381 2492 1488 2567 Phoe-

233 2684 244 2701 ,
316 2613 421 2688 dram
440 2633 537 2688 >vero
555 2612 620 2685 sihi
637 2611 776 2707 accepit
790 2602 843 2702 (ω)
863 2610 1034 2685 insuam.
1054 2611 1124 2686 Sed
1144 2633 1243 2686 nunc
1260 2612 1414 2685 ulterius
1432 2619 1488 2687 est

315 2733 504 2807 sciendum
529 2730 628 2825 quod
654 2730 775 2804 tabula
802 2736 950 2804 narrata
976 2731 1138 2806 continet
1161 2731 1197 2804 in
1215 2752 1256 2805 se
1272 2753 1339 2824 pro
1356 2730 1485 2806 maiori

318 2857 422 2946 parte
447 2848 633 2924 historiam
661 2869 804 2924 veram:
826 2856 864 2923 et
888 2848 1007 2943 primo
1028 2857 1125 2944 nota,
1143 2850 1241 2944 quod
1259 2851 1376 2944 multi,
1394 2851 1486 2925 sicut

316 2971 529 3068 Fulgentius
554 2969 671 3045 etalii
696 2969 831 3064 dicunt,
859 2970 957 3063 quod
984 2975 1113 3045 taurus
1138 2971 1206 3044 luit
1225 2971 1373 3064 quidam
1392 2973 1486 3046 Can-

316 3091 486 3168 cellarius
503 3089 627 3164 llinois
645 3089 753 3186 regis,
766 3109 852 3164 cum
870 3110 945 3182 quo
962 3089 1115 3184 Pasiphe
1131 3090 1259 3164 hahuit
1276 3112 1355 3165 rem
1374 3111 1485 3186 opera

316 3211 451 3306 hedai,
477 3210 540 3305 qui
566 3209 744 3284 mediator
769 3210 827 3283 vel
854 3209 937 3283 leno
964 3208 1104 3305 induxit
1129 3230 1292 3305 vaccam,
1310 3210 1401 3286 idest
1417 3213 1487 3286 Pa·

316 3331 453 3426 siphem
468 3328 513 3403 ad
527 3336 689 3402 taurum.
699 3327 770 3402 Sed
781 3327 955 3421 quidquid
966 3327 1237 3423 dicatur,credo
1247 3331 1346 3424 quod
1360 3331 1427 3405 iste
1433 3323 1484 3423 (¹¹)

317 3451 428 3526 suerit
457 3470 568 3524 verus
594 3455 722 3523 taurus
747 3467 833 3522 cum
860 3468 935 3541 quo
960 3447 1027 3524 ista
1057 3449 1277 3543 concubuit3
1312 3472 1396 3525 nam
1431 3450 1487 3524 vi·

316 3571 424 3646 detur
448 3569 534 3642 satis
559 3567 774 3662 absurdum,
799 3566 897 3661 quod
922 3566 969 3640 ad
995 3568 1205 3662 paiiandum
1234 3591 1352 3643 unum
1383 3571 1488 3646 adul·

316 3690 451 3766 terium
482 3698 600 3783 poetae
630 3687 802 3763 linxerint
826 3696 950 3763 actum
988 3688 1146 3762 luxurias
1181 3689 1368 3766 bestialem
1409 3691 1487 3765 sine

316 3809 590 3903 comparatione
614 3809 789 3903 peiorem.
816 3807 890 3882 Nec
919 3806 1027 3884 dehet
1059 3807 1174 3883 videri
1204 3809 1299 3885 istud
1330 3810 1487 3886 incredi-

377 3990 403 4052 (“)
420 3993 474 4050 tls,
490 3990 516 4039 iu
533 3988 661 4038 intrando.
807 3985 834 4050 (’)
850 3987 880 4037 E.
897 3986 992 4037 evcnit.
1133 3987 1160 4050 (⁸)
1177 3988 1207 4038 E.
1223 3989 1268 4052 oui
1283 3989 1377 4038 missus
1392 3994 1439 4040 est.

376 4065 403 4127 (¹)
418 4066 449 4114 E.
466 4078 518 4128 quo
535 4064 589 4116 viso
604 4064 637 4114 ab
653 4062 768 4114 Ariadna
784 4064 879 4115 hlinois
895 4064 963 4127 regis
979 4063 1092 4126 madon
1105 4064 1156 4115 illia
1168 4078 1200 4115 ex
1211 4064 1485 4128 Pasipheelususorc‚

314 4143 417 4193 inoensa
437 4142 507 4192 illius
527 4154 627 4198 amore,
647 4144 849 4205 magun-tto,
873 4153 926 4204 quo
948 4140 1001 4190 riso
1022 4139 1075 4189 tilla
1097 4140 1191 4192 Minois
1212 4146 1303 4191 vocata
1324 4140 1438 4192 Adriano
1453 4153 1486 4190 ex

315 4216 433 4280 Pasiphe.
1023 4215 1051 4276 (¹)
1068 4219 1122 4272 tlt,
1140 4214 1231 4265 dunos
1246 4217 1362 4278 sospitet.

376 4291 404 4351 (·)
419 4292 450 4341 Ε.
466 4305 575 4343 uxorem
593 4305 674 4346 suam.
690 4296 718 4341 et
733 4304 782 4354 pro
798 4289 852 4340 illio
867 4303 915 4339 suo
931 4289 1056 4352 Hypolito
1072 4289 1200 4340 Phedram
1216 4291 1296 4353 ipsius
1312 4289 1490 4343 Ariadnaeae-

314 4381 402 4418 rorem
412 4369 532 4419 similiter
544 4370 570 4419 tn
581 4382 699 4427 uxorem,
710 4373 738 4419 at
748 4381 837 4418 neum
852 4380 895 4417 eas
911 4367 1027 4418 ducaret.
1037 4368 1128 4431 ltaque
1140 4368 1255 4418 Theseus
1270 4369 1333 4431 ipsa,
1345 4368 1396 4419 hoc
1406 4383 1487 4434 opere

313 4447 414 4497 devicto
432 4447 580 4497 Minotauro
596 4452 622 4497 et
639 4448 693 4509 ipso
710 4451 832 4503 mactato,
848 4451 874 4495 et
891 4445 1002 4507 receptis
1018 4446 1057 4494 his
1073 4445 1172 4495 duabus
1188 4458 1276 4495 mum
1294 4446 1427 4497 sororibus
1443 4461 1488 4498 re-

314 4523 398 4582 cessit,
415 4527 442 4572 et
458 4521 573 4573 decreta
585 4522 741 4573 clandestina
757 4521 832 4582 abtin
849 4521 893 4584 qni
910 4526 998 4584 postea
1014 4521 1041 4571 ln
1056 4521 1149 4573 itincre
1163 4521 1304 4572 Ariadnam
1315 4523 1487 4575 dormientem

315 4599 342 4649 ln
355 4599 466 4663 quadam
482 4599 566 4650 insula
582 4600 682 4650 deserta
692 4599 805 4664 reliquit.
814 4604 842 4650 et
851 4599 979 4649 Phedram
990 4600 1016 4650 in
1026 4613 1100 4650 suam
1116 4600 1224 4662 accepit,
1234 4605 1261 4651 at
1271 4601 1361 4652 relicta
1371 4601 1486 4654 Ariadna

314 4678 428 4728 recessit.
443 4677 495 4750 βοὰ
510 4690 579 4727 nunc
595 4683 645 4728 etc.

377 4752 404 4814 (¹)
422 4757 476 4814 tls,
492 4753 548 4803 etus
564 4754 591 4804 ln
607 4765 717 4805 morsm
733 4752 796 4804 utto.
1035 4752 1064 4815 (⁸)
1082 4757 1137 4813 tls,
1154 4753 1265 4818 acceptis
1280 4752 1388 4805 duabus.

377 4826 406 4891 (’)
423 4832 476 4889 llo,
493 4829 588 4881 dimisit
603 4830 752 4881 Adrianam.
1027 4828 1065 4892 θ’)
1080 4829 1107 4879 S.
1123 4830 1225 4893 souptt

366 4905 405 4970 (“”)
421 4907 446 4958 S.
463 4907 511 4958 tus
526 4912 617 4959 taurus
631 4907 711 4958 Tucrlt
725 4921 804 4959 rems
818 4910 1019 4967 taurum-tlt,
1036 4905 1115 4958 merit
1131 4919 1192 4958 vars
1208 4911 1308 4958 numa

448 5012 468 5058 1.
1324 5013 1352 5058 ἥ
