4154 6546
460 794 530 862 508
854 809 1057 864 counuruu
1082 810 1231 862 rursum

457 960 517 1026 tuo
548 957 667 1046 stello,
693 974 778 1027 narn
813 961 921 1028 autor
956 961 1063 1028 natus
1102 960 1156 1027 est
1190 953 1293 1049 signo
1314 947 1352 1046 (¹)
1390 955 1626 1051 geminorum

457 1072 674 1147 ascendente
705 1093 791 1146 curn
817 1074 903 1168 sole,
930 1074 1042 1148 etsie
1067 1072 1225 1164 inbono
1252 1080 1400 1168 puncto,
1420 1081 1462 1148 ut
1485 1074 1631 1150 dicetur

456 1191 615 1266 Paradisi
640 1193 799 1287 capitulo
824 1195 939 1287 llllll3
968 1202 1004 1268 et
1031 1194 1193 1288 loquitur
1218 1193 1419 1289 prudenter
1444 1201 1481 1269 et
1507 1205 1628 1290 caute,

456 1312 541 1407 quia
559 1313 783 1389 constellatio
801 1314 883 1387 coeli
909 1313 1056 1387 inclinat
1080 1315 1243 1387 animum
1270 1314 1437 1409 hominis,
1464 1315 1528 1389 sed
1554 1334 1629 1389 nou

454 1432 658 1526 necessitat,
685 1433 787 1527 quasi
815 1433 920 1527 dicat,
943 1440 982 1506 tu
1008 1441 1111 1528 potes
1137 1435 1241 1527 sequi
1267 1441 1304 1508 et
1330 1455 1403 1508 non
1429 1435 1533 1528 sequi
1558 1455 1627 1530 pro

454 1551 644 1626 voluntate
678 1552 780 1626 liberi
806 1553 969 1646 arbitrii;
997 1559 1033 1626 et
1058 1552 1143 1626 dicit
1168 1553 1288 1627 adhuc
1312 1553 1625 1628 conditionaliter:

381 1702 391 1721 ·
454 1692 492 1743 se
523 1672 586 1743 ben
611 1675 788 1744 m'ocorri
815 1694 858 1744 ne
892 1675 928 1744 lu
959 1675 1028 1744 vito
1046 1651 1159 1763 'belim
1191 1672 1237 1746 ad
1269 1671 1510 1749 differentiam
1542 1673 1628 1747 vite

454 1789 638 1863 infernalis
660 1812 743 1885 quae
769 1797 823 1865 est
848 1791 1067 1886 turpissima.
1087 1791 1131 1864 Et
1148 1791 1292 1865 videtur
1305 1790 1472 1885 judicare
1492 1811 1627 1866 secun·

453 1910 542 1984 dum
569 1910 816 2006 astrologiam,
842 1901 997 2002 cuius(²)
1025 1911 1224 1984 Bruneuus
1252 1910 1346 1985 sorte
1376 1909 1534 1984 babebat
1558 1910 1628 1984 ali·

454 2030 601 2124 qualem
616 2021 652 2122 (³)
680 2031 866 2126 peritiam3
893 2030 973 2104 ideo
998 2030 1087 2103 dixit
1102 2019 1138 2121 (⁴)
1161 2029 1373 2124 dubitative,
1400 2030 1486 2124 quia
1512 2030 1624 2105 etiam

453 2150 658 2245 peritissimi
683 2151 954 2245 astrologorum
981 2149 1157 2223 falluntur
1182 2169 1279 2245 saepe
1304 2149 1339 2222 iu
1361 2149 1506 2245 judiciis
1523 2150 1627 2223 lutu-

454 2290 603 2360 rorum3
631 2269 688 2342 vel
714 2269 845 2342 melius
870 2269 980 2343 credo
998 2268 1096 2362 quod
1109 2268 1248 2363 judicet
1265 2268 1467 2344 secundum
1489 2269 1623 2344 bonam

456 2389 745 2484 physonomiam,
759 2410 842 2482 quae
860 2389 968 2462 etiam
988 2409 1084 2482 saepe
1103 2388 1277 2462 mentitur
1293 2387 1339 2462 de
1360 2388 1520 2482 homine,
1539 2387 1625 2481 quia

456 2507 697 2583 consideravit
722 2528 818 2602 saepe
843 2508 976 2582 bonam
1004 2508 1161 2582 indolem
1189 2509 1290 2582 istius
1307 2509 1425 2603 pueri,
1442 2509 1505 2601 qui
1524 2507 1625 2582 vide-

456 2627 566 2699 batur
591 2626 685 2698 bene
709 2632 815 2721 aptus
840 2648 861 2699 a
889 2634 1031 2700 natura.
1051 2628 1094 2698 Et
1111 2627 1231 2700 subdit
1248 2628 1456 2720 Brunettus,
1475 2626 1575 2721 quod
1592 2625 1624 2700 si

455 2744 591 2818 diutius
616 2745 773 2837 vixisset,
800 2745 996 2817 animasset
1015 2746 1131 2839 ipsum
1150 2744 1196 2819 ad
1214 2767 1374 2841 praesens
1389 2767 1498 2840 opus3
1524 2744 1625 2820 unde

453 2865 560 2939 dicit:
587 2888 605 2937 e
630 2867 761 2938 t'ocrci
777 2869 860 2938 doto
876 2869 1036 2958 conforto
1052 2887 1076 2937 α
1094 2869 1232 2957 loma,
1251 2868 1415 2956 oepiendo
1432 2869 1459 2939 il
1473 2868 1537 2938 ciel
1551 2855 1623 2938 cosi

453 2987 600 3075 brnipno
613 3006 636 3055 u
649 2991 680 3056 te
688 3010 704 3076 ,·
721 2983 905 3057 inlluendo
921 2976 957 3075 (⁵)
976 2985 1038 3057 tibi
1056 2985 1253 3059 liberaliter
1271 2991 1412 3058 tantum
1427 2985 1472 3058 de
1486 2984 1624 3060 virtute

454 3127 533 3199 sua,
558 3107 633 3177 s’io
659 3125 729 3176 non
751 3107 840 3196 sossi
860 3096 969 3197 siper
986 3112 1097 3197 tempo
1113 3112 1239 3196 morte,
1263 3105 1397 3180 scilicet
1421 3110 1622 3198 antequam

452 3228 643 3300 inchoares
668 3230 810 3297 tantum
837 3230 1077 3319 opus—Mo
1103 3229 1223 3315 quello.
1249 3227 1353 3300 Nunc
1379 3245 1438 3299 ser
1464 3212 1643 3297 munet-³

454 3353 512 3419 tus
538 3343 757 3440 praenuntiat
782 3344 902 3417 autori
919 3344 1110 3418 adversam
1130 3345 1328 3438 lortunam,
1346 3365 1429 3437 quae
1446 3349 1503 3418 est
1519 3362 1625 3417 com-

378 3540 381 3551 ,
452 3465 613 3538 muniter
639 3462 784 3536 inimica
809 3463 996 3556 virtuosis3
1022 3469 1060 3536 et
1086 3464 1163 3536 vult
1188 3462 1349 3536 breviter
1370 3462 1502 3555 dicere,
1522 3459 1621 3555 quod

451 3584 607 3679 populus
625 3582 836 3656 llorentinus
854 3582 1097 3677 malignanter
1115 3588 1152 3655 et
1164 3581 1306 3678 ingrate
1319 3601 1359 3655 se
1372 3580 1519 3655 babebit
1533 3600 1624 3676 erga

451 3723 549 3795 eum,
577 3701 731 3775 reddens
757 3700 821 3773 sibi
848 3701 987 3773 malum
1021 3721 1087 3794 pro
1112 3700 1220 3792 bono,
1247 3700 1340 3776 sicut
1364 3707 1420 3774 est
1444 3699 1490 3774 de
1517 3718 1625 3775 more

450 3821 527 3894 lere
553 3820 717 3893 omnium
736 3819 957 3914 populorum
977 3840 1065 3915 erga
1083 3818 1327 3893 benemeritos
1342 3810 1378 3910 (⁶)
1399 3819 1434 3891 iu
1454 3839 1533 3893 rem
1552 3839 1624 3914 pu·

450 3939 582 4013 blicam
597 3963 607 4032 ;
629 3938 721 4011 sicut
738 3939 853 4010 Roma
871 3943 998 4011 contra
1016 3938 1231 4033 Scipionem,
1250 3938 1376 4012 civitas
1393 3927 1619 4013 Athenarum

450 4065 577 4133 contra
603 4059 782 4131 Theseum
811 4064 847 4130 et
873 4057 922 4131 itu
947 4057 992 4131 de
1014 4056 1102 4131 aliis.
1121 4060 1165 4134 Et
1181 4058 1277 4132 circa
1296 4059 1405 4130 istum
1423 4078 1573 4152 passum
1583 4047 1625 4152 (⁷)

450 4184 504 4251 est
541 4177 745 4269 aliqualiter
765 4167 801 4268 (⁸)
843 4176 1139 4251 immorandum:
1168 4177 1272 4249 multi
1310 4177 1408 4251 enim
1451 4185 1624 4273 reputant

450 4298 544 4372 istud
561 4297 761 4392 capitulum
780 4296 884 4372 facile
902 4304 938 4370 et
956 4305 1124 4392 apertum
1140 4322 1150 4391 3
1169 4297 1231 4371 sed
1250 4304 1350 4372 certe
1370 4298 1459 4371 mibi
1477 4298 1624 4373 videtur

450 4419 554 4491 valde
580 4417 724 4492 dilhcile
751 4424 788 4491 et
814 4418 1024 4511 obscurum,
1052 4424 1088 4491 et
1118 4418 1227 4493 habet
1259 4419 1394 4493 multos
1418 4420 1535 4493 malos
1560 4440 1625 4495 za·

511 4609 537 4667 (¹)
554 4613 607 4668 lto,
625 4611 651 4658 in
667 4611 748 4672 signo.
1097 4611 1125 4675 (¹)
1141 4613 1172 4662 ll.
1189 4613 1262 4663 cuius
1280 4613 1334 4676 ipae
1351 4627 1394 4664 aar
1408 4613 1559 4667 Brnnattm.

509 4682 535 4744 (¹)
552 4684 582 4733 Ε.
598 4685 736 4748 qnamdam
753 4686 882 4749 peritiam.
1099 4687 1126 4751 (⁸)
1141 4687 1167 4737 S.
1184 4689 1254 4738 dicit.

509 4759 535 4821 (⁸)
552 4760 582 4809 Ε.
599 4760 696 4812 scillcet
713 4762 852 4814 induendo.-
1096 4764 1124 4829 (⁸)
1141 4766 1171 4815 E.
1188 4766 1374 4827 benemeritos:
1392 4766 1459 4818 alant
1475 4768 1566 4819 libna.

509 4835 535 4894 (⁷)
552 4835 582 4884 E.
599 4850 700 4899 passum
722 4838 867 4901 aliqualiter
887 4844 925 4889 ast
947 4840 1101 4891 anundum:
1118 4840 1194 4890 mulli
1211 4842 1280 4892 enlm
1298 4841 1366 4891 istud
1383 4841 1527 4905 capitulum
1544 4841 1623 4894 neila

446 4915 472 4960 et
489 4917 607 4973 apertum
624 4912 720 4973 dicunt,
737 4914 781 4963 aed
797 4919 877 4965 certe.
1096 4913 1122 4978 (”)
1140 4920 1194 4978 tic,
1211 4916 1412 4982 aliquantulum.
