4154 6546
742 774 903 830 'marus
928 771 1055 831 NONUS.
1420 764 1490 830 305

329 943 414 996 nem
448 918 565 995 suam.
596 919 703 993 Potes
734 920 845 993 etiam
878 940 1015 1014 ponere
1044 919 1187 994 literam
1218 919 1334 1015 magis
1365 928 1492 1015 aperte

330 1048 371 1115 ut
395 1041 512 1115 dicas:
538 1042 858 1130 interrumperes,
884 1040 982 1113 unde
1011 1039 1192 1113 exclamat
1217 1037 1489 1114 desideranter:

329 1183 351 1233 o
380 1166 510 1251 quarm
538 1160 645 1231 tarda
674 1178 699 1228 a
720 1160 782 1229 'nte
809 1160 861 1229 ct'
874 1161 958 1230 altri
990 1161 1023 1230 ci
1050 1160 1209 1250 munga!
1237 1159 1342 1250 quasi
1372 1159 1491 1233 dicat:

330 1279 437 1352 nimis
462 1276 606 1352 videtur
623 1275 711 1349 mibi
729 1275 874 1349 tardare
891 1281 1102 1370 expectatus
1119 1277 1194 1350 iste.
1207 1281 1306 1348 -lo
1326 1280 1407 1350 cidi.
1428 1277 1493 1351 llio

329 1403 438 1470 autor
463 1395 617 1485 ostendit
641 1394 826 1487 quomodo
842 1395 1049 1489 conceperit
1063 1388 1098 1486 (¹)
1123 1395 1356 1490 suspitionem
1375 1415 1422 1469 ex
1439 1396 1494 1469 lo-

329 1517 476 1591 cutione
501 1521 670 1590 truncata
696 1513 852 1609 Virgilii:
878 1520 915 1588 et
940 1519 994 1588 est
1019 1514 1128 1588 etiam
1160 1515 1226 1588 ista
1252 1514 1356 1589 litera
1382 1514 1494 1607 tortis,

329 1635 392 1710 sed
416 1635 577 1709 breviter
602 1634 680 1707 vult
704 1633 826 1707 dicere
850 1633 949 1726 quod
974 1633 1050 1729 ipse
1075 1633 1195 1708 statim
1221 1632 1495 1728 comprehendit

333 1774 379 1828 ex
403 1754 513 1828 modo
538 1751 709 1846 loquendi
730 1751 877 1846 Virgilii,
891 1752 990 1844 quod
1015 1753 1145 1826 ultima
1170 1752 1282 1826 verba
1307 1758 1413 1826 erant
1437 1751 1494 1825 di-

331 1894 439 1949 versa
462 1894 486 1947 a
510 1872 646 1968 primis,
664 1879 701 1946 et
718 1872 816 1964 quod
836 1872 1089 1966 relinquebant
1105 1864 1140 1966 (²)
1167 1873 1369 1947 orationem
1387 1869 1493 1947 su'am

330 1993 578 2088 suspensivam
594 1981 644 2085 (³),
657 2011 704 2065 ex
729 2010 803 2083 qua
827 1992 1063 2085 suspensione
1087 1993 1286 2066 verborum
1307 1991 1383 2085 ipse
1407 2012 1495 2065 con-

330 2111 424 2206 cepit
449 2112 644 2204 timorem3
670 2109 821 2184 timebat
849 2110 947 2183 enim
979 2110 1113 2185 Dantes
1143 2130 1190 2185 ne
1219 2111 1341 2206 aliqua
1372 2110 1493 2183 anima

330 2232 426 2305 bona
450 2231 604 2305 alicuius
628 2228 797 2323 sapientis
822 2228 989 2301 intrasset
1004 2217 1040 2319 (⁶)
1072 2249 1237 2322 unquam
1271 2229 1375 2302 istam
1406 2228 1496 2303 civi-

331 2356 455 2445 tatem,
481 2357 518 2425 et
543 2370 608 2444 per
633 2367 860 2441 consequens
877 2367 925 2421 ne
941 2347 1088 2443 Virgilio
1103 2348 1349 2444 denegaretur
1370 2349 1496 2422 introi-

332 2475 391 2543 tus
415 2470 574 2545 omnino.
601 2468 706 2540 Nunc
729 2465 856 2540 ordina
881 2466 932 2541 sic
956 2466 1123 2540 literam:
1145 2470 1180 2538 io
1201 2469 1272 2540 otili
1290 2469 1385 2558 benc,
1403 2467 1493 2541 idest

331 2608 401 2685 ego
426 2583 524 2663 clare
548 2582 720 2680 perpendi
746 2590 783 2659 et
807 2585 972 2681 cognovi,
998 2587 1057 2657 cte
1081 2588 1113 2657 lc
1130 2589 1271 2678 parole,
1287 2586 1421 2661 scilicet
1438 2585 1496 2658 ul·

333 2709 421 2782 tima
436 2699 472 2799 (⁵)
496 2710 558 2799 sor
582 2708 717 2778 diverse
732 2725 757 2776 a
775 2708 946 2797 teprtmc,
964 2705 1050 2798 quia
1066 2725 1113 2780 ex
1131 2705 1256 2800 primis
1276 2705 1398 2779 verbis
1414 2705 1497 2778 Vir-

331 2826 439 2922 gilius
470 2823 660 2898 videbatur
690 2824 903 2918 promittere
933 2823 998 2897 sibi
1030 2829 1169 2897 certam
1195 2844 1296 2918 spem
1328 2823 1495 2917 intrandi,

330 2942 478 3038 quando
501 2942 612 3016 dixit:
635 2963 707 3034 pur
731 2964 755 3014 a
781 2964 834 3014 me
857 2964 988 3015 concon
1013 2946 1128 3015 vinca
1153 2945 1191 3014 lo
1212 2942 1360 3035 myrta:
1386 2944 1494 3017 et'ex

331 3063 498 3139 secundis
523 3062 645 3137 verbis
669 3061 861 3139 videbatur
886 3080 1023 3155 ponere
1051 3082 1151 3156 spem
1178 3061 1215 3134 in
1240 3061 1322 3155 alio,
1348 3062 1495 3154 quando

331 3182 442 3256 dixit:
468 3203 506 3254 se
529 3202 601 3254 non
625 3184 676 3254 tol
698 3202 742 3253 ne
765 3184 792 3253 s'
805 3185 942 3271 osterse,
968 3179 1075 3254 etde
1099 3180 1168 3252 boc
1193 3179 1288 3253 dicto
1314 3180 1510 3290 perpendi·

331 3296 362 3375 si
385 3305 471 3375 com’
484 3305 516 3374 ei
531 3305 719 3394 racopersa
737 3300 827 3373 idest
844 3320 955 3392 quam
974 3298 1045 3373 cito
1063 3298 1138 3392 ipse
1155 3297 1315 3372 correxit
1336 3298 1497 3393 primum

332 3420 470 3498 dictum
495 3440 582 3494 eum
607 3418 780 3513 secundo,
805 3417 886 3493 ideo
911 3417 1018 3492 dicit:
1042 3420 1077 3489 to
1092 3420 1301 3508 consumar,
1319 3417 1410 3491 idest
1429 3417 1497 3491 ini-

324 3539 424 3611 ¹tium
450 3540 651 3613 verborum
664 3528 716 3632 ζ’),
741 3537 876 3613 scilicet
895 3537 1057 3631 primum
1077 3535 1215 3610 dictum
1236 3536 1334 3631 quod
1351 3536 1494 3612 luerat:

329 3680 401 3751 pur
425 3680 449 3731 a
473 3679 527 3731 me
550 3680 616 3732 con
640 3660 733 3732 albo
762 3660 822 3730 otc
847 3661 911 3750 poi
941 3677 1061 3747 ocum,
1096 3655 1185 3731 idest
1218 3676 1304 3730 cum
1336 3656 1497 3730 secundo

332 3778 427 3852 dicto
452 3777 551 3871 quod
575 3783 701 3871 postea
725 3774 902 3852 secutum
921 3776 1018 3870 luit:
1037 3775 1135 3868 quod
1163 3775 1248 3848 luit:
1280 3797 1317 3847 sc
1347 3796 1432 3866 non,
1461 3781 1498 3850 et

333 3900 414 3974 ideo
438 3896 627 3972 dubitabat
651 3903 760 3970 autor
788 3897 834 3971 de
859 3896 920 3970 tali
947 3896 1056 3970 modo
1081 3894 1251 3989 loquendi
1274 3895 1497 3989 suspensivo,

322 4012 432 4093 ¹unde
454 4017 562 4091 dicit:
589 4037 648 4088 ma
671 4019 858 4090 nmmimen
882 4019 916 4088 el
936 4037 1000 4088 suo
1035 4018 1093 4088 dtr
1124 4018 1234 4088 denne
1248 4018 1393 4107 'poure
1419 4013 1498 4087 vult

334 4136 457 4211 dicere
480 4135 579 4229 quod
604 4155 677 4208 non
702 4136 869 4209 obstante
893 4134 991 4227 quod
1017 4133 1186 4229 Virgilius
1212 4133 1397 4207 videretur
1417 4152 1499 4227 spe-

334 4277 419 4331 rare
443 4257 480 4331 in
504 4276 544 4331 se
568 4257 626 4328 vel
652 4255 689 4328 in
713 4255 796 4349 alio,
819 4254 1050 4328 nibilominus
1071 4273 1141 4349 ego
1159 4253 1332 4328 timebam
1351 4273 1397 4326 ne
1417 4251 1498 4323 Vir-

332 4377 440 4474 gilius
465 4376 524 4449 vel
548 4375 641 4450 alius
667 4381 773 4470 poeta
790 4374 958 4449 intrasset
978 4395 1143 4466 unquam
1161 4374 1265 4447 istam
1285 4379 1443 4462 terram3
1461 4376 1498 4444 et

396 4711 424 4772 l¹l
435 4711 466 4762 B·
483 4711 609 4773 eoncepn.
921 4708 947 4768 (¹)
967 4707 992 4759 s.
1008 4720 1024 4757 e
1041 4707 1077 4763 lt,
1087 4678 1255 4770 :sumussic

396 4788 422 4850 (⁸)
437 4789 472 4849 5.,
490 4792 536 4838 llo
551 4800 567 4838 e
582 4787 614 4838 B.
630 4799 785 4850 sumnum.
920 4784 947 4846 (⁴)
963 4785 994 4834 B.
1010 4783 1149 4834 introisset.

354 4902 358 4909 ·
396 4865 423 4926 ll
439 4865 465 4916 S·
481 4863 588 4916 ultim·
924 4862 951 4923 ξ’)
969 4866 1022 4923 tlt,
1038 4861 1144 4912 illorum
1160 4859 1308 4911 verborum.

469 4974 485 5015 l.
1336 4963 1363 5005 20
