4154 6546
732 787 870 843 caurus
895 787 1089 843 sacuunus
1448 778 1494 847 rt

324 931 471 1007 sernum
488 931 543 1006 sol
558 931 688 1006 occidit
701 923 750 1023 (⁴).
769 932 874 1006 Nunc
890 932 1018 1006 ordina
1044 933 1095 1007 sic
1120 933 1286 1008 literam:
1305 939 1354 1007 Lo
1370 939 1499 1026 pronao

322 1072 361 1124 sc
375 1054 575 1142 n'ondavo,
600 1051 691 1125 idest
715 1051 793 1126 dies
816 1052 1069 1146 declinabat‚e
1093 1056 1187 1126 iuer
1212 1055 1338 1143 muno,
1364 1056 1499 1130 scilicet

323 1170 584 1265 crepusculum
609 1171 735 1264 noctis
755 1174 904 1261 andeca
927 1175 977 1261 pii
1001 1175 1148 1263 animm,
1172 1174 1258 1265 quia
1283 1173 1500 1249 adveniente

326 1296 435 1365 nocte
459 1290 667 1365 comuniter
691 1290 815 1365 omnia
839 1290 1010 1364 animalia
1035 1291 1122 1364 dant
1138 1312 1179 1365 se
1196 1292 1321 1385 quieti,
1338 1296 1397 1365 cite
1412 1314 1500 1365 sono

326 1411 366 1482 in
382 1416 494 1499 terro,
507 1408 599 1484 idest
611 1409 648 1481 in
661 1409 812 1502 mundo,
825 1409 913 1502 quia
926 1410 1095 1503 volatilia,
1112 1412 1284 1503 aquatilia
1299 1403 1348 1505 (²),
1366 1412 1500 1508 gressi-

328 1528 425 1622 bilia,
443 1529 596 1623 reptilia,
613 1531 657 1603 de
672 1532 703 1601 ie
716 1531 843 1622 fanon
856 1531 927 1619 tor,
944 1529 1147 1602 secundum
1167 1529 1310 1604 diversa
1325 1521 1361 1622 (³)
1381 1531 1499 1606 studia

328 1655 561 1722 naturarum.
586 1649 632 1720 Et
654 1648 759 1721 dicit:
785 1650 841 1720 Ed
868 1651 904 1719 io
932 1650 988 1720 sol
1013 1668 1094 1720 utto.
1117 1649 1292 1722 Notanler
1320 1648 1405 1723 dicit
1433 1654 1500 1740 sol,

265 1864 272 1872 ι
328 1766 417 1860 quia
432 1767 601 1859 wamiis
613 1768 728 1860 aliqui
741 1766 969 1861 invigilarent
975 1755 1013 1858 (⁴)
1023 1766 1122 1842 circa
1135 1768 1237 1841 varia
1251 1789 1362 1863 opera
1376 1774 1412 1842 et
1423 1774 1501 1841 stu·

326 1885 400 1978 dia,
413 1887 536 1960 nullus
552 1877 721 1978 tamenl⁸l
735 1886 833 1960 circa
850 1886 955 1959 istam
970 1887 1163 1961 materiam
1182 1887 1249 1960 nisi
1266 1888 1365 1961 solus
1380 1895 1499 1962 autor.

328 2005 414 2080 Vult
439 2025 530 2102 ergo
555 2006 701 2080 dicere:
733 2025 819 2080 cum
853 2008 1099 2081 communiter
1130 2008 1296 2082 homines
1309 1999 1347 2098 (ὃ)
1373 2007 1501 2082 darent

326 2144 370 2201 se
393 2146 525 2200 somno
549 2133 588 2201 et
613 2126 738 2219 quieti,
755 2126 842 2219 quia
859 2132 939 2200 erat
955 2132 1102 2221 tempus
1118 2128 1226 2221 veris,
1244 2147 1315 2223 ego
1332 2129 1431 2201 solus
1446 2129 1503 2201 in-

327 2244 528 2341 vigilabam
553 2245 651 2320 circa
677 2244 772 2318 istud
795 2264 890 2338 opus
914 2245 1149 2338 laboriosum,
1168 2249 1212 2317 m'
1225 2250 1504 2338 opporeccidooo

325 2385 353 2437 o
368 2371 524 2438 sosoeaer
541 2367 579 2438 lo
593 2383 740 2454 premo,
753 2364 888 2437 scilicet
904 2365 1160 2458 purgatorium
1167 2354 1204 2455 (⁷)
1218 2370 1345 2438 contra
1357 2365 1450 2439 vicia
1466 2372 1504 2440 et

329 2483 576 2580 ignorantium
594 2482 846 2577 extirpandum
864 2482 901 2555 in
917 2503 957 2555 se
974 2489 1012 2556 et
1029 2482 1065 2554 in
1082 2483 1169 2556 aliis.
1184 2483 1286 2558 Unde
1302 2490 1387 2558 nota
1405 2484 1504 2577 quod

329 2622 523 2696 nunquam
549 2601 667 2695 Scipio
692 2603 751 2674 vel
775 2601 897 2675 Caesar
921 2601 1115 2695 assumpsit
1131 2602 1253 2676 acrius
1270 2602 1418 2696 bellum,
1436 2623 1504 2678 nec

329 2708 459 2796 contra
474 2728 553 2797 tam
570 2719 719 2794 infestos
731 2721 864 2813 hostes,
877 2719 971 2793 sicut
987 2740 1085 2794 nunc
1102 2726 1211 2795 autor
1220 2711 1276 2815 (⁸);
1289 2741 1358 2796 nec
1371 2722 1505 2796 ilarius

331 2848 397 2915 aut
421 2841 522 2915 litus
546 2839 800 2937 gloriosiorem
826 2840 1054 2933 triumphum
1083 2840 1198 2933 duxit,
1228 2842 1314 2935 quia
1346 2850 1505 2937 uterque

330 2959 418 3035 vicit
441 2960 565 3035 hostes
588 2965 751 3034 remotos
776 2965 812 3033 et
837 2965 1020 3053 externos,
1038 2959 1104 3034 iste
1121 2979 1211 3034 vero
1229 2963 1452 3055 propinquos
1468 2968 1505 3036 et

330 3078 529 3173 intraneos,
552 3079 688 3153 scilieet
711 3079 897 3173 passiones
921 3079 1033 3152 animi
1059 3087 1095 3153 et
1122 3079 1225 3172 vicia,
1243 3101 1327 3173 qum
1353 3081 1506 3175 subjecit

329 3198 474 3274 fortiter
496 3203 535 3273 et
556 3197 753 3293 prostravit
781 3197 933 3292 pedibus
961 3198 1047 3270 suis.
1078 3198 1123 3269 Et
1152 3218 1238 3272 ecce
1251 3191 1289 3290 (⁹)
1320 3199 1501 3293 duplicem

327 3338 505 3415 pugnam,
523 3318 668 3411 redimi,
688 3310 792 3390 sidet
806 3319 957 3407 camina
976 3316 1066 3391 idest
1082 3323 1163 3390 tum
1182 3318 1345 3392 materiae
1362 3311 1505 3409 suaei¹⁰l

330 3438 378 3514 de
402 3438 581 3533 qualitate
612 3443 650 3513 et
678 3437 874 3533 penalitate
903 3436 1095 3531 viciorum,
1127 3431 1204 3510 esi
1240 3440 1333 3512 della
1365 3442 1505 3531 pietate,

331 3557 418 3652 quia
444 3558 651 3631 humanum
677 3563 732 3631 est
747 3555 905 3649 compati
923 3556 1112 3630 errordrus
1129 3557 1333 3651 hominum,
1354 3564 1396 3630 ut
1421 3578 1507 3653 sepe

331 3677 470 3753 ridebis
495 3677 532 3752 iu
557 3676 626 3749 isto
650 3676 754 3768 libro,
780 3678 852 3765 cte,
875 3675 966 3749 idest
992 3697 1105 3769 quam
1129 3697 1318 3773 guerram,
1337 3679 1415 3751 sive
1436 3698 1507 3771 pu·

332 3818 457 3894 gnam,
482 3786 645 3870 riouwd
663 3799 700 3869 la
720 3803 841 3888 metue,
865 3796 956 3870 idest
981 3797 1121 3890 poetice
1147 3797 1430 3891 repraesentabit,
1448 3801 1507 3869 cire

331 3938 405 3991 non
420 3938 521 4008 mo,
537 3916 639 4009 idest
658 3936 742 4010 quae
764 3937 868 3990 mons
893 3936 966 3991 non
991 3916 1135 3990 vacillat
1155 3937 1221 4011 per
1241 3918 1380 3991 somnia
1398 3937 1505 4010 vura,

334 4045 377 4110 ut
396 4037 476 4131 jam
500 4036 617 4130 patuit
641 4036 679 4109 in
703 4035 922 4131 praecedenti
947 4035 1116 4129 capitulo.

412 4160 578 4231 omaso
603 4155 670 4230 llic
693 4162 815 4248 autor,
840 4155 1027 4249 praemissa
1053 4154 1295 4248 descriptione
1319 4156 1506 4250 temporis,

333 4274 419 4349 iacit
433 4294 540 4350 suam
557 4275 837 4349 invocationem.
855 4274 926 4347 Sed
942 4273 989 4347 ad
1014 4273 1208 4346 clariorem
1234 4273 1504 4369 intelligentiam

398 4439 425 4501 (¹)
441 4438 472 4490 B.
488 4438 599 4499 occidit:
617 4443 646 4488 ut
662 4438 715 4489 ubi.
732 4438 830 4488 Ordine
845 4452 909 4502 crgo
926 4439 970 4488 sio.

397 4512 424 4575 (¹)
440 4514 471 4566 B.
487 4516 612 4578 aquatica
913 4513 941 4575 ι’)
958 4514 984 4564 S.
1002 4513 1175 4564 diversitatem
1191 4518 1352 4563 naturarum.

397 4589 423 4652 (δ)
441 4594 485 4641 llo
501 4602 517 4640 a
532 4589 564 4639 B.
580 4590 724 4655 vigilarent.
912 4590 941 4651 (¹)
960 4591 990 4640 Ε.
1008 4595 1094 4640 umen
1108 4595 1165 4640 orat
1181 4591 1252 4639 circa
1268 4590 1336 4640 lrnnc
1351 4591 1494 4641 materiam.

396 4664 466 4726 08.
483 4664 544 4715 oli.
560 4677 659 4715 cmm.
913 4665 941 4725 (⁷)
959 4666 989 4714 li.
1006 4676 1119 4726 pugnam
1134 4669 1225 4715 contra
1242 4665 1315 4715 dcis.

398 4739 424 4801 ζ’)
440 4739 465 4791 Β.
482 4745 567 4801 autor,
584 4741 644 4805 qnia
659 4747 770 4806 uterque
785 4741 902 4793 illorum.
914 4768 942 4778 -
953 4741 983 4791 Ε.
996 4754 1044 4792 noc
1054 4742 1153 4793 ilarius
1167 4755 1215 4793 noc
1225 4742 1307 4806 Cyrus
1325 4742 1506 4807 gloriosiorem

337 4816 501 4879 triumphum
517 4816 590 4868 duxit
604 4820 708 4881 quando
725 4819 795 4870 ricit.

398 4892 426 4954 r)
443 4897 634 4955 riguario.
903 4893 939 4954 (⁸0)
957 4900 1010 4956 rm,
1026 4896 1142 4948 maon·
1157 4902 1303 4961 nampio.
