4154 6546
450 776 521 843 534
847 789 1050 845 comburunt
1074 791 1225 844 rursum

450 938 535 1006 tura
553 952 692 1024 rerum,
710 932 798 1025 quia
814 933 949 1007 scilicet
967 955 1041 1007 non
1061 940 1157 1007 esset
1174 941 1282 1007 natus
1300 934 1360 1008 ille
1376 935 1475 1009 Nero
1492 935 1627 1012 iniuria

448 1061 486 1128 et
511 1052 733 1147 vituperium
770 1060 925 1147 naturae,
953 1054 1017 1148 qui
1043 1059 1197 1128 conatus
1222 1061 1278 1129 est
1302 1075 1449 1149 semper
1473 1076 1628 1152 perver-

446 1181 527 1249 tere
552 1181 737 1267 naturam,
762 1174 902 1249 ducens
928 1195 1088 1270 puerum
1115 1176 1152 1248 in
1178 1197 1335 1251 uxorem
1363 1177 1512 1254 nomino
1537 1177 1630 1274 Spo-

446 1316 543 1389 rum,
571 1316 684 1389 quem
710 1303 865 1370 conatus
891 1303 946 1371 est
964 1303 1244 1372 transnaturare
1260 1290 1297 1389 (¹)
1316 1297 1353 1371 in
1370 1297 1573 1392 ioeminam,
1591 1305 1629 1376 et

446 1415 495 1489 ita
527 1415 574 1488 de
609 1416 744 1508 multis,
778 1415 827 1490 ita
862 1416 962 1509 quod
992 1416 1136 1490 videtur
1162 1417 1199 1491 in
1225 1418 1294 1490 boc
1319 1437 1408 1492 casu
1434 1418 1534 1511 quod
1559 1418 1629 1492 ista

447 1534 595 1608 luxuria
620 1534 835 1609 innaturalis
863 1536 1087 1611 sterilissima
1113 1557 1259 1630 semper
1284 1536 1412 1611 luisset
1437 1536 1536 1610 utilis
1562 1559 1629 1613 ua·

447 1662 542 1729 turae
567 1654 605 1729 in
630 1655 787 1728 Domitio
813 1656 959 1730 Nerone
984 1663 1089 1750 patre
1109 1656 1273 1750 Neronis,
1291 1656 1378 1750 quia
1396 1656 1532 1736 scilicet
1549 1678 1626 1731 non

449 1781 544 1851 esset
571 1782 677 1849 natus
694 1775 791 1849 Nero
810 1775 995 1850 maximus
1014 1775 1182 1849 inimicus
1203 1782 1345 1850 naturae
1366 1776 1551 1850 bumanae.
1565 1775 1629 1851 -bd

449 1894 675 1993 propositum
702 1915 811 1990 ergo:
840 1895 896 1968 isti
922 1894 1017 1968 bene
1042 1894 1232 1990 linguntur
1258 1894 1381 1971 iacere
1399 1903 1521 1970 rotam
1543 1896 1630 1990 quia

450 2037 571 2111 neque
596 2015 772 2109 incipiunt
796 2036 819 2089 a
845 2023 989 2108 natura,
1016 2035 1138 2109 neque
1163 2015 1273 2089 finem
1290 2006 1327 2106 (²)
1354 2038 1466 2089 suum
1492 2017 1630 2092 consti·

451 2144 560 2211 tuunt
589 2137 626 2209 in
660 2142 810 2228 natura3
838 2136 936 2210 unde
965 2142 1139 2230 poterunt
1163 2135 1287 2210 dicere
1312 2143 1451 2237 aeterno
1484 2138 1624 2213 Judici:

450 2259 505 2331 Tu
531 2256 665 2330 dixisti:
694 2259 840 2328 Crescite
865 2263 897 2327 et
921 2258 1212 2347 rnottiptt‘eomini;
1240 2276 1307 2329 nos
1329 2258 1556 2332 contrarium
1574 2258 1631 2333 le·

451 2379 579 2453 cimus.
605 2378 711 2450 Nunc
735 2376 863 2450 ordina
889 2376 1033 2450 literam
1059 2375 1130 2450 sic:
1157 2378 1202 2467 ei,
1227 2375 1320 2450 idest
1344 2376 1394 2450 illi
1420 2386 1508 2468 tres,
1535 2382 1631 2453 rico·

450 2502 600 2572 mimice
624 2500 774 2571 tuatim
800 2518 915 2586 verse,
941 2497 999 2570 vel
1016 2496 1073 2569 dic
1090 2502 1128 2570 et
1146 2496 1302 2569 melius:
1324 2496 1384 2590 illi,
1402 2501 1629 2573 ticomineiar

450 2623 515 2710 tei,
541 2618 632 2691 idest
658 2618 731 2689 beu
756 2614 973 2689 adverbium
999 2615 1168 2709 dolentis3
1196 2616 1294 2690 unde
1315 2616 1400 2691 dicit
1415 2617 1628 2712 appositive,

452 2742 595 2813 dentice
621 2758 736 2825 verse,
762 2735 848 2829 quia
876 2735 933 2810 bic
958 2742 1038 2809 erat
1062 2756 1174 2809 sonus
1191 2745 1229 2812 et
1247 2737 1388 2811 clamor
1403 2737 1541 2832 antiqui
1557 2737 1629 2812 do·

453 2861 540 2936 loris
565 2865 602 2933 et
627 2876 756 2952 poenae,
783 2856 833 2930 ita
858 2855 957 2949 quod
982 2876 1078 2950 saepe
1105 2856 1237 2933 iterant
1254 2857 1366 2930 istum
1384 2877 1534 2932 versum
1552 2858 1627 2933 beu

339 2971 342 2977 ’
452 2982 544 3073 beu;
563 3000 648 3053 nam
664 2998 793 3051 versus
812 2977 1017 3070 appellatur
1034 2976 1236 3071 vulgariter
1254 2976 1373 3051 omnis
1385 2997 1515 3071 sonus3
1531 2977 1630 3053 unde

452 3100 607 3174 dicimus
632 3103 708 3171 teta
733 3096 806 3169 die:
833 3096 913 3168 talis
939 3095 1023 3170 iacit
1048 3096 1261 3170 dolorosum
1280 3117 1447 3190 versum3
1466 3103 1505 3170 et
1521 3096 1627 3170 dicit:

451 3242 548 3294 conte
564 3221 625 3290 not
645 3219 836 3305 ristemmo,
855 3215 961 3309 quasi
979 3215 1093 3290 dicat:
1121 3221 1196 3289 tam
1223 3215 1305 3309 cito,
1327 3237 1441 3309 quam
1467 3216 1538 3290 cito
1564 3214 1629 3291 lir-

453 3339 637 3415 mavimus
663 3357 740 3430 nos,
766 3358 785 3408 e
809 3338 883 3408 tutti
908 3343 960 3407 tre
982 3340 1089 3428 senno
1114 3356 1186 3408 ooo
1210 3342 1293 3408 roto
1317 3339 1355 3409 di
1377 3358 1428 3427 se,
1454 3336 1545 3412 idest
1562 3337 1628 3411 tri·

452 3459 619 3558 pudium,
645 3458 788 3552 quoodo
810 3460 920 3548 sorno
949 3458 1060 3546 pietati
1084 3477 1108 3528 a
1132 3459 1206 3545 noi,
1231 3454 1367 3530 scilicet
1391 3476 1438 3531 ex
1463 3457 1629 3553 opposito

453 3579 567 3655 nostri
591 3579 699 3672 juxta
719 3565 755 3666 (³)
788 3575 915 3669 ripam.
932 3615 982 3628 —
998 3579 1097 3663 Quot.
1131 3575 1195 3649 Hic
1230 3581 1340 3650 autor
1374 3576 1556 3670 specificat
1588 3578 1627 3654 iu

452 3697 663 3797 particulari
691 3696 849 3769 sormam
877 3701 999 3769 motus
1023 3694 1181 3768 istorum
1207 3695 1319 3768 trium
1345 3716 1412 3792 per
1429 3718 1542 3772 unam
1559 3718 1629 3774 no-

455 3820 565 3893 bilem
591 3815 914 3910 mmparationem.
942 3814 995 3888 nd
1021 3814 1127 3888 cuius
1145 3814 1420 3909 intelligentiam
1438 3823 1492 3891 est
1509 3817 1629 3894 scieu-

455 3940 543 4013 dum
559 3937 658 4031 quod
671 3935 871 4030 antiquitus
888 3934 924 4006 in
944 3922 1131 4030 magnisd)
1151 3934 1440 4010 solemnitatibus
1458 3937 1628 4031 deorum,

456 4059 618 4133 maxime
634 4057 672 4130 in
690 4054 830 4130 Graecia
847 4054 944 4149 apud
963 4060 1126 4128 montem
1144 4055 1351 4150 Olympum,
1369 4056 1505 4132 liebant
1524 4058 1629 4133 varia

454 4187 491 4254 et
521 4179 664 4252 diversa
702 4176 921 4270 spectacula,
960 4174 1005 4248 ad
1043 4195 1127 4268 quae
1165 4175 1319 4249 videnda
1357 4178 1630 4253 concurrebant

456 4298 627 4375 manimae
666 4295 785 4369 turbae
824 4294 1039 4368 bominum:
1074 4295 1167 4368 inter
1197 4295 1267 4370 alia
1284 4287 1319 4387 (⁵)
1356 4286 1495 4372 autem‘
1513 4299 1629 4394 aliqui

456 4420 618 4495 volentes
656 4417 778 4491 iacere
810 4417 949 4489 luctam
980 4415 1216 4489 brachiorum
1251 4415 1345 4491 inter
1370 4437 1411 4491 se
1441 4418 1629 4493 exuebant

456 4551 574 4616 vestes
594 4558 641 4612 ne
657 4542 777 4611 essem
791 4535 842 4610 eis
858 4535 905 4609 ad
922 4534 1235 4629 impedimentum,
1249 4542 1286 4610 et
1304 4537 1490 4632 ungebant
1507 4559 1630 4613 mem·

516 4757 544 4820 (¹)
560 4758 586 4806 S.
602 4771 617 4807 e
634 4756 665 4804 E.
683 4759 863 4806 transmutare.
1046 4754 1072 4815 (¹)
1090 4756 1119 4804 Ε.
1137 4756 1215 4805 mem
1232 4753 1331 4805 iaciunt
1348 4754 1375 4804 in
1390 4759 1494 4807 natura.

517 4832 543 4895 (¹)
560 4834 591 4883 E·
607 4847 686 4896 snper
701 4833 793 4896 ripum·
1049 4833 1075 4894 (⁸)
1092 4833 1117 4881 S.
1134 4831 1254 4883 omnibus
1270 4833 1485 4884 solemnitatibus.

516 4910 544 4972 (¹)
561 4914 614 4970 lit,
631 4909 696 4960 alios
711 4913 809 4960 aulem.
