4154 6546
667 789 806 849 arares
829 789 987 849 sacrum
1008 788 1191 847 sumnus
1438 773 1508 845 aaa

344 936 506 1012 malitie:
531 934 680 1010 bivarus
705 941 760 1009 est
777 933 912 1011 animal
928 932 1163 1026 multiforme,
1181 931 1267 1025 quie
1288 929 1400 1009 hebet
1417 929 1512 1005 dum

248 1123 252 1129 .
343 1056 454 1151 pedes
480 1054 700 1153 posteriores
728 1055 879 1148 auseris,
910 1075 994 1149 que
1027 1053 1104 1129 avis
1136 1058 1192 1129 est
1225 1050 1329 1126 valde
1358 1049 1445 1146 vigil
1474 1055 1512 1127 et

344 1175 522 1252 subtiliter
539 1175 657 1268 sentit,
677 1175 787 1249 hebet
802 1167 839 1265 (¹)
864 1175 1022 1250 caudam
1046 1194 1159 1267 quam
1181 1177 1282 1247 tenet
1305 1171 1376 1244 snb
1399 1190 1511 1264 aqua,

344 1304 382 1372 et
414 1303 520 1391 parat
546 1296 690 1371 insidias
716 1296 889 1390 piscibus,
921 1295 971 1371 ita
1003 1295 1137 1373 (lerion
1172 1292 1428 1369 fraudulentus
1457 1302 1513 1370 ωδ

343 1416 479 1492 animal
507 1416 686 1510 triforme,
716 1416 826 1492 lrabet
856 1415 957 1492 enim
986 1422 1105 1509 caput
1128 1416 1345 1507 numanum,
1376 1433 1511 1508 cerpus

343 1536 606 1630 serpentinum,
638 1535 795 1611 caudam
816 1525 854 1628 (²)
886 1534 1164 1629 searpiuninam
1198 1542 1237 1611 et
1266 1553 1353 1610 eum
1388 1533 1448 1609 illa
1470 1523 1508 1627 (³)

343 1656 500 1752 navigat,
526 1676 613 1731 eum
639 1656 698 1731 illa
727 1675 768 1731 se
793 1654 888 1751 regit
915 1663 953 1729 et
976 1656 1174 1751 gubernat,
1205 1662 1242 1732 et
1273 1655 1368 1751 capit
1397 1675 1511 1750 puros

343 1781 380 1850 et
403 1776 518 1850 henes
543 1775 660 1852 viros:
686 1774 836 1850 bivarns
864 1774 954 1850 alies
984 1775 1130 1850 bivarus
1160 1774 1301 1850 reducit
1332 1774 1370 1849 in
1403 1794 1511 1853 suam

343 1895 559 1972 servitutem
583 1901 624 1971 et
645 1894 903 1971 mmoditatem
928 1894 1117 1989 imponens
1151 1894 1204 1971 eie
1232 1914 1363 1988 enera3
1396 1895 1448 1972 ita
1473 1883 1510 1988 (⁸)

345 2022 444 2091 recte
467 2016 601 2091 &nnn
618 2015 709 2091 alios
724 2014 911 2109 Gennaes,
927 2014 1019 2090 idest
1036 2015 1286 2091 fraudulentos
1303 2035 1399 2111 sepe
1416 2015 1512 2110 capit

343 2142 380 2210 et
405 2136 514 2211 trahit
539 2136 576 2211 in
601 2135 658 2210 sui
683 2135 893 2227 utilitatem
919 2141 957 2211 et
981 2135 1033 2211 sie
1057 2135 1140 2210 vide
1157 2135 1255 2229 qued
1283 2136 1384 2212 lraua
1400 2135 1511 2212 vimit

343 2261 380 2330 et
404 2254 585 2349 simplices
608 2260 647 2329 et
669 2259 825 2329 astutos:
852 2253 1002 2331 niveus
1027 2253 1115 2331 vivit
1144 2254 1181 2329 in
1214 2261 1312 2331 terra
1338 2262 1376 2333 et
1399 2276 1510 2349 aque,

344 2374 392 2451 ita
417 2375 551 2450 Gerien
577 2379 734 2448 venatur
751 2373 788 2447 in
808 2381 918 2468 terra,
944 2374 1106 2469 piscatur
1130 2375 1168 2449 in
1182 2397 1292 2470 aetra,
1310 2383 1348 2454 et
1373 2377 1512 2470 ubique

345 2494 477 2586 quaerit
505 2495 628 2568 cibum
654 2514 780 2567 suum:
807 2493 957 2568 bivarus
986 2493 1106 2571 deiicit
1136 2494 1288 2571 arbores
1313 2502 1351 2573 et
1376 2517 1511 2590 ramea,

346 2614 393 2688 ita
419 2613 553 2689 (lerion
574 2613 769 2708 prosternit
794 2614 952 2689 maiores
976 2621 1014 2688 et
1033 2614 1208 2691 minores:
1226 2614 1377 2692 bivarus
1400 2616 1513 2693 hahet

345 2741 553 2810 castoreum
578 2734 676 2808 intus
701 2733 739 2808 in
762 2752 918 2829 carpere
943 2734 1041 2828 quod
1074 2741 1131 2810 est
1158 2734 1328 2829 calidum,
1353 2741 1391 2810 et
1416 2735 1512 2811 valet

344 2861 471 2930 eontra
508 2859 734 2946 tremerem3
767 2853 816 2928 ita
846 2853 982 2929 Gerien
1015 2856 1125 2931 habet
1161 2855 1314 2931 interius
1349 2855 1512 2930 calidum

346 2979 419 3048 tem
445 2979 482 3048 et
506 2973 797 3066 astutiamque
822 2974 919 3048 valet
943 2979 1071 3051 eontra
1095 2981 1296 3053 tremerem
1322 2981 1359 3050 et
1383 2974 1511 3049 debili-

345 3099 472 3168 tatem:
499 3093 648 3169 bivarus
673 3092 757 3170 iaeit
781 3093 849 3168 sibi
877 3092 1029 3169 demum
1056 3094 1092 3169 in
1117 3114 1216 3188 aqua
1235 3095 1344 3189 Juxta
1369 3101 1510 3171 terram

343 3234 429 3288 cum
457 3214 580 3288 multis
606 3213 877 3308 mansionibus3
904 3214 954 3291 ite
985 3214 1121 3290 Gerien
1151 3215 1235 3290 iacit
1260 3215 1328 3289 sibi
1355 3214 1510 3291 demum

343 3354 430 3408 cum
465 3332 589 3407 multis
624 3332 782 3408 cameris
819 3339 857 3408 et
892 3334 1047 3429 angulis,
1085 3334 1135 3412 ita
1172 3334 1271 3428 qued
1309 3334 1510 3409 laberintus

343 3455 461 3526 Creta
485 3473 559 3526 nen
583 3459 637 3527 est
662 3451 781 3548 magis
805 3452 1011 3547 intricatum
1038 3454 1137 3531 unde
1161 3454 1282 3529 inlelir
1309 3454 1372 3547 qui
1398 3453 1510 3529 intrat
1621 3525 1626 3534 ,

343 3572 496 3647 demum
522 3570 613 3665 eius,
640 3591 728 3646 rare
752 3572 811 3646 vel
837 3593 1026 3665 nunquam
1053 3579 1171 3668 petest
1195 3573 1309 3649 exire
1334 3573 1439 3647 Nune
1463 3571 1511 3649 ad

344 3691 487 3765 literam
513 3691 592 3765 vult
617 3690 739 3778 dieere
762 3697 872 3764 auter
897 3691 997 3784 quod
1020 3692 1070 3766 ita
1100 3692 1218 3768 suhart
1248 3711 1345 3767 nunc
1376 3691 1511 3769 Gerion

343 3812 389 3885 ad
422 3811 536 3907 ripam
569 3818 711 3905 partem
746 3810 803 3884 sui
833 3821 959 3888 teneus
992 3819 1097 3889 extra
1130 3833 1266 3907 aquam
1298 3820 1335 3888 et
1368 3820 1511 3908 partem

343 3931 436 4008 intra
461 3953 598 4026 aquam
627 3932 721 4007 sieut
750 3932 853 4007 navis
883 3938 920 4007 et
953 3932 1046 4007 sieut
1079 3933 1237 4010 bivarua.
1271 3933 1363 4008 llicit
1395 3953 1510 4029 erge:

344 4055 380 4124 ln
400 4054 491 4143 fiere
511 4055 678 4144 memma,
704 4052 840 4127 scilieet
862 4052 1011 4143 Gerien,
1036 4051 1128 4127 idest
1147 4053 1259 4147 lraus,
1277 4053 1365 4146 quia
1384 4052 1511 4128 inean-

344 4170 492 4249 tinentia
505 4177 560 4246 est
572 4173 682 4265 mela,
700 4170 870 4247 violentia
887 4171 1002 4266 peior,
1018 4171 1157 4246 malitia
1177 4172 1346 4266 messim,
1361 4175 1393 4245 si
1407 4179 1511 4246 stava

342 4312 383 4365 su
400 4293 521 4381 torto,
539 4290 632 4366 idest
643 4282 680 4383 (⁵)
700 4289 933 4365 extremitate
949 4290 1049 4385 riute,
1064 4293 1124 4364 cre
1141 4293 1181 4365 dt
1193 4295 1314 4383 pietro
1327 4294 1356 4366 tl
1367 4293 1513 4369 seeum

342 4434 460 4506 sera,
485 4416 572 4509 quis
598 4415 675 4511 rina
701 4414 841 4509 lapidea
866 4413 1001 4489 claudit
1025 4435 1190 4510 arenam,
1208 4422 1252 4490 ut
1267 4416 1348 4510 J'am
1372 4416 1511 4494 dietum

343 4544 408 4631 est,
434 4530 505 4610 cesi
529 4558 625 4610 come
647 4543 774 4608 starum
798 4538 812 4608 i
836 4537 955 4608 necle
987 4557 1012 4608 a
1036 4539 1117 4609 ηὐα
1146 4539 1291 4609 talvolta
1322 4540 1382 4610 ele
1406 4545 1513 4630 parte

404 4750 431 4810 (¹)
447 4750 478 4800 E.
493 4748 570 4800 habet
585 4754 613 4801 et
628 4747 745 4802 caudam.
947 4745 975 4811 (¹)
991 4748 1022 4798 E.
1038 4753 1064 4799 et
1081 4748 1187 4800 caudam
1204 4750 1355 4815 warpleels.

405 4824 432 4886 (Ἴ
448 4825 478 4875 R
495 4826 556 4889 ¹11⁸&
946 4824 974 4888 (li
990 4825 1021 4879 Ε.
1037 4827 1073 4879 ita
1087 4827 1167 4879 etiam
1182 4832 1262 4882 recte.

406 4901 434 4964 (⁸1
449 4901 480 4952 Ε.
496 4902 562 4953 idest
576 4903 603 4954 in
618 4903 790 4957 extremm»
