4154 6546
449 787 519 852 452
824 791 1051 854 coursnruu
1076 793 1228 846 rnrsnru

448 942 477 1015 si
493 939 676 1035 attingunt
693 957 756 1011 eos
773 956 860 1010 cum
878 936 1047 1010 dentibus
1064 936 1263 1011 crudeliter
1280 936 1459 1029 laceraut;
1477 930 1626 1029 quost¹i

447 1082 520 1135 non
545 1060 729 1154 attingunt
756 1057 881 1152 sugant
908 1063 945 1131 et
970 1059 1157 1153 expellunt
1182 1054 1298 1132 donec
1320 1057 1506 1132 lateauta
1530 1058 1627 1135 iacie

447 1200 588 1255 earum.
624 1179 728 1252 Modo
763 1177 964 1271 considera,
992 1179 1090 1272 quod
1116 1177 1172 1251 isti
1205 1197 1278 1251 non
1310 1183 1397 1250 sunt
1428 1177 1557 1252 inclusi
1582 1179 1625 1253 in

446 1300 641 1374 arboribus
675 1299 768 1372 sicut
802 1297 948 1391 spiritus
981 1282 1228 1372 violentorum
1260 1304 1390 1372 contra
1424 1318 1624 1393 personam

448 1420 645 1514 propriam,
670 1417 733 1491 sed
759 1416 972 1490 discurrunt
995 1417 1137 1507 attoniti
1155 1416 1271 1511 fugati
1287 1437 1309 1489 a
1328 1418 1566 1492 venatoribus
1584 1425 1625 1495 ot

448 1540 608 1613 canibus.
628 1540 828 1612 venatores
853 1547 939 1612 sunt
965 1537 1029 1631 ipsi
1047 1537 1267 1628 credituros,
1284 1543 1470 1612 eteorum
1497 1540 1625 1615 nuncii

449 1659 511 1752 qui
536 1663 778 1752 persecuntur
802 1656 986 1730 debitores
1012 1656 1203 1751 fugientes,
1230 1657 1322 1729 etsi
1347 1658 1532 1754 attingunt
1558 1680 1626 1735 eos

448 1778 647 1852 dilacerant
664 1776 918 1869 membratim;
936 1777 1034 1870 quia,
1049 1776 1214 1850 debitore
1224 1783 1428 1871 carcerato,
1443 1799 1540 1852 unus
1552 1799 1626 1860 au-

449 1899 519 1973 fert
543 1898 610 1971 sibi
627 1897 792 1989 domum,
810 1898 904 1971 alter
922 1895 1079 1989 vineam,
1099 1917 1201 1969 unus.
1213 1917 1326 1969 unam
1344 1898 1624 1993 supellectilem,

449 2019 542 2092 atius
566 2019 694 2111 aliam3
725 2017 800 2090 iuro
831 2017 917 2090 olim
952 2016 1094 2090 debitor
1125 2016 1157 2090 si
1190 2038 1263 2090 non
1288 2016 1446 2091 babebat
1461 2009 1499 2109 (²)
1525 2017 1627 2093 uude

449 2138 617 2231 solveret,
648 2136 861 2211 tradebatur
892 2136 1133 2211 creditoribus
1166 2135 1382 2209 lacerandus
1416 2137 1453 2209 in
1480 2137 1626 2231 privato

448 2277 598 2332 carcere
624 2257 715 2349 eius,
741 2256 834 2330 sicut
860 2255 961 2328 Titus
977 2256 1101 2327 Livius
1118 2261 1244 2328 narrat
1269 2254 1315 2328 de
1342 2256 1451 2342 nobili
1469 2276 1626 2331 romano

449 2377 647 2452 crudeliter
666 2378 826 2450 lacerato
844 2375 1073 2468 verberibus,
1087 2366 1196 2467 quid)
1212 2374 1323 2448 exivit
1339 2394 1531 2450 carcerem
1548 2375 1626 2470 pri-

453 2505 579 2570 vatum
593 2496 783 2570 creditoris
797 2496 866 2587 sui,
888 2502 925 2569 et
942 2494 1112 2569 excitavit
1126 2494 1329 2566 tumultum
1343 2494 1381 2567 in
1399 2495 1533 2589 populo
1553 2501 1624 2569 etc

455 2617 570 2690 danes
589 2615 723 2687 rabidae
746 2621 832 2687 sunt
858 2614 1049 2687 incomoda
1072 2634 1204 2708 magna
1223 2633 1306 2706 quae
1328 2620 1518 2688 macerant
1537 2613 1627 2688 istos

452 2736 606 2809 miseros
632 2733 779 2827 quando
804 2734 1019 2807 abiecerunt
1039 2755 1149 2807 suurn
1166 2723 1217 2826 (⁴),
1235 2733 1515 2828 sedicet-tames,
1535 2733 1625 2827 sitis,

453 2855 596 2929 nuditas
627 2861 664 2927 et
690 2853 807 2928 multa
834 2854 929 2927 talia.
964 2853 1024 2926 lsti
1054 2875 1145 2949 ergo
1170 2874 1267 2948 saepo
1291 2854 1436 2949 fugiunt
1461 2860 1499 2928 et
1523 2853 1627 2928 irau-

451 2982 543 3071 gunt
568 2993 757 3047 carcerem
788 2984 825 3049 et
855 2974 1000 3048 vincula
1031 2980 1068 3047 et
1097 2974 1219 3046 omnia
1246 2973 1426 3048 obstantia
1455 2973 1530 3068 eis;
1561 2972 1626 3047 sed

451 3094 649 3170 creditores
674 3099 771 3166 stant
796 3093 841 3166 ad
869 3100 1007 3187 postam
1027 3114 1113 3166 curn
1132 3093 1278 3166 famulis
1295 3092 1341 3168 ad
1363 3093 1481 3166 bostia
1498 3093 1628 3170 trivio-

453 3238 548 3309 rum,
576 3214 734 3308 viarum,
761 3220 798 3288 et
823 3213 1032 3307 domorum,
1060 3221 1102 3286 ut
1127 3234 1191 3287 eos
1216 3213 1359 3308 capiant
1388 3221 1426 3287 et
1451 3214 1626 3289 lacerent

451 3334 521 3408 Sed
548 3341 588 3406 tu
613 3333 734 3407 dices:
765 3354 887 3407 nonne
902 3325 939 3423 (⁵)
965 3340 1075 3406 autor
1101 3333 1269 3406 tractavit
1293 3353 1406 3426 supra
1432 3332 1479 3406 de
1503 3332 1629 3428 prodi-

451 3455 517 3551 gis,
545 3454 607 3527 ubi
632 3453 773 3547 punivit
787 3444 823 3544 (Β)
851 3457 1014 3526 avaros?
1038 3452 1132 3539 Quid
1150 3472 1240 3548 ergo
1260 3452 1453 3547 oportebat
1470 3453 1529 3526 bic
1545 3473 1629 3527 arn·

452 3574 545 3670 plius
570 3574 739 3647 cruciare
765 3573 873 3646 istos?
898 3573 985 3646 bico
1012 3572 1110 3665 quod
1135 3578 1245 3645 autor
1266 3572 1435 3646 tractavit
1452 3594 1564 3667 supra
1579 3572 1628 3648 de

452 3694 610 3790 prodigis
635 3693 856 3788 simpliciter,
884 3694 946 3785 qui
982 3713 1047 3787 per
1085 3692 1395 3785 incontinentiam,
1421 3692 1629 3788 indiscreto,

452 3820 489 3888 et
521 3814 621 3887 fatue
646 3812 919 3906 expenderunt3
947 3812 1005 3885 bic
1031 3831 1121 3885 vero
1147 3817 1279 3887 tractat
1303 3810 1350 3885 de
1375 3812 1534 3907 prodigis
1559 3832 1629 3908 per

453 3933 673 4024 violentiam,
689 3933 752 4026 qui
769 3932 906 4005 furiose
926 3937 964 4006 et
985 3932 1162 4005 violenter
1179 3930 1415 4026 perdiderunt
1432 3931 1528 4006 bona
1546 3952 1627 4025 sua,

453 4054 547 4128 sicut
572 4057 658 4126 sunt
684 4051 789 4124 multi
815 4052 967 4146 lusores,
994 4057 1032 4124 et
1052 4051 1100 4123 iiii
1118 4050 1164 4124 de
1181 4051 1315 4143 quibus
1331 4051 1452 4128 statim
1471 4051 1627 4145 dicetur,

453 4174 515 4268 qui
541 4173 598 4246 usi
624 4173 776 4246 suerunt
802 4193 906 4246 mera
932 4171 1102 4246 violentia
1128 4160 1625 4264 contrabouasua.1deoi⁷)

453 4292 601 4367 Ovidius
636 4292 672 4365 in
709 4292 815 4365 sirnili
847 4291 950 4387 tingit
979 4291 1078 4384 quod
1108 4292 1249 4365 Atheon
1284 4301 1438 4367 venator
1469 4311 1627 4366 conver-

453 4434 516 4486 sus
549 4414 583 4486 in
616 4434 768 4487 cervum
794 4433 816 4486 a
844 4413 957 4484 Diana
983 4412 1114 4486 *totus
1139 4412 1321 4485 laceratus
1346 4417 1401 4485 est
1426 4432 1449 4485 a
1473 4411 1628 4486 canibus

515 4674 542 4735 (¹)
558 4672 589 4722 Ε.
606 4678 632 4722 ct
648 4687 713 4736 quos
730 4687 781 4722 uon
798 4674 934 4737 attingunt.
1125 4671 1152 4734 (¹)
1169 4672 1200 4721 E.
1216 4674 1238 4721 si
1254 4686 1306 4722 non
1323 4671 1438 4722 baberet.

517 4748 543 4810 (¹)
560 4749 590 4798 Ε.
607 4751 666 4812 quia
683 4750 805 4800 exiverat.
1127 4748 1153 4808 (⁸)
1171 4753 1224 4809 tta,
1241 4763 1295 4798 sua.

517 4825 544 4885 (¹)
561 4824 591 4874 E.
608 4839 713 4876 numus.
1127 4824 1154 4886 (⁸)
1171 4825 1202 4874 E.
1219 4826 1300 4888 punit

518 4901 545 4966 (¹)
562 4906 616 4961 tib,
631 4903 693 4952 ideo
710 4903 774 4952 bene
790 4903 902 4954 Ovidius.
