4154 6546
770 780 907 836 CANTUS
932 780 1087 836 DDCJHUS
1112 781 1294 838 smmus.
1542 774 1614 840 579

448 921 544 995 lulio
569 921 723 1016 Caesare,
750 923 813 1017 qui
839 924 874 998 in
900 925 1014 999 Gallia
1040 925 1165 999 videns
1187 926 1338 1001 militem
1366 928 1566 1023 lugientem
1593 952 1615 1003 a

449 1043 580 1138 proelio
605 1044 699 1138 cepit
724 1044 842 1139 ipsum
869 1065 935 1140 per
960 1047 1083 1120 nasale
1108 1057 1145 1123 et
1171 1047 1316 1121 reduxit
1346 1048 1383 1122 in
1406 1049 1536 1144 aciem,
1562 1049 1618 1123 di-

447 1184 552 1240 cens:
578 1160 714 1257 illuel¹l
741 1171 825 1238 sunt
850 1166 982 1241 hostes
1010 1167 1108 1241 ldem
1134 1168 1170 1241 in
1196 1168 1363 1263 Hispania
1381 1176 1508 1243 oontra
1527 1169 1617 1244 lilios

448 1284 596 1379 Pompei
618 1306 796 1380 pugnans,
815 1285 939 1360 videns
963 1293 1156 1360 veteranos
1181 1287 1367 1382 inclinare,
1385 1287 1469 1362 lecit
1487 1309 1617 1382 aspor-

449 1405 517 1479 tari
543 1425 681 1499 equum
709 1426 832 1499 suum,
850 1412 886 1480 et
913 1406 1022 1500 pedes
1047 1407 1155 1501 coepit
1176 1428 1342 1503 pugnare
1367 1415 1452 1482 ante
1477 1409 1615 1503 aciem3

448 1531 484 1598 et
509 1525 560 1599 sie
585 1546 672 1599 cum
697 1526 918 1601 verecundia
941 1527 1125 1601 revocavit
1148 1548 1241 1620 quos
1266 1548 1339 1601 non
1364 1535 1506 1622 poterat
1531 1551 1616 1623 pre-

448 1645 550 1720 cibus
575 1654 612 1719 et
638 1647 949 1721 exhortationibus
980 1646 1150 1741 retinere,
1177 1655 1214 1721 et
1244 1647 1296 1721 sie
1326 1648 1516 1722 victoriam
1543 1650 1617 1724 eri-

447 1766 525 1861 puit
550 1767 595 1841 de
620 1766 789 1841 manibus
815 1767 994 1861 hostium,
1013 1776 1050 1841 et
1070 1767 1175 1841 sicin
1195 1769 1377 1862 proposito
1395 1769 1614 1843 verecundia

439 1885 531 1978 ‚lecit
555 1886 687 1961 sortem
712 1886 928 1981 discipulum
956 1887 1121 1960 timidum
1148 1908 1273 1962 coram
1291 1888 1387 1961 bono
1407 1888 1557 1963 doctore
1578 1897 1616 1963 et

447 2004 542 2079 duee
567 2006 725 2102 Virgilio.
740 2046 789 2058 -
802 2010 843 2079 lo
872 2010 917 2079 m’
930 2011 1079 2079 assettai.
1107 2007 1172 2081 Hie
1199 2013 1310 2081 autor
1339 2007 1493 2082 ostendit
1524 2030 1617 2102 quo-

448 2124 557 2198 modo
583 2124 785 2200 ascenderit
798 2117 835 2217 (²)
869 2146 953 2199 eum
990 2125 1123 2200 timore
1153 2133 1191 2201 et
1223 2127 1373 2221 pudore,
1400 2127 1546 2202 dicens:
1573 2133 1615 2202 lo

449 2247 494 2317 m'
507 2247 647 2316 assettai
669 2267 710 2316 su
735 2247 843 2336 quelle
866 2248 1049 2336 spallaece,
1075 2245 1166 2319 idest
1191 2246 1333 2342 magnis
1362 2247 1512 2341 spatulis
1543 2247 1615 2321 Ge-

450 2363 570 2436 rionis.
598 2365 692 2438 Vere
717 2364 793 2437 istae
819 2365 969 2460 spatulae
1002 2373 1088 2438 sunt
1114 2366 1284 2439 maximae
1309 2374 1346 2440 et
1371 2366 1614 2462 amplissima),

449 2504 562 2579 super
587 2485 719 2578 quibus
744 2485 870 2559 sedent
892 2491 943 2558 tot
963 2484 1072 2558 millia
1096 2486 1298 2579 hominum,
1317 2494 1354 2561 et
1372 2488 1561 2560 hominum
1578 2477 1615 2579 (³)

448 2604 577 2678 studia.
604 2605 705 2680 Unde
730 2613 815 2679 nota
841 2605 937 2700 quod
965 2606 1092 2702 regula
1117 2606 1282 2680 Gerionis
1307 2628 1395 2681 vera
1420 2607 1613 2703 generalis,

448 2746 533 2821 quae
551 2747 636 2799 raro
657 2726 792 2820 patitur
809 2726 1072 2821 exceptionem,
1087 2733 1141 2800 est
1159 2726 1236 2820 ista,
1251 2727 1349 2820 quod
1366 2729 1484 2802 omnis
1501 2729 1612 2802 homo

446 2845 535 2920 vivit
559 2845 595 2917 in
621 2844 689 2919 islo
715 2846 853 2919 mundo
871 2845 1072 2919 secundum
1094 2846 1286 2920 salsitatem
1304 2848 1392 2921 artis
1410 2867 1506 2941 suae,
1525 2868 1610 2921 nam

445 2967 476 3040 si
502 2966 612 3040 eredo
636 2966 721 3039 velit
741 2966 836 3040 bene
853 2971 888 3040 et
906 2965 1069 3060 legaiiter
1091 2966 1249 3040 vendere
1268 2966 1515 3041 calceamenta
1532 2986 1611 3060 sua,

446 3085 597 3160 dicendo
623 3085 721 3179 quod
746 3085 888 3159 corium
920 3090 974 3158 est
1003 3083 1121 3159 debile
1152 3084 1209 3159 vel
1243 3083 1467 3178 marcidum5
1499 3090 1535 3158 et
1566 3084 1615 3158 ita

446 3205 660 3300 drapparius
685 3226 847 3300 pannum
873 3225 994 3299 suum,
1013 3205 1109 3278 vivet
1123 3193 1160 3295 (⁴)
1179 3205 1215 3277 in
1231 3204 1384 3299 penuria
1411 3212 1448 3278 et
1475 3206 1615 3279 morie-

447 3332 508 3399 tur
534 3324 649 3400 lame:
677 3325 771 3401 idem
790 3325 949 3421 intellige
966 3324 1011 3398 de
1029 3323 1200 3397 omnibus
1217 3323 1356 3397 artibus
1374 3322 1511 3396 mundi.
1530 3323 1614 3398 ldeo

446 3445 541 3520 bene
571 3444 712 3518 dicebat
744 3443 892 3537 quidam
925 3443 971 3517 ad
1003 3442 1259 3517 verificandam
1286 3443 1391 3516 istam
1418 3444 1614 3538 regulam:

448 3564 511 3659 qui
543 3563 625 3639 lacit
657 3584 806 3638 usuram
840 3564 937 3639 vadit
965 3563 1012 3637 ad
1041 3563 1236 3657 internum,
1262 3572 1299 3638 et
1333 3561 1500 3655 quinon
1532 3563 1615 3638 laeit

448 3684 568 3780 vergit
592 3684 638 3758 ad
664 3684 833 3779 inopiam.
861 3686 989 3780 llagna
1015 3705 1106 3779 ergo
1132 3691 1186 3757 est
1209 3682 1321 3756 bestia
1340 3683 1407 3759 ista
1425 3689 1460 3757 et
1483 3704 1613 3779 magna

450 3811 553 3900 terga
580 3805 702 3898 hahet,
720 3805 879 3900 intellige
903 3803 949 3879 de
975 3803 1224 3901 magnitudine
1244 3803 1431 3877 intensiva.
1450 3804 1494 3876 Et
1510 3803 1613 3877 dicit:

448 3947 466 3996 e
489 3927 521 3996 ss
545 3926 627 3996 velli
651 3926 727 3996 dire
748 3927 800 4017 [α’
813 3927 873 3996 ete
898 3931 933 3996 lu
950 3928 995 3996 m’
1009 3925 1189 4014 admaece,
1211 3923 1296 4017 quia
1317 3922 1437 3997 adhuc
1458 3943 1532 3996 nou
1551 3922 1615 3996 de-

448 4051 621 4138 posuerat
647 4043 838 4136 timorem;
869 4044 950 4118 ideo
981 4044 1088 4118 dicit:
1124 4065 1183 4116 ma
1212 4047 1249 4115 la
1279 4064 1359 4116 voce
1390 4064 1462 4116 ooo
1495 4064 1614 4134 venne,

448 4165 539 4237 sieut
565 4183 660 4257 saepe
690 4163 819 4239 accidit
844 4163 941 4257 quod
974 4185 1018 4237 er
1051 4164 1162 4237 nimio
1193 4165 1325 4237 timore
1358 4164 1469 4238 homo
1498 4163 1615 4257 perdit

447 4281 643 4376 loquelam,
669 4281 751 4355 ideo
782 4282 902 4355 statim
937 4281 1123 4378 subiungit
1154 4280 1431 4356 subventionem
1467 4281 1615 4378 Virgilii,

447 4401 592 4476 dicens:
619 4423 678 4473 ma
702 4423 778 4474 esso
803 4405 862 4474 otte
886 4405 934 4474 mi
957 4423 1107 4475 sollenne
1131 4405 1181 4475 ud
1205 4404 1297 4474 altro
1320 4406 1430 4496 forse,
1454 4400 1544 4474 idest
1569 4399 1615 4473 ad

447 4522 545 4595 aliud
562 4521 727 4614 dubium,
745 4522 838 4595 sicut
857 4542 879 4595 a
900 4522 1006 4594 simili
1025 4521 1171 4615 quando
1196 4520 1357 4595 aseendit
1382 4528 1613 4613 centaurum,

449 4641 534 4735 quia
569 4646 656 4714 tune
686 4640 855 4735 Virgilius
887 4640 1017 4714 eodem
1055 4640 1165 4715 modo
1198 4639 1359 4714 aseendit
1397 4639 1542 4713 clunem
1578 4645 1616 4713 et

511 4814 537 4874 (¹)
555 4812 665 4863 lloell.
681 4811 742 4862 illle
896 4811 924 4874 (¹)
941 4816 994 4870 llo,
1011 4813 1132 4862 aseendit
1278 4810 1306 4875 (⁸)
1323 4810 1353 4862 lt.
1370 4814 1396 4863 et
1412 4823 1505 4862 eorum
1521 4810 1613 4863 studia.

510 4889 538 4951 (¹)
553 4888 585 4939 R.
601 4888 699 4939 vireret
713 4889 740 4938 ln
756 4888 871 4952 marla,
888 4892 914 4938 ot
930 4888 1073 4938 moriretur
1087 4886 1164 4939 lame
