3990 6540
784 769 1039 823 rurnouucrro.
1454 755 1496 824 13

327 915 534 987 divinarum
552 913 742 1005 virtutum,
761 919 797 986 et
814 933 975 1005 morum,
993 920 1030 987 et
1052 913 1218 987 omnium
1244 913 1322 988 lere
1346 920 1497 988 actuum

328 1037 575 1107 bumanorum
602 1038 639 1105 et
662 1030 848 1126 agibilium
863 1024 900 1122 (¹)
918 1032 1055 1105 mundi.
1077 1031 1182 1119 Quod
1198 1039 1324 1108 autem
1349 1033 1497 1126 quidam

328 1154 453 1227 dicunt
476 1150 660 1248 llligherii,
685 1150 911 1223 subtrahitur
936 1153 962 1222 d
985 1173 1031 1225 ex
1057 1173 1151 1245 usu;
1178 1160 1214 1228 et
1238 1152 1337 1246 quod
1362 1152 1422 1226 alii
1445 1153 1499 1226 di-

330 1279 416 1345 cunt
442 1270 633 1366 Alaglrerii‚
659 1276 901 1363 corrumpunt
926 1271 1075 1344 omnino
1101 1273 1333 1346 vocabulum.

405 1393 513 1464 Poeta
533 1409 665 1464 nomen
683 1396 738 1462 est
755 1389 1002 1483 professionis:
1021 1391 1168 1464 nomine
1187 1393 1365 1484 siquidem
1384 1362 1512 1487 poeta?

331 1514 423 1584 sicut
447 1511 589 1583 nullum
615 1509 745 1601 rarius,
771 1509 820 1582 ita
846 1510 987 1582 nullum
1013 1508 1157 1602 clarius
1178 1511 1319 1583 nullum
1347 1532 1500 1586 venera-

331 1630 448 1722 bilius,
466 1630 608 1703 nullum
632 1628 842 1701 durabilius.
862 1629 952 1701 Nam
967 1619 1004 1718 θ)
1031 1648 1116 1702 cum
1135 1636 1353 1702 caeterarum
1372 1652 1498 1703 rerum

331 1749 448 1821 studia
474 1748 677 1821 habeantur
702 1755 782 1820 arte
807 1754 844 1820 et
867 1748 1047 1839 doctrinm
1075 1755 1180 1841 poeta
1200 1739 1237 1838 (³)
1268 1757 1400 1823 natura
1425 1750 1500 1844 ipsa

332 1868 437 1959 valet,
469 1874 506 1940 ot
539 1866 643 1959 quasi
675 1865 796 1939 divino
828 1867 988 1959 quodam
1023 1867 1150 1960 spiritu
1183 1867 1340 1961 indatur,
1372 1876 1414 1941 ut
1451 1871 1501 1943 ait

332 1986 468 2058 Tullius
494 1986 529 2058 in
553 1986 725 2059 Oratione
747 2005 813 2078 pro
830 1973 986 2076 Luciod)
1006 1985 1136 2059 Archia
1154 1994 1260 2080 poeta
1277 1996 1501 2083 praeceptore

332 2126 410 2178 suo.
441 2105 558 2199 Hujus
583 2104 635 2179 rei
660 2104 832 2177 indicium
847 2096 884 2194 (a)
916 2110 952 2178 et
980 2112 1241 2199 argumentum
1268 2106 1335 2180 luit
1367 2108 1405 2181 in
1434 2109 1501 2181 isto

333 2224 461 2320 insigni
487 2230 605 2318 poeta,
631 2223 729 2315 quod
755 2230 874 2295 mater
895 2223 974 2317 ejus
991 2224 1143 2318 gravida
1162 2246 1207 2299 ex
1226 2246 1283 2318 eo,
1301 2247 1373 2299 non
1393 2227 1501 2322 longe

332 2366 353 2415 a
380 2349 486 2439 partu
513 2342 599 2416 vidit
624 2362 689 2436 per
713 2340 896 2415 somnium
931 2342 1047 2434 qualis
1079 2343 1234 2416 debebat
1258 2365 1338 2418 esse
1363 2345 1502 2419 tructus

333 2463 468 2536 ventris
501 2462 570 2555 sui,
605 2461 687 2536 licet
718 2467 805 2533 tunc
838 2459 903 2532 sibi
933 2467 970 2534 et
1000 2460 1077 2534 aliis
1112 2462 1265 2558 ignotus.
1305 2465 1503 2539 Videbatur

335 2603 495 2677 namque
519 2581 628 2656 nobili
653 2579 809 2653 domina
835 2600 914 2655 csse
938 2580 1007 2654 sub
1031 2581 1105 2654 alta
1123 2581 1228 2656 lauro
1252 2584 1289 2657 in
1315 2592 1420 2679 prato
1450 2587 1502 2659 vi-

334 2705 427 2779 renti
453 2702 548 2796 apud
574 2699 814 2776 clarissimum
840 2700 990 2794 iontem,
1013 2706 1050 2776 et
1074 2701 1133 2776 bic
1157 2702 1348 2777 videbatur
1373 2726 1503 2799 parere

334 2823 461 2914 lilium,
486 2821 550 2914 qui
574 2820 787 2894 brevissimo
813 2826 979 2914 tempore
999 2820 1158 2894 nutritus
1178 2822 1296 2895 solum
1319 2823 1436 2897 baccis
1456 2845 1502 2898 ex

335 2943 439 3015 lauro
457 2941 679 3031 cadentibus,
700 2946 736 3012 et
762 2939 859 3012 unda
884 2939 991 3013 lucidi
1006 2929 1043 3030 d)
1069 2940 1187 3033 fontis,
1209 2941 1399 3016 videbatur
1425 2942 1504 3017 lieri

336 3068 469 3154 pastor,
497 3065 533 3132 et
559 3059 814 3153 ingeniabatur
827 3047 864 3147 (⁷)
884 3078 952 3131 suo
970 3078 1075 3151 posse
1095 3060 1232 3134 babere
1252 3061 1298 3135 de
1317 3061 1503 3135 frondibus

335 3180 487 3272 arboriS,
517 3179 622 3273 cujus
654 3177 777 3251 fructu
809 3176 930 3250 luerat
960 3178 1153 3271 enutritus
1187 3186 1223 3252 et
1257 3180 1295 3253 in
1330 3181 1406 3273 ipso
1443 3201 1505 3254 co-

336 3301 481 3374 namine
506 3298 697 3372 videbatur
721 3296 865 3389 cadere,
883 3303 919 3369 et
939 3317 985 3371 ex
1012 3297 1088 3390 ipso
1113 3304 1288 3393 surgente
1313 3299 1503 3374 videbatur

334 3422 423 3495 oriri
440 3440 544 3514 pavo.
564 3419 617 3491 Ex
641 3437 716 3510 qua
733 3437 775 3490 re
794 3421 891 3489 tanta
916 3415 1107 3490 admiratio
1133 3424 1217 3492 nata
1225 3408 1260 3509 (⁸)
1280 3425 1334 3492 est
1359 3418 1424 3514 ipsi
1440 3421 1505 3494 do-

337 3543 455 3632 minae,
474 3537 572 3633 quod
588 3536 772 3611 somnium
785 3527 820 3626 (⁹)
845 3536 951 3629 rupit.
974 3536 1090 3632 llujus
1112 3539 1242 3612 somnii
1257 3539 1505 3634 interpretatio

336 3663 413 3734 haec
438 3679 518 3733 esse
543 3657 696 3731 videtur.
723 3657 866 3729 Laurus
883 3655 1059 3750 significat
1076 3658 1189 3752 ipsam
1207 3659 1392 3733 scientiam
1419 3682 1505 3753 poe·

337 3780 444 3852 ticam
477 3776 633 3850 infusam
665 3797 688 3849 a
716 3775 808 3849 ooelo
846 3774 911 3869 ipsi
948 3777 1079 3850 autori.
1115 3779 1266 3852 Pratum
1297 3779 1417 3853 virens
1451 3788 1505 3854 est

337 3899 411 3992 ipsa
437 3896 617 3971 Florentia
648 3895 795 3987 florens,
825 3895 862 3968 in
892 3915 966 3988 qua
998 3902 1105 3969 natus
1134 3906 1199 3971 est.
1230 3898 1322 3972 Fons
1351 3899 1505 3973 clarissi-

337 4039 419 4090 mus
438 4007 490 4106 (¹⁰)
519 4015 765 4108 eloquentiam
791 4014 1114 4089 luculentissimam
1141 4017 1231 4112 ejus.
1256 4018 1360 4104 Quod
1385 4019 1505 4092 subito

337 4139 453 4212 lactus
478 4143 532 4211 est
557 4142 692 4229 pastor,
718 4134 852 4229 figurat
878 4136 1128 4210 excellentiam
1154 4137 1286 4233 ingenii
1311 4146 1348 4213 et
1372 4140 1507 4213 doctri-

1325 4312 1495 4324 ---—-....

401 4418 430 4477 (¹)
449 4419 479 4466 ll.
495 4424 522 4468 et
538 4420 717 4481 aquisibilium.

401 4493 428 4553 ι’)
446 4495 475 4543 Ε.
488 4494 552 4543 Nam
569 4501 722 4544 coetcrarum
740 4508 828 4545 rerum
844 4495 927 4545 studia
944 4494 1080 4544 habentur.

401 4568 429 4625 ι’)
448 4569 477 4616 E.
495 4570 602 4630 poetica,
619 4576 711 4619 natura
728 4569 789 4631 ipsa.

403 4646 431 4703 ι’)
447 4645 473 4695 S.
490 4645 596 4694 Licinio.
939 4646 968 4705 (⁸)
987 4645 1017 4695 Ε.
1034 4646 1165 4696 iudicium.

403 4722 430 4780 p]
448 4722 478 4771 E.
495 4720 580 4771 lucida
597 4721 682 4773 tonus.
798 4713 801 4719 '
943 4722 971 4781 ι’)
988 4722 1014 4771 S.
1032 4728 1086 4773 toto
1103 4737 1150 4773 sno
1167 4736 1248 4786 posse.

403 4797 432 4857 ι’)
449 4798 475 4847 S.
492 4797 558 4847 lacta
575 4804 622 4848 est.
940 4799 968 4859 ι’)
987 4800 1017 4849 Ε.
1033 4814 1152 4850 somnum
1171 4802 1247 4864 rupit.

395 4876 434 4935 (¹⁰)
450 4876 475 4925 S.
493 4875 615 4939 siguificat
631 4875 813 4940 eloquentium.
824 4903 855 4914 —
865 4877 895 4926 E.
912 4884 950 4927 cst
966 4876 1121 4941 eloquentia.
