<?xml version="1.0" encoding="UTF-8"?>
<!DOCTYPE html PUBLIC "-//W3C//DTD XHTML 1.0 Transitional//EN"
    "http://www.w3.org/TR/xhtml1/DTD/xhtml1-transitional.dtd">
<html xmlns="http://www.w3.org/1999/xhtml" xml:lang="en" lang="en">
 <head>
  <title>
</title>
<meta http-equiv="Content-Type" content="text/html;charset=utf-8" />
  <meta name='ocr-system' content='tesseract 3.04.00' />
  <meta name='ocr-capabilities' content='ocr_page ocr_carea ocr_par ocr_line ocrx_word'/>
</head>
<body>
  <div class='ocr_page' id='page_1' title='image "./comentumsuperda00benvgoog_0238.png"; bbox 0 0 4154 6546; ppageno 0'>
   <div class='ocr_carea' id='block_1_1' title="bbox 482 805 1258 873">
    <p class='ocr_par' dir='ltr' id='par_1_1' title="bbox 482 805 1258 873">
     <span class='ocr_line' id='line_1_1' title="bbox 482 805 1258 873; baseline 0 -1"><span class='ocrx_word' id='word_1_1' title='bbox 482 805 552 872; x_wconf 81' lang='grc'>186</span> <span class='ocrx_word' id='word_1_2' title='bbox 879 816 1082 872; x_wconf 78' lang='lat' dir='ltr'>couunruu</span> <span class='ocrx_word' id='word_1_3' title='bbox 1107 818 1258 873; x_wconf 75' lang='lat' dir='ltr'>tunnam</span> 
     </span>
    </p>
   </div>
   <div class='ocr_carea' id='block_1_2' title="bbox 294 960 1724 4279">
    <p class='ocr_par' dir='ltr' id='par_1_2' title="bbox 294 960 1724 4279">
     <span class='ocr_line' id='line_1_2' title="bbox 478 960 1646 1054; baseline 0.005 -21"><span class='ocrx_word' id='word_1_4' title='bbox 478 962 605 1054; x_wconf 69' lang='lat' dir='ltr'>culpae,</span> <span class='ocrx_word' id='word_1_5' title='bbox 632 961 718 1052; x_wconf 83' lang='lat' dir='ltr'>quia</span> <span class='ocrx_word' id='word_1_6' title='bbox 744 967 798 1034; x_wconf 89' lang='lat' dir='ltr'>est</span> <span class='ocrx_word' id='word_1_7' title='bbox 824 961 1003 1054; x_wconf 91' lang='lat' dir='ltr'>naturale,</span> <span class='ocrx_word' id='word_1_8' title='bbox 1029 980 1200 1054; x_wconf 88' lang='lat' dir='ltr'>comune,</span> <span class='ocrx_word' id='word_1_9' title='bbox 1221 968 1259 1037; x_wconf 88' lang='lat' dir='ltr'>ot</span> <span class='ocrx_word' id='word_1_10' title='bbox 1282 960 1554 1054; x_wconf 90' lang='lat' dir='ltr'>quodammodo</span> <span class='ocrx_word' id='word_1_11' title='bbox 1579 984 1646 1039; x_wconf 90' lang='lat' dir='ltr'>ne-</span> 
     </span>
     <span class='ocr_line' id='line_1_3' title="bbox 478 1069 1646 1178; baseline 0.004 -25"><span class='ocrx_word' id='word_1_12' title='bbox 478 1069 692 1153; x_wconf 85' lang='lat' dir='ltr'>cessarium.</span> <span class='ocrx_word' id='word_1_13' title='bbox 714 1120 763 1133; x_wconf 93' lang='lat'><em>-</em></span> <span class='ocrx_word' id='word_1_14' title='bbox 780 1084 900 1155; x_wconf 78' lang='lat' dir='ltr'>Stoeni</span> <span class='ocrx_word' id='word_1_15' title='bbox 925 1084 1048 1153; x_wconf 80' lang='lat' dir='ltr'>Minos.</span> <span class='ocrx_word' id='word_1_16' title='bbox 1070 1081 1136 1155; x_wconf 87' lang='lat' dir='ltr'>llic</span> <span class='ocrx_word' id='word_1_17' title='bbox 1159 1088 1269 1155; x_wconf 89' lang='lat' dir='ltr'>autor</span> <span class='ocrx_word' id='word_1_18' title='bbox 1294 1082 1464 1156; x_wconf 82' lang='lat' dir='ltr'>describit</span> <span class='ocrx_word' id='word_1_19' title='bbox 1483 1084 1646 1178; x_wconf 83' lang='lat' dir='ltr'>judicem</span> 
     </span>
     <span class='ocr_line' id='line_1_4' title="bbox 477 1199 1650 1299; baseline 0.004 -26"><span class='ocrx_word' id='word_1_20' title='bbox 477 1199 690 1293; x_wconf 77' lang='lat' dir='ltr'>generalem</span> <span class='ocrx_word' id='word_1_21' title='bbox 715 1200 861 1292; x_wconf 77' lang='lat' dir='ltr'>Inferni,</span> <span class='ocrx_word' id='word_1_22' title='bbox 887 1206 924 1274; x_wconf 90' lang='lat' dir='ltr'>et</span> <span class='ocrx_word' id='word_1_23' title='bbox 948 1200 1029 1274; x_wconf 89' lang='lat' dir='ltr'>eius</span> <span class='ocrx_word' id='word_1_24' title='bbox 1053 1201 1228 1275; x_wconf 84' lang='lat' dir='ltr'>officium.</span> <span class='ocrx_word' id='word_1_25' title='bbox 1256 1200 1311 1275; x_wconf 76' lang='lat' dir='ltr'>Ad</span> <span class='ocrx_word' id='word_1_26' title='bbox 1337 1201 1524 1276; x_wconf 85' lang='lat' dir='ltr'>sciendum</span> <span class='ocrx_word' id='word_1_27' title='bbox 1558 1223 1650 1299; x_wconf 82' lang='lat' dir='ltr'>ergo</span> 
     </span>
     <span class='ocr_line' id='line_1_5' title="bbox 478 1313 1651 1414; baseline 0.008 -25"><span class='ocrx_word' id='word_1_28' title='bbox 478 1319 561 1409; x_wconf 86' lang='lat' dir='ltr'>quis</span> <span class='ocrx_word' id='word_1_29' title='bbox 589 1318 634 1390; x_wconf 91' lang='lat' dir='ltr'>sit</span> <span class='ocrx_word' id='word_1_30' title='bbox 663 1319 732 1392; x_wconf 88' lang='lat' dir='ltr'>istc</span> <span class='ocrx_word' id='word_1_31' title='bbox 756 1319 881 1412; x_wconf 87' lang='lat' dir='ltr'>Minos,</span> <span class='ocrx_word' id='word_1_32' title='bbox 902 1324 961 1397; x_wconf 78' lang='lat' dir='ltr'>,est</span> <span class='ocrx_word' id='word_1_33' title='bbox 985 1321 1265 1414; x_wconf 86' lang='lat' dir='ltr'>praenotandum</span> <span class='ocrx_word' id='word_1_34' title='bbox 1285 1313 1321 1411; x_wconf 85' lang='lat'>(¹)</span> <span class='ocrx_word' id='word_1_35' title='bbox 1349 1321 1448 1414; x_wconf 84' lang='lat' dir='ltr'>quod</span> <span class='ocrx_word' id='word_1_36' title='bbox 1479 1320 1509 1395; x_wconf 88' lang='lat' dir='ltr'>si</span> <span class='ocrx_word' id='word_1_37' title='bbox 1540 1324 1651 1398; x_wconf 91' lang='lat' dir='ltr'>bomo</span> 
     </span>
     <span class='ocr_line' id='line_1_6' title="bbox 479 1427 1648 1536; baseline 0.006 -27"><span class='ocrx_word' id='word_1_38' title='bbox 479 1437 611 1511; x_wconf 87' lang='lat' dir='ltr'>debeat</span> <span class='ocrx_word' id='word_1_39' title='bbox 630 1427 665 1527; x_wconf 56' lang='grc' dir='ltr'>β)</span> <span class='ocrx_word' id='word_1_40' title='bbox 695 1444 796 1512; x_wconf 88' lang='lat' dir='ltr'>recte</span> <span class='ocrx_word' id='word_1_41' title='bbox 826 1438 1076 1532; x_wconf 85' lang='lat' dir='ltr'>condemnari,</span> <span class='ocrx_word' id='word_1_42' title='bbox 1102 1445 1156 1513; x_wconf 85' lang='lat' dir='ltr'>est</span> <span class='ocrx_word' id='word_1_43' title='bbox 1180 1440 1479 1514; x_wconf 87' lang='lat' dir='ltr'>condemnandus</span> <span class='ocrx_word' id='word_1_44' title='bbox 1503 1462 1526 1514; x_wconf 93' lang='lat' dir='ltr'>a</span> <span class='ocrx_word' id='word_1_45' title='bbox 1546 1442 1648 1536; x_wconf 82' lang='lat' dir='ltr'>justo</span> 
     </span>
     <span class='ocr_line' id='line_1_7' title="bbox 474 1555 1647 1653; baseline 0.003 -25"><span class='ocrx_word' id='word_1_46' title='bbox 474 1555 621 1650; x_wconf 81' lang='lat' dir='ltr'>judice3</span> <span class='ocrx_word' id='word_1_47' title='bbox 648 1556 729 1632; x_wconf 90' lang='lat' dir='ltr'>ideo</span> <span class='ocrx_word' id='word_1_48' title='bbox 754 1563 865 1632; x_wconf 89' lang='lat' dir='ltr'>autor</span> <span class='ocrx_word' id='word_1_49' title='bbox 889 1559 947 1633; x_wconf 89' lang='lat' dir='ltr'>bic</span> <span class='ocrx_word' id='word_1_50' title='bbox 972 1559 1009 1631; x_wconf 91' lang='lat' dir='ltr'>in</span> <span class='ocrx_word' id='word_1_51' title='bbox 1039 1559 1213 1653; x_wconf 82' lang='lat' dir='ltr'>principio</span> <span class='ocrx_word' id='word_1_52' title='bbox 1243 1579 1423 1652; x_wconf 88' lang='lat' dir='ltr'>penarum</span> <span class='ocrx_word' id='word_1_53' title='bbox 1451 1561 1647 1634; x_wconf 81' lang='lat' dir='ltr'>introducit</span> 
     </span>
     <span class='ocr_line' id='line_1_8' title="bbox 473 1675 1648 1774; baseline 0.005 -28"><span class='ocrx_word' id='word_1_54' title='bbox 473 1677 574 1768; x_wconf 89' lang='lat' dir='ltr'>juste</span> <span class='ocrx_word' id='word_1_55' title='bbox 593 1675 757 1769; x_wconf 89' lang='lat' dir='ltr'>judicem</span> <span class='ocrx_word' id='word_1_56' title='bbox 783 1676 964 1770; x_wconf 78' lang='lat' dir='ltr'>Minoem5</span> <span class='ocrx_word' id='word_1_57' title='bbox 990 1677 1057 1751; x_wconf 86' lang='lat' dir='ltr'>luit</span> <span class='ocrx_word' id='word_1_58' title='bbox 1081 1679 1180 1752; x_wconf 90' lang='lat' dir='ltr'>enim</span> <span class='ocrx_word' id='word_1_59' title='bbox 1205 1679 1319 1752; x_wconf 85' lang='lat' dir='ltr'>Minos</span> <span class='ocrx_word' id='word_1_60' title='bbox 1337 1698 1402 1753; x_wconf 88' lang='lat' dir='ltr'>rex</span> <span class='ocrx_word' id='word_1_61' title='bbox 1423 1679 1648 1774; x_wconf 86' lang='lat' dir='ltr'>justissimus</span> 
     </span>
     <span class='ocr_line' id='line_1_9' title="bbox 478 1795 1649 1894; baseline 0.005 -27"><span class='ocrx_word' id='word_1_62' title='bbox 478 1795 728 1869; x_wconf 80' lang='lat' dir='ltr'>famosissimae</span> <span class='ocrx_word' id='word_1_63' title='bbox 752 1797 881 1869; x_wconf 80' lang='lat' dir='ltr'>insulae</span> <span class='ocrx_word' id='word_1_64' title='bbox 905 1796 1023 1871; x_wconf 75' lang='lat' dir='ltr'>Creta</span> <span class='ocrx_word' id='word_1_65' title='bbox 1053 1798 1089 1869; x_wconf 89' lang='lat' dir='ltr'>in</span> <span class='ocrx_word' id='word_1_66' title='bbox 1120 1797 1272 1890; x_wconf 75' lang='lat' dir='ltr'>Gracia,</span> <span class='ocrx_word' id='word_1_67' title='bbox 1301 1798 1348 1872; x_wconf 91' lang='lat' dir='ltr'>de</span> <span class='ocrx_word' id='word_1_68' title='bbox 1377 1820 1453 1892; x_wconf 85' lang='lat' dir='ltr'>quo</span> <span class='ocrx_word' id='word_1_69' title='bbox 1479 1806 1515 1874; x_wconf 91' lang='lat' dir='ltr'>et</span> <span class='ocrx_word' id='word_1_70' title='bbox 1541 1801 1649 1894; x_wconf 82' lang='lat' dir='ltr'>cujus</span> 
     </span>
     <span class='ocr_line' id='line_1_10' title="bbox 477 1904 1649 2009; baseline 0.004 -22"><span class='ocrx_word' id='word_1_71' title='bbox 477 1913 600 2007; x_wconf 90' lang='lat' dir='ltr'>politia</span> <span class='ocrx_word' id='word_1_72' title='bbox 619 1904 655 2003; x_wconf 83' lang='lat'>(³)</span> <span class='ocrx_word' id='word_1_73' title='bbox 683 1913 845 2006; x_wconf 85' lang='lat' dir='ltr'>loquitur</span> <span class='ocrx_word' id='word_1_74' title='bbox 869 1914 1078 1990; x_wconf 75' lang='lat' dir='ltr'>Aristoteles</span> <span class='ocrx_word' id='word_1_75' title='bbox 1110 1917 1230 2009; x_wconf 87' lang='lat' dir='ltr'>primo</span> <span class='ocrx_word' id='word_1_76' title='bbox 1260 1917 1507 1991; x_wconf 87' lang='lat' dir='ltr'>Politicorum.</span> <span class='ocrx_word' id='word_1_77' title='bbox 1535 1919 1649 1992; x_wconf 84' lang='lat' dir='ltr'>Minos</span> 
     </span>
     <span class='ocr_line' id='line_1_11' title="bbox 476 2033 1649 2132; baseline 0.002 -25"><span class='ocrx_word' id='word_1_78' title='bbox 476 2033 573 2107; x_wconf 89' lang='lat' dir='ltr'>enim</span> <span class='ocrx_word' id='word_1_79' title='bbox 591 2033 741 2127; x_wconf 89' lang='lat' dir='ltr'>primus</span> <span class='ocrx_word' id='word_1_80' title='bbox 766 2034 910 2108; x_wconf 84' lang='lat' dir='ltr'>tradidit</span> <span class='ocrx_word' id='word_1_81' title='bbox 935 2036 1035 2131; x_wconf 78' lang='lat' dir='ltr'>leges</span> <span class='ocrx_word' id='word_1_82' title='bbox 1059 2034 1303 2127; x_wconf 84' lang='lat' dir='ltr'>Cretensibus,</span> <span class='ocrx_word' id='word_1_83' title='bbox 1334 2056 1419 2128; x_wconf 76' lang='lat' dir='ltr'>quae</span> <span class='ocrx_word' id='word_1_84' title='bbox 1448 2037 1649 2132; x_wconf 80' lang='lat' dir='ltr'>viguerunt</span> 
     </span>
     <span class='ocr_line' id='line_1_12' title="bbox 475 2153 1648 2250; baseline 0.005 -26"><span class='ocrx_word' id='word_1_85' title='bbox 475 2153 523 2225; x_wconf 90' lang='lat' dir='ltr'>ibi</span> <span class='ocrx_word' id='word_1_86' title='bbox 549 2173 669 2245; x_wconf 87' lang='lat' dir='ltr'>usque</span> <span class='ocrx_word' id='word_1_87' title='bbox 693 2154 741 2228; x_wconf 93' lang='lat' dir='ltr'>ad</span> <span class='ocrx_word' id='word_1_88' title='bbox 767 2160 934 2248; x_wconf 92' lang='lat' dir='ltr'>tempora</span> <span class='ocrx_word' id='word_1_89' title='bbox 959 2155 1102 2247; x_wconf 84' lang='lat' dir='ltr'>Metelli,</span> <span class='ocrx_word' id='word_1_90' title='bbox 1123 2154 1185 2248; x_wconf 87' lang='lat' dir='ltr'>qui</span> <span class='ocrx_word' id='word_1_91' title='bbox 1202 2154 1349 2228; x_wconf 85' lang='lat' dir='ltr'>Cretam</span> <span class='ocrx_word' id='word_1_92' title='bbox 1367 2156 1462 2250; x_wconf 91' lang='lat' dir='ltr'>oepit</span> <span class='ocrx_word' id='word_1_93' title='bbox 1478 2161 1648 2249; x_wconf 87' lang='lat' dir='ltr'>tempore</span> 
     </span>
     <span class='ocr_line' id='line_1_13' title="bbox 475 2274 1647 2370; baseline 0.002 -24"><span class='ocrx_word' id='word_1_94' title='bbox 475 2274 648 2367; x_wconf 85' lang='lat' dir='ltr'>Pompeii,</span> <span class='ocrx_word' id='word_1_95' title='bbox 675 2282 712 2348; x_wconf 89' lang='lat' dir='ltr'>el</span> <span class='ocrx_word' id='word_1_96' title='bbox 738 2275 805 2348; x_wconf 88' lang='lat' dir='ltr'>illis</span> <span class='ocrx_word' id='word_1_97' title='bbox 830 2274 926 2349; x_wconf 89' lang='lat' dir='ltr'>dedit</span> <span class='ocrx_word' id='word_1_98' title='bbox 952 2276 1061 2370; x_wconf 31' lang='lat' dir='ltr'>leges*</span> <span class='ocrx_word' id='word_1_99' title='bbox 1076 2275 1338 2349; x_wconf 85' lang='lat' dir='ltr'>Romanorum.</span> <span class='ocrx_word' id='word_1_100' title='bbox 1357 2275 1411 2350; x_wconf 83' lang='lat' dir='ltr'>lle</span> <span class='ocrx_word' id='word_1_101' title='bbox 1435 2276 1501 2349; x_wconf 89' lang='lat' dir='ltr'>ista</span> <span class='ocrx_word' id='word_1_102' title='bbox 1528 2276 1647 2349; x_wconf 90' lang='lat' dir='ltr'>insula</span> 
     </span>
     <span class='ocr_line' id='line_1_14' title="bbox 474 2394 1643 2490; baseline 0.003 -25"><span class='ocrx_word' id='word_1_103' title='bbox 474 2394 616 2468; x_wconf 87' lang='lat' dir='ltr'>dicetur</span> <span class='ocrx_word' id='word_1_104' title='bbox 642 2395 736 2468; x_wconf 89' lang='lat' dir='ltr'>inlra</span> <span class='ocrx_word' id='word_1_105' title='bbox 761 2396 918 2488; x_wconf 88' lang='lat' dir='ltr'>capitulo</span> <span class='ocrx_word' id='word_1_106' title='bbox 935 2394 1012 2467; x_wconf 85' lang='lat' dir='ltr'>lllll</span> <span class='ocrx_word' id='word_1_107' title='bbox 1031 2395 1095 2468; x_wconf 88' lang='lat' dir='ltr'>ubi</span> <span class='ocrx_word' id='word_1_108' title='bbox 1112 2402 1221 2468; x_wconf 90' lang='lat' dir='ltr'>autor</span> <span class='ocrx_word' id='word_1_109' title='bbox 1244 2394 1414 2468; x_wconf 84' lang='lat' dir='ltr'>describit</span> <span class='ocrx_word' id='word_1_110' title='bbox 1431 2396 1558 2490; x_wconf 81' lang='lat' dir='ltr'>ipsam,</span> <span class='ocrx_word' id='word_1_111' title='bbox 1580 2396 1643 2468; x_wconf 91' lang='lat' dir='ltr'>ubi</span> 
     </span>
     <span class='ocr_line' id='line_1_15' title="bbox 476 2512 1648 2607; baseline 0.002 -23"><span class='ocrx_word' id='word_1_112' title='bbox 476 2513 583 2584; x_wconf 86' lang='lat' dir='ltr'>dicit:</span> <span class='ocrx_word' id='word_1_113' title='bbox 612 2518 654 2584; x_wconf 88' lang='lat' dir='ltr'>ln</span> <span class='ocrx_word' id='word_1_114' title='bbox 679 2535 801 2585; x_wconf 82' lang='lat' dir='ltr'>mezzo</span> <span class='ocrx_word' id='word_1_115' title='bbox 826 2535 907 2585; x_wconf 84' lang='lat' dir='ltr'>mar</span> <span class='ocrx_word' id='word_1_116' title='bbox 931 2516 1011 2585; x_wconf 81' lang='lat' dir='ltr'>sede</span> <span class='ocrx_word' id='word_1_117' title='bbox 1035 2534 1081 2585; x_wconf 82' lang='lat' dir='ltr'>un</span> <span class='ocrx_word' id='word_1_118' title='bbox 1101 2534 1207 2605; x_wconf 81' lang='lat' dir='ltr'>paese</span> <span class='ocrx_word' id='word_1_119' title='bbox 1221 2521 1354 2604; x_wconf 78' lang='lat' dir='ltr'>puosto.</span> <span class='ocrx_word' id='word_1_120' title='bbox 1377 2512 1483 2589; x_wconf 81' lang='lat' dir='ltr'>Modo</span> <span class='ocrx_word' id='word_1_121' title='bbox 1498 2515 1544 2588; x_wconf 90' lang='lat' dir='ltr'>ad</span> <span class='ocrx_word' id='word_1_122' title='bbox 1561 2534 1648 2607; x_wconf 90' lang='lat' dir='ltr'>pro-</span> 
     </span>
     <span class='ocr_line' id='line_1_16' title="bbox 343 2631 1647 2727; baseline 0.003 -26"><span class='ocrx_word' id='word_1_123' title='bbox 343 2641 351 2657; x_wconf 91' lang='grc'><em>·</em></span> <span class='ocrx_word' id='word_1_124' title='bbox 478 2631 658 2724; x_wconf 85' lang='lat' dir='ltr'>positum:</span> <span class='ocrx_word' id='word_1_125' title='bbox 686 2633 799 2705; x_wconf 88' lang='lat' dir='ltr'>Minos</span> <span class='ocrx_word' id='word_1_126' title='bbox 825 2633 1013 2705; x_wconf 83' lang='lat' dir='ltr'>moraliter</span> <span class='ocrx_word' id='word_1_127' title='bbox 1037 2633 1178 2724; x_wconf 87' lang='lat' dir='ltr'>capitur</span> <span class='ocrx_word' id='word_1_128' title='bbox 1210 2653 1277 2726; x_wconf 95' lang='lat' dir='ltr'>pro</span> <span class='ocrx_word' id='word_1_129' title='bbox 1306 2634 1647 2727; x_wconf 65' lang='lat' dir='ltr'>conscientiaque</span> 
     </span>
     <span class='ocr_line' id='line_1_17' title="bbox 477 2739 1646 2844; baseline 0.001 -20"><span class='ocrx_word' id='word_1_130' title='bbox 477 2756 531 2824; x_wconf 91' lang='lat' dir='ltr'>est</span> <span class='ocrx_word' id='word_1_131' title='bbox 550 2749 665 2843; x_wconf 82' lang='lat' dir='ltr'>judex</span> <span class='ocrx_word' id='word_1_132' title='bbox 687 2752 867 2844; x_wconf 84' lang='lat' dir='ltr'>cujusque</span> <span class='ocrx_word' id='word_1_133' title='bbox 881 2739 931 2841; x_wconf 75' lang='lat'>(⁴),</span> <span class='ocrx_word' id='word_1_134' title='bbox 958 2751 1056 2842; x_wconf 89' lang='lat' dir='ltr'>quia,</span> <span class='ocrx_word' id='word_1_135' title='bbox 1083 2771 1123 2824; x_wconf 93' lang='lat' dir='ltr'>se</span> <span class='ocrx_word' id='word_1_136' title='bbox 1147 2757 1251 2844; x_wconf 78' lang='lat' dir='ltr'>teste,</span> <span class='ocrx_word' id='word_1_137' title='bbox 1268 2773 1369 2825; x_wconf 71' lang='lat' dir='ltr'>aeno</span> <span class='ocrx_word' id='word_1_138' title='bbox 1385 2774 1511 2826; x_wconf 73' lang='lat' dir='ltr'>noceas</span> <span class='ocrx_word' id='word_1_139' title='bbox 1528 2755 1646 2825; x_wconf 78' lang='lat' dir='ltr'>obsol-</span> 
     </span>
     <span class='ocr_line' id='line_1_18' title="bbox 476 2861 1647 2964; baseline 0.004 -22"><span class='ocrx_word' id='word_1_140' title='bbox 476 2873 567 2942; x_wconf 80' lang='lat' dir='ltr'>ot&#39;tur</span> <span class='ocrx_word' id='word_1_141' title='bbox 591 2890 672 2940; x_wconf 80' lang='lat' dir='ltr'>reus</span> <span class='ocrx_word' id='word_1_142' title='bbox 691 2861 740 2960; x_wconf 80' lang='lat'><strong>(⁵).</strong></span> <span class='ocrx_word' id='word_1_143' title='bbox 766 2869 869 2942; x_wconf 85' lang='lat' dir='ltr'>Unde</span> <span class='ocrx_word' id='word_1_144' title='bbox 892 2868 1056 2941; x_wconf 87' lang='lat' dir='ltr'>Ovidius:</span> <span class='ocrx_word' id='word_1_145' title='bbox 1082 2875 1193 2942; x_wconf 77' lang='lat' dir='ltr'>Pena</span> <span class='ocrx_word' id='word_1_146' title='bbox 1214 2879 1327 2962; x_wconf 78' lang='lat' dir='ltr'>potest</span> <span class='ocrx_word' id='word_1_147' title='bbox 1348 2874 1452 2962; x_wconf 67' lang='lat' dir='ltr'>dena,</span> <span class='ocrx_word' id='word_1_148' title='bbox 1468 2875 1570 2964; x_wconf 72' lang='lat' dir='ltr'>adpo</span> <span class='ocrx_word' id='word_1_149' title='bbox 1582 2894 1647 2964; x_wconf 87' lang='lat' dir='ltr'>pc-</span> 
     </span>
     <span class='ocr_line' id='line_1_19' title="bbox 475 2988 1723 3085; baseline 0.002 -25"><span class='ocrx_word' id='word_1_150' title='bbox 475 2991 594 3060; x_wconf 84' lang='lat' dir='ltr'>renm&#39;s</span> <span class='ocrx_word' id='word_1_151' title='bbox 618 2991 693 3060; x_wconf 64' lang='lat' dir='ltr'>crit.</span> <span class='ocrx_word' id='word_1_152' title='bbox 720 2989 817 3083; x_wconf 84' lang='lat' dir='ltr'>Ergo</span> <span class='ocrx_word' id='word_1_153' title='bbox 848 2988 967 3061; x_wconf 91' lang='lat' dir='ltr'>omnis</span> <span class='ocrx_word' id='word_1_154' title='bbox 997 3007 1151 3082; x_wconf 85' lang='lat' dir='ltr'>peccans</span> <span class='ocrx_word' id='word_1_155' title='bbox 1181 2996 1301 3084; x_wconf 90' lang='lat' dir='ltr'>portat</span> <span class='ocrx_word' id='word_1_156' title='bbox 1331 3010 1458 3065; x_wconf 89' lang='lat' dir='ltr'>secum</span> <span class='ocrx_word' id='word_1_157' title='bbox 1483 2991 1645 3085; x_wconf 84' lang='lat' dir='ltr'>judicem</span> <span class='ocrx_word' id='word_1_158' title='bbox 1721 3052 1723 3056; x_wconf 65' lang='grc'><strong>,</strong></span> 
     </span>
     <span class='ocr_line' id='line_1_20' title="bbox 475 3108 1645 3201; baseline 0.002 -19"><span class='ocrx_word' id='word_1_159' title='bbox 475 3130 598 3182; x_wconf 88' lang='lat' dir='ltr'>suum.</span> <span class='ocrx_word' id='word_1_160' title='bbox 626 3109 728 3182; x_wconf 91' lang='lat' dir='ltr'>Unde</span> <span class='ocrx_word' id='word_1_161' title='bbox 752 3108 923 3182; x_wconf 88' lang='lat' dir='ltr'>Boetius:</span> <span class='ocrx_word' id='word_1_162' title='bbox 942 3116 1049 3180; x_wconf 75' lang='lat' dir='ltr'>cetra</span> <span class='ocrx_word' id='word_1_163' title='bbox 1065 3115 1095 3181; x_wconf 84' lang='lat' dir='ltr'>te</span> <span class='ocrx_word' id='word_1_164' title='bbox 1111 3130 1155 3182; x_wconf 86' lang='lat' dir='ltr'>ne</span> <span class='ocrx_word' id='word_1_165' title='bbox 1172 3113 1350 3201; x_wconf 65' lang='lat' dir='ltr'>paenam</span> <span class='ocrx_word' id='word_1_166' title='bbox 1365 3115 1522 3184; x_wconf 78' lang='lat' dir='ltr'>ultorem.</span> <span class='ocrx_word' id='word_1_167' title='bbox 1541 3111 1645 3184; x_wconf 86' lang='lat' dir='ltr'>Nunc</span> 
     </span>
     <span class='ocr_line' id='line_1_21' title="bbox 474 3220 1647 3322; baseline 0.001 -19"><span class='ocrx_word' id='word_1_168' title='bbox 474 3229 520 3303; x_wconf 94' lang='lat' dir='ltr'>ad</span> <span class='ocrx_word' id='word_1_169' title='bbox 546 3229 691 3303; x_wconf 89' lang='lat' dir='ltr'>literam</span> <span class='ocrx_word' id='word_1_170' title='bbox 717 3227 802 3302; x_wconf 82' lang='lat' dir='ltr'>dicit</span> <span class='ocrx_word' id='word_1_171' title='bbox 826 3234 951 3300; x_wconf 91' lang='lat' dir='ltr'>autor:</span> <span class='ocrx_word' id='word_1_172' title='bbox 978 3232 1098 3301; x_wconf 83' lang='lat' dir='ltr'>Staooi</span> <span class='ocrx_word' id='word_1_173' title='bbox 1121 3233 1237 3302; x_wconf 65' lang='lat' dir='ltr'>Meros</span> <span class='ocrx_word' id='word_1_174' title='bbox 1252 3220 1301 3320; x_wconf 56' lang='grc' dir='ltr'>(θ),</span> <span class='ocrx_word' id='word_1_175' title='bbox 1327 3230 1428 3322; x_wconf 81' lang='lat' dir='ltr'>idest,</span> <span class='ocrx_word' id='word_1_176' title='bbox 1446 3231 1560 3304; x_wconf 88' lang='lat' dir='ltr'>llinos</span> <span class='ocrx_word' id='word_1_177' title='bbox 1576 3239 1647 3304; x_wconf 88' lang='lat' dir='ltr'>stat</span> 
     </span>
     <span class='ocr_line' id='line_1_22' title="bbox 398 3349 1646 3465; baseline 0.001 -45"><span class='ocrx_word' id='word_1_178' title='bbox 398 3401 448 3465; x_wconf 54' lang='lat' dir='ltr'>m(</span> <span class='ocrx_word' id='word_1_179' title='bbox 477 3350 512 3421; x_wconf 90' lang='lat' dir='ltr'>in</span> <span class='ocrx_word' id='word_1_180' title='bbox 550 3349 670 3443; x_wconf 87' lang='lat' dir='ltr'>primo</span> <span class='ocrx_word' id='word_1_181' title='bbox 708 3349 870 3440; x_wconf 89' lang='lat' dir='ltr'>introitu,</span> <span class='ocrx_word' id='word_1_182' title='bbox 901 3369 920 3420; x_wconf 88' lang='lat' dir='ltr'>e</span> <span class='ocrx_word' id='word_1_183' title='bbox 948 3350 1186 3422; x_wconf 65' lang='lat' dir='ltr'>ondelmmu</span> <span class='ocrx_word' id='word_1_184' title='bbox 1214 3351 1369 3440; x_wconf 68' lang='lat' dir='ltr'>rtrrpbto,</span> <span class='ocrx_word' id='word_1_185' title='bbox 1402 3350 1505 3443; x_wconf 89' lang='lat' dir='ltr'>idest,</span> <span class='ocrx_word' id='word_1_186' title='bbox 1540 3350 1646 3444; x_wconf 85' lang='lat' dir='ltr'>latrat</span> 
     </span>
     <span class='ocr_line' id='line_1_23' title="bbox 294 3454 1646 3562; baseline 0.006 -28"><span class='ocrx_word' id='word_1_187' title='bbox 294 3499 296 3503; x_wconf 95' lang='lat'>·</span> <span class='ocrx_word' id='word_1_188' title='bbox 328 3466 332 3479; x_wconf 81' lang='grc'>·’</span> <span class='ocrx_word' id='word_1_189' title='bbox 417 3454 442 3534; x_wconf 73' lang='lat'>{²</span> <span class='ocrx_word' id='word_1_190' title='bbox 478 3468 603 3562; x_wconf 76' lang='lat' dir='ltr'>rigide,</span> <span class='ocrx_word' id='word_1_191' title='bbox 630 3467 729 3559; x_wconf 88' lang='lat' dir='ltr'>quod</span> <span class='ocrx_word' id='word_1_192' title='bbox 746 3468 893 3561; x_wconf 87' lang='lat' dir='ltr'>proprie</span> <span class='ocrx_word' id='word_1_193' title='bbox 910 3474 1048 3560; x_wconf 90' lang='lat' dir='ltr'>spectat</span> <span class='ocrx_word' id='word_1_194' title='bbox 1064 3466 1110 3541; x_wconf 91' lang='lat' dir='ltr'>ad</span> <span class='ocrx_word' id='word_1_195' title='bbox 1128 3487 1249 3560; x_wconf 88' lang='lat' dir='ltr'>canes,</span> <span class='ocrx_word' id='word_1_196' title='bbox 1270 3473 1306 3541; x_wconf 92' lang='lat' dir='ltr'>et</span> <span class='ocrx_word' id='word_1_197' title='bbox 1322 3469 1418 3543; x_wconf 89' lang='lat' dir='ltr'>bene</span> <span class='ocrx_word' id='word_1_198' title='bbox 1434 3469 1646 3542; x_wconf 91' lang='lat' dir='ltr'>attribuitur</span> 
     </span>
     <span class='ocr_line' id='line_1_24' title="bbox 470 3572 1647 3679; baseline -0.001 -18"><span class='ocrx_word' id='word_1_199' title='bbox 470 3572 716 3679; x_wconf 61' lang='lat' dir='ltr'>&#39;conscientiae</span> <span class='ocrx_word' id='word_1_200' title='bbox 742 3586 830 3678; x_wconf 88' lang='lat' dir='ltr'>quia</span> <span class='ocrx_word' id='word_1_201' title='bbox 854 3585 1073 3660; x_wconf 86' lang='lat' dir='ltr'>conscientia</span> <span class='ocrx_word' id='word_1_202' title='bbox 1099 3606 1166 3659; x_wconf 85' lang='lat' dir='ltr'>nos</span> <span class='ocrx_word' id='word_1_203' title='bbox 1191 3586 1335 3661; x_wconf 90' lang='lat' dir='ltr'>mordet</span> <span class='ocrx_word' id='word_1_204' title='bbox 1364 3595 1400 3661; x_wconf 88' lang='lat' dir='ltr'>et</span> <span class='ocrx_word' id='word_1_205' title='bbox 1426 3589 1563 3661; x_wconf 87' lang='lat' dir='ltr'>lacerat</span> <span class='ocrx_word' id='word_1_206' title='bbox 1582 3580 1647 3677; x_wconf 82' lang='lat'>(⁷);</span> 
     </span>
     <span class='ocr_line' id='line_1_25' title="bbox 479 3708 1648 3801; baseline -0.003 -19"><span class='ocrx_word' id='word_1_207' title='bbox 479 3708 576 3782; x_wconf 88' lang='lat' dir='ltr'>unde</span> <span class='ocrx_word' id='word_1_208' title='bbox 589 3708 781 3801; x_wconf 91' lang='lat' dir='ltr'>propbeta:</span> <span class='ocrx_word' id='word_1_209' title='bbox 799 3709 926 3778; x_wconf 66' lang='lat' dir='ltr'>ommis</span> <span class='ocrx_word' id='word_1_210' title='bbox 944 3726 1066 3778; x_wconf 83' lang='lat' dir='ltr'>eorum</span> <span class='ocrx_word' id='word_1_211' title='bbox 1082 3726 1155 3777; x_wconf 86' lang='lat' dir='ltr'>non</span> <span class='ocrx_word' id='word_1_212' title='bbox 1167 3708 1345 3778; x_wconf 64' lang='lat' dir='ltr'>monetur.</span> <span class='ocrx_word' id='word_1_213' title='bbox 1358 3746 1408 3759; x_wconf 93' lang='lat'><em>—</em></span> <span class='ocrx_word' id='word_1_214' title='bbox 1420 3711 1600 3779; x_wconf 63' lang='lat' dir='ltr'>mendac</span> <span class='ocrx_word' id='word_1_215' title='bbox 1616 3711 1648 3779; x_wconf 84' lang='lat' dir='ltr'>le</span> 
     </span>
     <span class='ocr_line' id='line_1_26' title="bbox 479 3824 1646 3920; baseline 0 -19"><span class='ocrx_word' id='word_1_216' title='bbox 479 3832 575 3920; x_wconf 85' lang='lat' dir='ltr'>colpe</span> <span class='ocrx_word' id='word_1_217' title='bbox 599 3849 643 3899; x_wconf 84' lang='lat' dir='ltr'>ne</span> <span class='ocrx_word' id='word_1_218' title='bbox 667 3829 845 3898; x_wconf 67' lang='lat' dir='ltr'>rinnau.</span> <span class='ocrx_word' id='word_1_219' title='bbox 864 3825 958 3897; x_wconf 87' lang='lat' dir='ltr'>Ecce</span> <span class='ocrx_word' id='word_1_220' title='bbox 974 3830 1099 3897; x_wconf 87' lang='lat' dir='ltr'>actum</span> <span class='ocrx_word' id='word_1_221' title='bbox 1112 3824 1201 3918; x_wconf 84' lang='lat' dir='ltr'>justi</span> <span class='ocrx_word' id='word_1_222' title='bbox 1217 3824 1362 3918; x_wconf 89' lang='lat' dir='ltr'>judicis,</span> <span class='ocrx_word' id='word_1_223' title='bbox 1379 3825 1443 3918; x_wconf 87' lang='lat' dir='ltr'>qui</span> <span class='ocrx_word' id='word_1_224' title='bbox 1459 3825 1646 3901; x_wconf 84' lang='lat' dir='ltr'>examinat</span> 
     </span>
     <span class='ocr_line' id='line_1_27' title="bbox 478 3943 1643 4043; baseline -0.006 -20"><span class='ocrx_word' id='word_1_225' title='bbox 478 3949 669 4043; x_wconf 80' lang='lat' dir='ltr'>diligenter</span> <span class='ocrx_word' id='word_1_226' title='bbox 693 3946 829 4037; x_wconf 91' lang='lat' dir='ltr'>culpas,</span> <span class='ocrx_word' id='word_1_227' title='bbox 857 3956 899 4019; x_wconf 91' lang='lat' dir='ltr'>ut</span> <span class='ocrx_word' id='word_1_228' title='bbox 923 3964 991 4037; x_wconf 90' lang='lat' dir='ltr'>pro</span> <span class='ocrx_word' id='word_1_229' title='bbox 1014 3943 1191 4036; x_wconf 84' lang='lat' dir='ltr'>qualitate</span> <span class='ocrx_word' id='word_1_230' title='bbox 1215 3945 1333 4037; x_wconf 85' lang='lat' dir='ltr'>oulpae</span> <span class='ocrx_word' id='word_1_231' title='bbox 1353 3943 1415 4017; x_wconf 90' lang='lat' dir='ltr'>det</span> <span class='ocrx_word' id='word_1_232' title='bbox 1430 3943 1643 4036; x_wconf 84' lang='lat' dir='ltr'>qualitatem</span> 
     </span>
     <span class='ocr_line' id='line_1_28' title="bbox 479 4063 1724 4161; baseline 0 -23"><span class='ocrx_word' id='word_1_233' title='bbox 479 4086 608 4161; x_wconf 86' lang='lat' dir='ltr'>poenae.</span> <span class='ocrx_word' id='word_1_234' title='bbox 634 4065 771 4140; x_wconf 85' lang='lat' dir='ltr'>Deinde</span> <span class='ocrx_word' id='word_1_235' title='bbox 795 4067 934 4155; x_wconf 71' lang='lat' dir='ltr'>etudine</span> <span class='ocrx_word' id='word_1_236' title='bbox 959 4086 977 4136; x_wconf 88' lang='lat' dir='ltr'>e</span> <span class='ocrx_word' id='word_1_237' title='bbox 1002 4066 1148 4153; x_wconf 84' lang='lat' dir='ltr'>manda,</span> <span class='ocrx_word' id='word_1_238' title='bbox 1168 4064 1258 4138; x_wconf 83' lang='lat' dir='ltr'>idest</span> <span class='ocrx_word' id='word_1_239' title='bbox 1275 4063 1494 4137; x_wconf 83' lang='lat' dir='ltr'>condemnat</span> <span class='ocrx_word' id='word_1_240' title='bbox 1518 4071 1555 4138; x_wconf 89' lang='lat' dir='ltr'>et</span> <span class='ocrx_word' id='word_1_241' title='bbox 1579 4064 1645 4138; x_wconf 88' lang='lat' dir='ltr'>de-</span> <span class='ocrx_word' id='word_1_242' title='bbox 1721 4064 1724 4068; x_wconf 83' lang='grc'><strong>’</strong></span> 
     </span>
     <span class='ocr_line' id='line_1_29' title="bbox 478 4182 1646 4279; baseline 0 -20"><span class='ocrx_word' id='word_1_243' title='bbox 478 4187 585 4259; x_wconf 90' lang='lat' dir='ltr'>stinat</span> <span class='ocrx_word' id='word_1_244' title='bbox 609 4186 771 4260; x_wconf 86' lang='lat' dir='ltr'>animam</span> <span class='ocrx_word' id='word_1_245' title='bbox 796 4185 842 4259; x_wconf 91' lang='lat' dir='ltr'>ad</span> <span class='ocrx_word' id='word_1_246' title='bbox 868 4205 1026 4279; x_wconf 83' lang='lat' dir='ltr'>poenam,</span> <span class='ocrx_word' id='word_1_247' title='bbox 1043 4186 1188 4256; x_wconf 65' lang='lat' dir='ltr'>scando</span> <span class='ocrx_word' id='word_1_248' title='bbox 1212 4186 1448 4274; x_wconf 67' lang='lat' dir='ltr'>cl’oodaplu&#39;o,</span> <span class='ocrx_word' id='word_1_249' title='bbox 1465 4182 1568 4277; x_wconf 78' lang='lat' dir='ltr'>idest,</span> <span class='ocrx_word' id='word_1_250' title='bbox 1586 4204 1646 4259; x_wconf 87' lang='lat' dir='ltr'>se·</span> 
     </span>
    </p>
   </div>
   <div class='ocr_carea' id='block_1_3' title="bbox 477 4367 1645 4664">
    <p class='ocr_par' dir='ltr' id='par_1_3' title="bbox 537 4367 1381 4431">
     <span class='ocr_line' id='line_1_30' title="bbox 537 4367 1381 4431; baseline -0.005 -10"><span class='ocrx_word' id='word_1_251' title='bbox 537 4370 564 4431; x_wconf 83' lang='lat'>(¹)</span> <span class='ocrx_word' id='word_1_252' title='bbox 582 4374 634 4429; x_wconf 80' lang='lat' dir='ltr'>lte,</span> <span class='ocrx_word' id='word_1_253' title='bbox 652 4371 803 4421; x_wconf 76' lang='lat' dir='ltr'>notandum.</span> <span class='ocrx_word' id='word_1_254' title='bbox 1213 4368 1239 4429; x_wconf 81' lang='lat'>(¹)</span> <span class='ocrx_word' id='word_1_255' title='bbox 1256 4367 1281 4418; x_wconf 86' lang='lat' dir='ltr'>S.</span> <span class='ocrx_word' id='word_1_256' title='bbox 1297 4368 1381 4418; x_wconf 84' lang='lat' dir='ltr'>debet.</span> 
     </span>
    </p>

    <p class='ocr_par' dir='ltr' id='par_1_4' title="bbox 537 4445 1524 4511">
     <span class='ocr_line' id='line_1_31' title="bbox 537 4445 1524 4511; baseline -0.005 -13"><span class='ocrx_word' id='word_1_257' title='bbox 537 4447 563 4508; x_wconf 71' lang='lat'>(⁸5</span> <span class='ocrx_word' id='word_1_258' title='bbox 580 4448 609 4498; x_wconf 73' lang='lat' dir='ltr'>lt</span> <span class='ocrx_word' id='word_1_259' title='bbox 626 4447 738 4511; x_wconf 67' lang='lat' dir='ltr'>polluce</span> <span class='ocrx_word' id='word_1_260' title='bbox 1215 4445 1241 4506; x_wconf 78' lang='lat'>(⁸)</span> <span class='ocrx_word' id='word_1_261' title='bbox 1259 4450 1313 4505; x_wconf 81' lang='grc'><strong>111,</strong></span> <span class='ocrx_word' id='word_1_262' title='bbox 1330 4445 1524 4509; x_wconf 79' lang='lat' dir='ltr'>cujuscumque</span> 
     </span>
    </p>

    <p class='ocr_par' dir='ltr' id='par_1_5' title="bbox 477 4518 1645 4664">
     <span class='ocr_line' id='line_1_32' title="bbox 538 4518 1645 4587; baseline -0.004 -15"><span class='ocrx_word' id='word_1_263' title='bbox 538 4524 564 4582; x_wconf 85' lang='lat'>(¹)</span> <span class='ocrx_word' id='word_1_264' title='bbox 581 4522 677 4573; x_wconf 73' lang='lat' dir='ltr'>Alcnni</span> <span class='ocrx_word' id='word_1_265' title='bbox 694 4523 781 4574; x_wconf 68' lang='lat' dir='ltr'>codici</span> <span class='ocrx_word' id='word_1_266' title='bbox 798 4525 884 4575; x_wconf 78' lang='lat' dir='ltr'>banno</span> <span class='ocrx_word' id='word_1_267' title='bbox 902 4525 996 4574; x_wconf 75' lang='lat' dir='ltr'>Seneca</span> <span class='ocrx_word' id='word_1_268' title='bbox 1012 4529 1070 4574; x_wconf 77' lang='lat' dir='ltr'>urta</span> <span class='ocrx_word' id='word_1_269' title='bbox 1086 4524 1112 4572; x_wconf 87' lang='lat' dir='ltr'>in</span> <span class='ocrx_word' id='word_1_270' title='bbox 1128 4522 1242 4587; x_wconf 70' lang='lat' dir='ltr'>luopodl</span> <span class='ocrx_word' id='word_1_271' title='bbox 1253 4523 1285 4572; x_wconf 74' lang='lat' dir='ltr'>S«</span> <span class='ocrx_word' id='word_1_272' title='bbox 1295 4528 1362 4579; x_wconf 74' lang='lat' dir='ltr'>teste,</span> <span class='ocrx_word' id='word_1_273' title='bbox 1373 4534 1416 4571; x_wconf 76' lang='lat' dir='ltr'>mn</span> <span class='ocrx_word' id='word_1_274' title='bbox 1429 4521 1512 4583; x_wconf 76' lang='lat' dir='ltr'>pmni</span> <span class='ocrx_word' id='word_1_275' title='bbox 1521 4524 1611 4584; x_wconf 75' lang='lat' dir='ltr'>questa</span> <span class='ocrx_word' id='word_1_276' title='bbox 1621 4518 1645 4568; x_wconf 76' lang='lat' dir='ltr'>la</span> 
     </span>
     <span class='ocr_line' id='line_1_33' title="bbox 477 4594 1645 4664; baseline -0.003 -18"><span class='ocrx_word' id='word_1_277' title='bbox 477 4612 536 4650; x_wconf 77' lang='lat' dir='ltr'>rora</span> <span class='ocrx_word' id='word_1_278' title='bbox 553 4599 661 4657; x_wconf 75' lang='lat' dir='ltr'>lenione,</span> <span class='ocrx_word' id='word_1_279' title='bbox 678 4614 730 4651; x_wconf 91' lang='lat' dir='ltr'>non</span> <span class='ocrx_word' id='word_1_280' title='bbox 741 4601 888 4652; x_wconf 74' lang='lat' dir='ltr'>trorendosi</span> <span class='ocrx_word' id='word_1_281' title='bbox 898 4606 991 4664; x_wconf 74' lang='lat' dir='ltr'>questo</span> <span class='ocrx_word' id='word_1_282' title='bbox 1002 4613 1076 4663; x_wconf 71' lang='grc' dir='ltr'>ρωο</span> <span class='ocrx_word' id='word_1_283' title='bbox 1085 4600 1110 4649; x_wconf 88' lang='lat' dir='ltr'>iu</span> <span class='ocrx_word' id='word_1_284' title='bbox 1120 4599 1226 4659; x_wconf 71' lang='lat' dir='ltr'>Seneca,</span> <span class='ocrx_word' id='word_1_285' title='bbox 1234 4612 1277 4649; x_wconf 80' lang='lat' dir='ltr'>ma</span> <span class='ocrx_word' id='word_1_286' title='bbox 1288 4600 1314 4649; x_wconf 90' lang='lat' dir='ltr'>ln</span> <span class='ocrx_word' id='word_1_287' title='bbox 1323 4597 1470 4656; x_wconf 69' lang='lat' dir='ltr'>Cdorenule,</span> <span class='ocrx_word' id='word_1_288' title='bbox 1479 4595 1532 4647; x_wconf 79' lang='lat' dir='ltr'>su.</span> <span class='ocrx_word' id='word_1_289' title='bbox 1542 4594 1613 4653; x_wconf 78' lang='lat' dir='ltr'>ml,</span> <span class='ocrx_word' id='word_1_290' title='bbox 1621 4599 1645 4653; x_wconf 77' lang='lat'>³,</span> 
     </span>
    </p>
   </div>
   <div class='ocr_carea' id='block_1_4' title="bbox 477 4675 1296 4802">
    <p class='ocr_par' dir='ltr' id='par_1_6' title="bbox 477 4675 1296 4802">
     <span class='ocr_line' id='line_1_34' title="bbox 477 4675 1296 4802; baseline -0.004 -13"><span class='ocrx_word' id='word_1_291' title='bbox 477 4675 581 4724; x_wconf 45' lang='lat' dir='ltr'>edm·</span> <span class='ocrx_word' id='word_1_292' title='bbox 880 4738 1296 4802; x_wconf 67' lang='lat' dir='ltr'>primoeslboecultioquodsa</span> 
     </span>
    </p>
   </div>
   <div class='ocr_carea' id='block_1_5' title="bbox 541 4812 1411 4987">
    <p class='ocr_par' dir='ltr' id='par_1_7' title="bbox 541 4812 1411 4987">
     <span class='ocr_line' id='line_1_35' title="bbox 790 4812 1237 4871; baseline 0.002 -9"><span class='ocrx_word' id='word_1_293' title='bbox 790 4814 881 4871; x_wconf 78' lang='lat' dir='ltr'>ludica,</span> <span class='ocrx_word' id='word_1_294' title='bbox 898 4827 971 4862; x_wconf 64' lang='lat' dir='ltr'>nano</span> <span class='ocrx_word' id='word_1_295' title='bbox 986 4826 1076 4861; x_wconf 79' lang='lat' dir='ltr'>nocem</span> <span class='ocrx_word' id='word_1_296' title='bbox 1091 4812 1237 4863; x_wconf 64' lang='lat' dir='ltr'>molter.</span> 
     </span>
     <span class='ocr_line' id='line_1_36' title="bbox 541 4923 1411 4987; baseline -0.005 -12"><span class='ocrx_word' id='word_1_297' title='bbox 541 4924 616 4987; x_wconf 65' lang='lat'>(⁸113.</span> <span class='ocrx_word' id='word_1_298' title='bbox 633 4924 728 4980; x_wconf 69' lang='lat' dir='ltr'>m,</span> <span class='ocrx_word' id='word_1_299' title='bbox 744 4923 778 4973; x_wconf 81' lang='lat' dir='ltr'>lbi</span> <span class='ocrx_word' id='word_1_300' title='bbox 793 4924 820 4973; x_wconf 74' lang='lat' dir='ltr'>h</span> <span class='ocrx_word' id='word_1_301' title='bbox 837 4924 921 4986; x_wconf 86' lang='lat' dir='ltr'>primo</span> <span class='ocrx_word' id='word_1_302' title='bbox 936 4923 1053 4973; x_wconf 82' lang='lat' dir='ltr'>introitu.</span> <span class='ocrx_word' id='word_1_303' title='bbox 1209 4923 1236 4985; x_wconf 78' lang='lat'>(²)</span> <span class='ocrx_word' id='word_1_304' title='bbox 1255 4927 1308 4981; x_wconf 79' lang='lat' dir='ltr'>tte,</span> <span class='ocrx_word' id='word_1_305' title='bbox 1326 4924 1411 4974; x_wconf 73' lang='lat' dir='ltr'>latret.</span> 
     </span>
    </p>
   </div>
   <div class='ocr_carea' id='block_1_6' title="bbox 0 0 2082 6546">
    <p class='ocr_par' dir='ltr' id='par_1_8' title="bbox 0 0 2082 6546">
     <span class='ocr_line' id='line_1_37' title="bbox 0 0 2082 6546; baseline 0 0"><span class='ocrx_word' id='word_1_306' title='bbox 0 0 2082 6546; x_wconf 95' lang='lat' dir='ltr'> </span> 
     </span>
    </p>
   </div>
  </div>
 </body>
</html>
