4154 6546
463 806 534 874 204
857 812 1061 869 COMENTUM
1084 812 1234 866 namur

462 967 641 1038 venenato
666 980 712 1034 ex
738 958 855 1055 gratia
882 958 988 1054 regis,
1011 959 1204 1054 amplexus
1220 957 1318 1031 illam
1336 957 1498 1032 strictam
1516 959 1554 1033 in
1570 959 1630 1034 ul·

462 1081 517 1155 nis
541 1080 628 1172 suis,
653 1079 690 1152 in
715 1077 981 1152 ferventissimo
1001 1077 1135 1153 ardore
1155 1077 1265 1151 simul
1286 1096 1412 1151 mum
1437 1077 1626 1173 expiravit

460 1202 504 1274 Et
525 1199 616 1294 ‘quia
640 1198 707 1272 ista
727 1196 889 1291 quotidie
909 1196 1010 1293 vulgi
1027 1216 1094 1271 ore
1112 1197 1359 1289 celebrantur,
1380 1195 1462 1270 ideo
1478 1196 1530 1270 sic
1544 1195 1632 1272 bre-

459 1321 554 1394 viter
579 1326 804 1414 pertranseo,
825 1317 936 1392 etiam
954 1317 1042 1410 quia
1058 1337 1126 1412 pro
1144 1317 1274 1411 majori
1294 1323 1398 1411 parte
1415 1323 1546 1412 reputo
1562 1315 1631 1392 ista

461 1438 589 1514 frivola
614 1444 651 1511 et
675 1457 780 1511 vana.
807 1435 877 1511 Sed
903 1436 1038 1511 idcirco
1063 1443 1173 1511 autor
1190 1434 1274 1511 iecit
1287 1426 1325 1527 (¹)
1343 1435 1568 1510 mentionem
1584 1433 1631 1509 de

461 1558 529 1632 isto
555 1556 733 1650 Tristano,
758 1555 844 1649 quia
870 1555 936 1630 iste
961 1555 1114 1631 effectus
1138 1555 1288 1650 amoris,
1312 1555 1389 1629 sive
1420 1555 1526 1629 lictus
1554 1553 1631 1629 sire

462 1677 590 1769 sactus,
616 1683 671 1750 est
695 1675 781 1749 satis
808 1675 1054 1749 memorabilis
1084 1676 1121 1749 in
1153 1676 1223 1750 ista
1253 1675 1419 1769 materia,
1452 1675 1565 1751 etiam
1588 1681 1632 1748 ut

444 1795 669 1912 l‘ostenderet
694 1815 734 1869 se
757 1795 894 1888 aliquid
919 1795 1063 1870 novisse
1091 1795 1137 1870 de
1166 1795 1347 1869 omnibus.
1381 1796 1425 1869 Et
1449 1793 1633 1870 concinnit

462 1924 583 2008 autor,
608 1934 656 1988 ne
680 1914 726 1988 de
750 1914 916 2009 pluribus
939 1914 1075 1989 dicam:
1105 1921 1142 1988 et
1171 1913 1230 1988 ille
1256 1913 1426 2010 Virgilius
1448 1922 1633 1988 inostrome

461 2037 705 2109 etmndnome
732 2055 757 2106 o
787 2037 859 2108 dito
884 2028 947 2126 piri
977 2036 1014 2107 dt
1043 2037 1136 2107 mille
1162 2033 1294 2123 amore,
1320 2032 1369 2107 ita
1399 2040 1543 2127 poterat
1575 2033 1632 2108 di-

461 2175 546 2230 cere
570 2156 765 2250 plusquam
791 2154 890 2227 mille
916 2152 1026 2247 milia,
1058 2155 1109 2226 ot'
1122 2173 1226 2228 amor
1258 2154 1297 2225 di
1329 2159 1454 2224 nostra
1479 2154 1550 2224 otto
1573 2154 1631 2226 di-

454 2277 609 2367 portille,
635 2274 722 2369 quia
746 2293 854 2348 amor
879 2272 947 2345 luit
971 2291 1083 2347 causa
1109 2271 1236 2345 mortis
1261 2272 1440 2345 omnium.

531 2398 657 2468 Posala
682 2396 781 2468 cll’io
806 2395 880 2467 eunt
903 2396 931 2466 tl
954 2395 1024 2466 mio
1048 2394 1170 2466 doctor
1193 2394 1299 2465 ndito.
1326 2391 1397 2466 lsta
1422 2398 1478 2467 est
1494 2399 1630 2486 quarta

459 2533 542 2606 pars
566 2513 760 2608 generalis,
788 2513 825 2586 in
851 2533 927 2607 qua
951 2522 1061 2587 autor
1079 2517 1211 2587 tractat
1225 2510 1272 2585 de
1286 2510 1431 2584 duobus
1447 2511 1631 2606 spiritibus

461 2632 657 2724 modernis,
684 2642 722 2708 et
745 2633 866 2727 primo
892 2631 1077 2727 praemittit
1101 2630 1369 2725 dispositionem
1400 2653 1519 2724 suam,
1543 2631 1631 2726 quia

462 2750 598 2826 scilicet
622 2752 775 2825 allectus
802 2743 837 2842 (²)
866 2751 933 2824 init
963 2751 1215 2845 compassione
1248 2751 1416 2844 istorum,
1445 2751 1532 2846 quia
1562 2752 1631 2826 iste

464 2873 623 2948 multum
650 2870 829 2946 laboravit
853 2870 920 2946 ista
946 2871 1113 2965 passione
1136 2871 1286 2966 amoris,
1311 2882 1353 2949 ut
1383 2872 1503 2946 statim
1529 2878 1632 2967 pate-

463 2991 525 3066 bit.
552 2991 645 3065 Dicit
669 3011 783 3087 ergo:
805 2981 901 3084 ptetd
925 2993 974 3064 nti
996 2992 1117 3081 muoso
1140 3012 1159 3063 e
1180 2994 1236 3085 sol
1259 2995 1362 3083 quest
1387 2995 1570 3085 morito,
1594 2998 1632 3067 et

464 3132 550 3188 ecce
575 3112 722 3206 quando
739 3103 777 3203 (³)
802 3119 841 3186 et
865 3131 995 3206 quare,
1018 3115 1142 3204 poscto
1166 3114 1265 3185 ct'to
1297 3113 1371 3186 cbbi
1394 3115 1490 3186 odito
1512 3116 1541 3186 tl
1562 3114 1632 3185 mio

463 3233 618 3323 doctore,
643 3231 780 3306 scilicet
804 3230 1007 3328 Virgilium,
1032 3251 1193 3323 maiore,
1218 3219 1317 3306 idest
1327 3232 1541 3307 nominatim
1565 3251 1632 3306 ex·

464 3353 609 3447 plicare,
635 3353 805 3426 todonae
828 3355 975 3443 nancte,
1008 3352 1143 3427 scilicet
1173 3351 1417 3444 semiramim,
1443 3351 1631 3442 Didonem,

463 3474 705 3567 Cleopatram,
726 3491 810 3565 quae
827 3471 1037 3545 babuerunt
1053 3477 1196 3547 tantum
1214 3469 1369 3564 virtutis,
1386 3490 1500 3563 qnam
1517 3458 1555 3562 (⁴)
1575 3480 1632 3546 ta·

466 3611 550 3666 men
578 3592 830 3667 mactaverunt
854 3590 937 3664 labe
962 3589 1125 3682 libidinis,
1142 3610 1161 3661 e
1180 3592 1194 3663 t
1211 3592 1393 3679 cavom,
1413 3589 1548 3664 scilicet
1563 3609 1632 3663 an·

465 3711 594 3805 tiquos,
622 3711 715 3785 sicut
739 3709 926 3803 Achillem,
952 3707 1133 3801 Paridem,
1159 3729 1252 3802 quos
1272 3708 1327 3782 vis
1346 3707 1482 3781 amoris
1499 3707 1547 3783 ita
1563 3724 1631 3801 po-

465 3837 583 3906 tenter
609 3828 702 3904 vicit.
729 3829 773 3904 Et
797 3827 889 3920 ideo,
907 3831 942 3900 io
959 3829 1153 3917 cuninam,
1170 3826 1305 3903 scilicet
1320 3837 1456 3922 petere,
1477 3832 1630 3918 opem,

464 3952 609 4042 scilicet,
634 3970 658 4023 o
683 3948 819 4044 virgili,
837 3951 865 4021 d
877 3951 1041 4041 porlorei
1058 3950 1239 4022 mentm
1254 3969 1279 4019 o
1295 3950 1373 4040 quel
1388 3950 1467 4037 doe,
1484 3963 1630 4020 mascu-

465 4074 541 4145 lum
562 4080 598 4145 et
618 4069 803 4161 feminam,
827 4071 1027 4141 olt'inoteme
1048 4088 1179 4159 mono,
1195 4068 1346 4144 strictim
1364 4066 1501 4160 sociati,
1525 4065 1630 4159 quasi

463 4193 582 4267 dicat:
602 4190 756 4265 libenter
772 4189 904 4264 scirem
921 4198 959 4264 et
977 4187 1223 4264 describerem
1240 4188 1287 4263 de
1306 4187 1488 4282 aliquibus
1505 4183 1631 4260 italicis

467 4309 660 4402 modernis,
687 4316 879 4403 postquam
906 4314 946 4381 tu
971 4306 1098 4383 dedisti
1124 4307 1211 4381 mibi
1236 4307 1480 4404 cognitionem
1496 4304 1543 4379 de
1564 4302 1632 4379 ali·

465 4432 598 4526 quibus
622 4429 780 4522 antiquis
804 4427 989 4505 extemis:
1013 4435 1053 4502 et
1076 4447 1143 4522 per
1168 4430 1237 4503 boc
1261 4427 1380 4505 innuit
1401 4425 1509 4502 tacite
1532 4423 1631 4520 quod

465 4550 634 4645 Virgilius
659 4559 696 4625 et
715 4549 773 4622 aiii
792 4555 909 4643 poete
933 4548 1073 4643 antiqui
1091 4547 1257 4624 lecerunt
1274 4547 1497 4625 mentionem
1513 4545 1560 4620 de
1576 4553 1632 4621 ta·

466 4669 557 4741 libus
581 4669 758 4760 antiquis;
775 4668 839 4742 sed
863 4669 940 4763 ipse
955 4669 1215 4744 convenienter
1234 4669 1313 4742 vult
1332 4678 1369 4745 et
1384 4666 1494 4743 debet
1509 4665 1630 4740 lucere

525 4855 553 4912 ι’)
571 4857 625 4904 ¹¹⁶·
643 4850 710 4901 ncn.
1131 4849 1159 4913 (η
1177 4857 1231 4912 rto,
1247 4853 1365 4903 ruscius.

525 4926 552 4992 t⁸l
568 4927 598 4978 Β
614 4926 746 4992 quomodo
760 4930 789 4976 et
803 4940 891 4990 quus.
1130 4927 1156 4990 ι’)
1175 4933 1228 4989 rm,
1245 4933 1370 4994 quantum
1386 4927 1590 4980 mosomum.
