4154 6546
573 763 620 832 22
972 774 1174 829 cousnruu
1200 776 1352 829 rursum

572 942 646 1016 que
672 922 826 995 istarum
852 919 1011 1014 partium
1037 919 1148 993 babet
1177 920 1302 1013 plures
1335 921 1532 1014 particulas
1562 922 1747 1017 speciales,

571 1062 664 1135 quas
698 1041 886 1136 explicabo
921 1038 1159 1113 discurrendo
1193 1059 1259 1132 per
1292 1039 1463 1135 singulas.
1502 1040 1555 1114 nd
1589 1042 1747 1136 primam

571 1182 661 1258 ergo
686 1167 829 1257 partem
855 1160 1068 1256 generalem
1093 1159 1185 1252 dico,
1203 1159 1301 1253 quod
1324 1166 1433 1233 autor
1452 1160 1623 1235 describit
1640 1183 1748 1236 suam

572 1281 773 1375 visionem3
800 1287 837 1354 et
861 1280 979 1374 primo
1006 1278 1120 1375 tangit
1145 1298 1220 1372 quo
1247 1284 1412 1374 tempore
1442 1281 1654 1376 apparuerit
1679 1283 1747 1356 sibi

571 1399 639 1473 ista
672 1400 774 1494 visio,
809 1398 943 1473 scilicet
977 1398 1013 1471 in
1044 1397 1164 1471 medio
1198 1417 1311 1471 cursu
1342 1400 1515 1474 bumanae
1546 1400 1640 1474 vitae.
1676 1402 1747 1476 Sed

573 1526 773 1613 antequam
804 1517 1022 1592 descendam
1056 1516 1102 1591 ad
1132 1516 1394 1610 expositionem
1429 1518 1569 1613 littera,
1603 1527 1748 1614 oportet

572 1645 778 1733 praenotare
791 1639 889 1733 quod
902 1644 1013 1712 autor
1026 1642 1150 1711 noster
1165 1630 1201 1728 (¹)
1217 1635 1320 1731 lingit
1332 1657 1372 1711 se
1385 1638 1557 1713 babuisse
1569 1641 1665 1715 banc
1677 1640 1747 1714 mi-

572 1759 724 1834 rabilem
751 1758 975 1833 salutileram
1002 1756 1178 1831 visionem
1204 1756 1241 1829 in
1265 1756 1384 1831 MCCC
1400 1778 1510 1852 anno,
1527 1759 1662 1834 scilieet
1681 1760 1748 1833 Ju-

571 1877 677 1972 bilaei,
704 1878 741 1951 in
767 1897 841 1972 quo
867 1881 948 1949 erat
972 1874 1153 1971 generalis
1186 1872 1409 1970 indulgentia
1435 1884 1683 1972 peccatorum,
1710 1886 1748 1954 et

571 1997 609 2070 in
634 1998 693 2071 die
717 1996 870 2071 Veneris
894 1993 1020 2087 sancti,
1038 1994 1075 2066 in
1102 2013 1176 2086 quo
1203 1993 1297 2068 iacta
1320 2000 1374 2068 est
1396 1995 1600 2090 redemptio
1616 2017 1748 2091 pecca-

571 2123 708 2211 torum,
734 2117 784 2192 ita
809 2115 907 2209 quod
932 2113 1064 2188 merito
1094 2120 1204 2187 autor
1233 2120 1376 2207 poterat
1409 2114 1503 2189 bene
1528 2135 1678 2210 sperare
1710 2116 1749 2190 in

571 2235 628 2308 sui
665 2235 944 2311 conversionem
978 2239 1015 2307 et
1052 2231 1173 2326 operis
1210 2232 1534 2326 prosperationem.
1572 2234 1750 2309 Describit

571 2362 698 2431 autem
724 2357 819 2430 banc
844 2376 949 2428 suam
977 2352 1154 2427 visionem
1172 2351 1338 2426 distincte
1354 2373 1421 2448 per
1439 2360 1617 2449 tempora,
1634 2376 1748 2449 quam

572 2480 697 2549 tamen
723 2480 836 2548 totam
863 2473 972 2546 simul
997 2472 1189 2565 babuerat,
1216 2471 1309 2557 sicut
1334 2473 1474 2567 Moyses
1490 2472 1660 2548 describit
1676 2474 1749 2548 Ge-

573 2593 703 2686 nesim,
717 2600 754 2667 et
771 2593 927 2666 loannes
943 2589 1206 2685 Apocalypsim.
1225 2590 1329 2677 Quod
1346 2612 1413 2685 pro
1426 2599 1527 2667 tanto
1540 2592 1672 2669 dixisse
1685 2614 1750 2668 ve-

573 2712 639 2786 lim
650 2702 687 2803 (²)
702 2717 744 2784 ut
760 2711 877 2784 multa
889 2715 1024 2804 puncta
1037 2709 1256 2803 elucescant,
1270 2730 1353 2803 quae
1366 2710 1579 2786 viderentur
1590 2712 1750 2787 obscura

574 2831 645 2905 boc
661 2831 840 2926 ignorato.
859 2828 976 2902 butor
992 2827 1089 2902 enim
1113 2828 1284 2902 describit
1308 2830 1425 2904 multa
1444 2830 1539 2906 lacta
1556 2837 1636 2926 post
1653 2831 1749 2907 istud

574 2956 732 3045 tempus,
749 2956 787 3024 et
811 2969 907 3043 saepe
932 2968 998 3042 per
1023 2948 1159 3021 multos
1183 2968 1309 3041 annos,
1328 2955 1364 3022 et
1380 2950 1432 3023 sic
1450 2950 1555 3044 quasi
1572 2952 1751 3045 propbeta

575 3070 720 3145 videtur
745 3069 945 3164 praedicare
959 3060 995 3160 (³)
1011 3068 1147 3161 lutura,
1165 3088 1250 3142 cum
1278 3075 1402 3145 tamen
1422 3071 1566 3145 noverit
1589 3071 1650 3145 illa
1669 3072 1749 3167 jam

574 3191 669 3266 lacta
695 3211 780 3265 cum
807 3189 958 3284 scripsit,
989 3188 1052 3262 sed
1086 3188 1188 3284 lingit
1219 3209 1259 3263 se
1293 3189 1354 3263 illa
1386 3191 1594 3285 previdisse
1627 3192 1665 3264 in
1688 3191 1750 3265 illa

572 3311 712 3387 visione
742 3309 876 3383 suain
909 3308 1081 3403 praedicto
1116 3308 1319 3402 millesimo,
1351 3331 1435 3403 quae
1467 3317 1592 3386 tamen
1623 3317 1750 3406 postea

572 3429 724 3505 diversis
748 3427 974 3522 temporibus
999 3427 1149 3521 scripsit.

645 3549 750 3622 Nunc
778 3567 869 3642 ergo
895 3545 941 3620 ad
967 3546 1230 3640 expositionem
1262 3546 1376 3619 literae
1400 3545 1487 3620 dicit
1519 3552 1652 3620 autor:
1685 3550 1752 3620 Ncl

574 3687 696 3740 ntczzo
729 3669 787 3739 dcl
817 3666 966 3738 cumcuin
1001 3667 1039 3737 di
1071 3671 1196 3736 nostra
1230 3666 1302 3737 vito
1327 3686 1373 3737 cc.
1407 3664 1478 3738 Sed
1509 3665 1608 3758 quod
1626 3653 1664 3756 (⁴)
1694 3671 1749 3739 est

575 3787 740 3861 medium
762 3786 830 3859 iter
848 3791 982 3858 nostre
1005 3782 1114 3856 vitet
1139 3783 1271 3858 Dicunt
1295 3783 1408 3877 aliqui
1432 3783 1532 3878 quod
1556 3783 1748 3858 dimidium

574 3913 708 3982 nostrae
740 3906 824 3979 vitm
854 3910 909 3979 est
938 3923 1103 3995 somnus,
1136 3903 1223 3996 quia
1255 3903 1492 3998 Philosophus
1517 3904 1602 3978 dicit
1626 3905 1748 3999 primo

574 4026 787 4101 Etbicorum
804 4023 904 4118 quod
920 4023 1006 4097 nibil
1023 4021 1196 4096 differunt
1213 4021 1333 4096 felices
1353 4042 1377 4096 a
1396 4022 1539 4097 miseris
1552 4015 1590 4115 (⁵)
1615 4043 1749 4098 secuu-

574 4145 664 4219 dum
690 4144 880 4217 dimidium
901 4143 998 4236 vita,
1019 4147 1056 4215 et
1074 4142 1229 4236 appellat
1246 4140 1435 4214 dimidium
1456 4142 1541 4217 vitre
1561 4162 1746 4217 somnum.

574 4262 727 4339 Videtur
762 4283 851 4358 ergo
865 4252 902 4354 (θ)
935 4268 1044 4335 autor
1076 4260 1170 4336 velle
1201 4261 1323 4336 dicere
1351 4281 1392 4336 se
1421 4260 1592 4337 babuisse
1622 4263 1694 4339 boc
1707 4252 1747 4356 (⁷)

575 4405 641 4479 per
675 4383 852 4459 visionem
886 4383 923 4456 in
953 4402 1095 4477 somno,
1128 4381 1193 4456 sed
1226 4383 1297 4456 boc
1330 4401 1404 4456 uon
1436 4381 1545 4476 valet,
1582 4381 1680 4477 quia,
1706 4387 1749 4456 ut

636 4655 667 4718 (¹)
683 4656 709 4706 S.
728 4661 804 4707 autor
819 4658 867 4706 ista
882 4657 964 4720 fingit.
1194 4654 1224 4717 (¹)
1240 4654 1268 4705 S.
1283 4654 1359 4717 Quod
1377 4654 1435 4705 ldeo
1451 4653 1504 4703 dlxi
1519 4657 1550 4703 nl
1564 4652 1656 4703 multa.

639 4731 666 4795 Γ)
683 4731 718 4791 S..
736 4732 766 4781 ll.
782 4744 797 4779 a
816 4737 869 4793 llo,
886 4733 1036 4795 predicere.
1195 4732 1224 4794 (⁸)
1241 4732 1272 4781 li.
1288 4730 1350 4795 quid
1367 4737 1405 4781 cst
1421 4730 1537 4781 medium
1552 4735 1649 4781 nostro
1664 4728 1731 4780 vite.

637 4806 665 4870 (¹)
681 4807 712 4857 E.
728 4807 827 4857 miseris
844 4813 961 4871 temporo
976 4808 1068 4870 sornnl,
1085 4808 1154 4873 quod
1171 4813 1210 4859 est
1226 4807 1361 4859 dimldlnrn
1377 4809 1444 4866 vite,
1460 4810 1488 4857 et
1504 4804 1625 4869 appellnt.

636 4881 666 4943 (¹)
683 4882 713 4932 E.
730 4896 833 4947 quoquo
849 4887 933 4934 sutor.
1199 4882 1229 4949 s')
1246 4882 1276 4933 E.
1292 4883 1360 4935 banc
1375 4882 1500 4951 visionem
1516 4881 1544 4931 ln
1558 4879 1667 4933 romulo.
