<?xml version="1.0" encoding="UTF-8"?>
<!DOCTYPE html PUBLIC "-//W3C//DTD XHTML 1.0 Transitional//EN"
    "http://www.w3.org/TR/xhtml1/DTD/xhtml1-transitional.dtd">
<html xmlns="http://www.w3.org/1999/xhtml" xml:lang="en" lang="en">
 <head>
  <title>
</title>
<meta http-equiv="Content-Type" content="text/html;charset=utf-8" />
  <meta name='ocr-system' content='tesseract 3.04.00' />
  <meta name='ocr-capabilities' content='ocr_page ocr_carea ocr_par ocr_line ocrx_word'/>
</head>
<body>
  <div class='ocr_page' id='page_1' title='image "./comentumsuperda00benvgoog_0511.png"; bbox 0 0 4154 6546; ppageno 0'>
   <div class='ocr_carea' id='block_1_1' title="bbox 446 793 1648 1065">
    <p class='ocr_par' dir='ltr' id='par_1_1' title="bbox 446 793 1648 1065">
     <span class='ocr_line' id='line_1_1' title="bbox 448 793 1223 861; baseline 0.001 -4"><span class='ocrx_word' id='word_1_1' title='bbox 448 793 520 861; x_wconf 71' lang='lat' dir='ltr'><strong>aba</strong></span> <span class='ocrx_word' id='word_1_2' title='bbox 840 803 1046 859; x_wconf 70' lang='lat' dir='ltr'><strong>counrurr</strong></span> <span class='ocrx_word' id='word_1_3' title='bbox 1070 805 1223 861; x_wconf 73' lang='lat' dir='ltr'><strong>mmm</strong></span> 
     </span>
     <span class='ocr_line' id='line_1_2' title="bbox 446 947 1648 1065; baseline 0 -43"><span class='ocrx_word' id='word_1_4' title='bbox 446 947 542 1025; x_wconf 85' lang='lat' dir='ltr'><strong>riam</strong></span> <span class='ocrx_word' id='word_1_5' title='bbox 573 948 639 1022; x_wconf 89' lang='lat' dir='ltr'><strong>sibi</strong></span> <span class='ocrx_word' id='word_1_6' title='bbox 669 947 803 1023; x_wconf 79' lang='lat' dir='ltr'><strong>iactam</strong></span> <span class='ocrx_word' id='word_1_7' title='bbox 838 947 878 1023; x_wconf 91' lang='lat' dir='ltr'><strong>in</strong></span> <span class='ocrx_word' id='word_1_8' title='bbox 900 948 1108 1025; x_wconf 79' lang='lat' dir='ltr'><strong>mutatione</strong></span> <span class='ocrx_word' id='word_1_9' title='bbox 1131 948 1210 1042; x_wconf 77' lang='lat' dir='ltr'><strong>ista,</strong></span> <span class='ocrx_word' id='word_1_10' title='bbox 1236 968 1384 1043; x_wconf 78' lang='lat' dir='ltr'><strong>senaper</strong></span> <span class='ocrx_word' id='word_1_11' title='bbox 1405 947 1514 1023; x_wconf 65' lang='lat' dir='ltr'><strong>iada</strong></span> <span class='ocrx_word' id='word_1_12' title='bbox 1537 947 1648 1065; x_wconf 42' lang='lat' dir='ltr'><strong>bh&amp;</strong></span> 
     </span>
    </p>
   </div>
   <div class='ocr_carea' id='block_1_2' title="bbox 446 1067 1631 4824">
    <p class='ocr_par' dir='ltr' id='par_1_2' title="bbox 446 1067 1631 4824">
     <span class='ocr_line' id='line_1_3' title="bbox 448 1067 1625 1164; baseline 0 -21"><span class='ocrx_word' id='word_1_13' title='bbox 448 1069 603 1146; x_wconf 73' lang='lat' dir='ltr'><strong>mutiam</strong></span> <span class='ocrx_word' id='word_1_14' title='bbox 630 1069 781 1144; x_wconf 81' lang='lat' dir='ltr'><strong>tristam.</strong></span> <span class='ocrx_word' id='word_1_15' title='bbox 808 1067 901 1142; x_wconf 80' lang='lat' dir='ltr'><strong>Dicit</strong></span> <span class='ocrx_word' id='word_1_16' title='bbox 925 1086 1039 1164; x_wconf 81' lang='lat' dir='ltr'><strong>ergo:</strong></span> <span class='ocrx_word' id='word_1_17' title='bbox 1070 1072 1161 1143; x_wconf 82' lang='lat' dir='ltr'><strong>unde</strong></span> <span class='ocrx_word' id='word_1_18' title='bbox 1182 1091 1249 1161; x_wconf 79' lang='lat' dir='ltr'><strong>per</strong></span> <span class='ocrx_word' id='word_1_19' title='bbox 1272 1075 1405 1161; x_wconf 67' lang='lat' dir='ltr'><strong>quoto,</strong></span> <span class='ocrx_word' id='word_1_20' title='bbox 1430 1067 1523 1142; x_wconf 86' lang='lat' dir='ltr'><strong>idest</strong></span> <span class='ocrx_word' id='word_1_21' title='bbox 1544 1068 1625 1164; x_wconf 78' lang='lat' dir='ltr'><strong>ipse</strong></span> 
     </span>
     <span class='ocr_line' id='line_1_4' title="bbox 446 1187 1626 1282; baseline 0 -19"><span class='ocrx_word' id='word_1_22' title='bbox 446 1189 543 1263; x_wconf 83' lang='lat' dir='ltr'><strong>biars</strong></span> <span class='ocrx_word' id='word_1_23' title='bbox 567 1189 615 1262; x_wconf 93' lang='lat' dir='ltr'><strong>ob</strong></span> <span class='ocrx_word' id='word_1_24' title='bbox 642 1189 736 1262; x_wconf 88' lang='lat' dir='ltr'><strong>banc</strong></span> <span class='ocrx_word' id='word_1_25' title='bbox 761 1207 925 1281; x_wconf 83' lang='lat' dir='ltr'><strong>causam,</strong></span> <span class='ocrx_word' id='word_1_26' title='bbox 943 1188 1031 1280; x_wconf 92' lang='lat' dir='ltr'><strong>quia</strong></span> <span class='ocrx_word' id='word_1_27' title='bbox 1055 1187 1244 1265; x_wconf 87' lang='lat' dir='ltr'><strong>desierunt</strong></span> <span class='ocrx_word' id='word_1_28' title='bbox 1263 1189 1385 1264; x_wconf 84' lang='lat' dir='ltr'><strong>colere</strong></span> <span class='ocrx_word' id='word_1_29' title='bbox 1402 1189 1570 1282; x_wconf 82' lang='lat' dir='ltr'><strong>Martem,</strong></span> <span class='ocrx_word' id='word_1_30' title='bbox 1584 1194 1626 1263; x_wconf 83' lang='lat' dir='ltr'><strong>et</strong></span> 
     </span>
     <span class='ocr_line' id='line_1_5' title="bbox 446 1299 1625 1403; baseline -0.005 -17"><span class='ocrx_word' id='word_1_31' title='bbox 446 1311 571 1386; x_wconf 84' lang='lat' dir='ltr'><strong>ooiunt</strong></span> <span class='ocrx_word' id='word_1_32' title='bbox 601 1308 812 1403; x_wconf 75' lang='lat' dir='ltr'><strong>Baptiston,</strong></span> <span class='ocrx_word' id='word_1_33' title='bbox 842 1329 978 1401; x_wconf 75' lang='lat' dir='ltr'><strong>compre</strong></span> <span class='ocrx_word' id='word_1_34' title='bbox 1005 1329 1073 1381; x_wconf 82' lang='lat' dir='ltr'><strong>coo</strong></span> <span class='ocrx_word' id='word_1_35' title='bbox 1101 1312 1209 1383; x_wconf 75' lang='lat' dir='ltr'><strong>torte</strong></span> <span class='ocrx_word' id='word_1_36' title='bbox 1232 1331 1298 1383; x_wconf 81' lang='lat' dir='ltr'><strong>sua</strong></span> <span class='ocrx_word' id='word_1_37' title='bbox 1323 1312 1362 1382; x_wconf 79' lang='lat' dir='ltr'><strong>tn</strong></span> <span class='ocrx_word' id='word_1_38' title='bbox 1382 1299 1472 1403; x_wconf 74' lang='lat' dir='ltr'><strong>(ord</strong></span> <span class='ocrx_word' id='word_1_39' title='bbox 1496 1311 1625 1382; x_wconf 68' lang='lat' dir='ltr'><strong>bion:</strong></span> 
     </span>
     <span class='ocr_line' id='line_1_6' title="bbox 448 1427 1626 1522; baseline 0 -19"><span class='ocrx_word' id='word_1_40' title='bbox 448 1430 539 1505; x_wconf 84' lang='lat' dir='ltr'><strong>idest</strong></span> <span class='ocrx_word' id='word_1_41' title='bbox 564 1428 671 1503; x_wconf 84' lang='lat' dir='ltr'><strong>iaciat</strong></span> <span class='ocrx_word' id='word_1_42' title='bbox 701 1448 786 1502; x_wconf 82' lang='lat' dir='ltr'><strong>eam</strong></span> <span class='ocrx_word' id='word_1_43' title='bbox 817 1448 964 1522; x_wconf 87' lang='lat' dir='ltr'><strong>semper</strong></span> <span class='ocrx_word' id='word_1_44' title='bbox 993 1427 1257 1504; x_wconf 78' lang='lat' dir='ltr'><strong>infortunatam</strong></span> <span class='ocrx_word' id='word_1_45' title='bbox 1282 1429 1320 1502; x_wconf 91' lang='lat' dir='ltr'><strong>in</strong></span> <span class='ocrx_word' id='word_1_46' title='bbox 1344 1429 1449 1503; x_wconf 84' lang='lat' dir='ltr'><strong>baliis</strong></span> <span class='ocrx_word' id='word_1_47' title='bbox 1472 1448 1543 1504; x_wconf 80' lang='lat' dir='ltr'><strong>nn</strong></span> <span class='ocrx_word' id='word_1_48' title='bbox 1564 1427 1626 1503; x_wconf 89' lang='lat' dir='ltr'><strong>in-</strong></span> 
     </span>
     <span class='ocr_line' id='line_1_7' title="bbox 448 1547 1626 1644; baseline -0.001 -20"><span class='ocrx_word' id='word_1_49' title='bbox 448 1549 607 1626; x_wconf 81' lang='lat' dir='ltr'><strong>fluentia.</strong></span> <span class='ocrx_word' id='word_1_50' title='bbox 634 1548 704 1621; x_wconf 87' lang='lat' dir='ltr'><strong>Sed</strong></span> <span class='ocrx_word' id='word_1_51' title='bbox 730 1555 930 1641; x_wconf 80' lang='lat' dir='ltr'><strong>antequam</strong></span> <span class='ocrx_word' id='word_1_52' title='bbox 963 1548 1118 1623; x_wconf 82' lang='lat' dir='ltr'><strong>ulterius</strong></span> <span class='ocrx_word' id='word_1_53' title='bbox 1151 1549 1361 1643; x_wconf 74' lang='lat' dir='ltr'><strong>procedam,</strong></span> <span class='ocrx_word' id='word_1_54' title='bbox 1386 1550 1515 1644; x_wconf 87' lang='lat' dir='ltr'><strong>lector,</strong></span> <span class='ocrx_word' id='word_1_55' title='bbox 1539 1547 1626 1623; x_wconf 80' lang='lat' dir='ltr'><strong>volo</strong></span> 
     </span>
     <span class='ocr_line' id='line_1_8' title="bbox 449 1667 1626 1763; baseline -0.002 -17"><span class='ocrx_word' id='word_1_56' title='bbox 449 1680 486 1746; x_wconf 86' lang='lat' dir='ltr'><strong>te</strong></span> <span class='ocrx_word' id='word_1_57' title='bbox 510 1669 618 1763; x_wconf 84' lang='lat' dir='ltr'><strong>scira,</strong></span> <span class='ocrx_word' id='word_1_58' title='bbox 643 1668 742 1762; x_wconf 92' lang='lat' dir='ltr'><strong>quod</strong></span> <span class='ocrx_word' id='word_1_59' title='bbox 767 1688 928 1763; x_wconf 78' lang='lat' dir='ltr'><strong>presens</strong></span> <span class='ocrx_word' id='word_1_60' title='bbox 952 1669 1153 1762; x_wconf 89' lang='lat' dir='ltr'><strong>capitutum</strong></span> <span class='ocrx_word' id='word_1_61' title='bbox 1180 1689 1253 1743; x_wconf 92' lang='lat' dir='ltr'><strong>non</strong></span> <span class='ocrx_word' id='word_1_62' title='bbox 1279 1675 1336 1744; x_wconf 87' lang='lat' dir='ltr'><strong>ast</strong></span> <span class='ocrx_word' id='word_1_63' title='bbox 1360 1669 1484 1743; x_wconf 77' lang='lat' dir='ltr'><strong>minus</strong></span> <span class='ocrx_word' id='word_1_64' title='bbox 1508 1667 1626 1744; x_wconf 86' lang='lat' dir='ltr'><strong>artiti·</strong></span> 
     </span>
     <span class='ocr_line' id='line_1_9' title="bbox 447 1787 1626 1884; baseline 0 -18"><span class='ocrx_word' id='word_1_65' title='bbox 447 1790 590 1866; x_wconf 85' lang='lat' dir='ltr'><strong>ciosum</strong></span> <span class='ocrx_word' id='word_1_66' title='bbox 615 1796 653 1863; x_wconf 86' lang='lat' dir='ltr'><strong>et</strong></span> <span class='ocrx_word' id='word_1_67' title='bbox 677 1788 889 1881; x_wconf 87' lang='lat' dir='ltr'><strong>obscurum,</strong></span> <span class='ocrx_word' id='word_1_68' title='bbox 907 1809 1020 1882; x_wconf 91' lang='lat' dir='ltr'><strong>quam</strong></span> <span class='ocrx_word' id='word_1_69' title='bbox 1047 1790 1270 1883; x_wconf 67' lang='lat' dir='ltr'><strong>praecedens,</strong></span> <span class='ocrx_word' id='word_1_70' title='bbox 1283 1796 1325 1862; x_wconf 90' lang='lat' dir='ltr'><strong>ut</strong></span> <span class='ocrx_word' id='word_1_71' title='bbox 1341 1800 1441 1884; x_wconf 77' lang='lat' dir='ltr'><strong>patet</strong></span> <span class='ocrx_word' id='word_1_72' title='bbox 1456 1808 1504 1864; x_wconf 83' lang='lat' dir='ltr'><strong>ex</strong></span> <span class='ocrx_word' id='word_1_73' title='bbox 1520 1787 1626 1866; x_wconf 67' lang='lat' dir='ltr'><strong>dicfis</strong></span> 
     </span>
     <span class='ocr_line' id='line_1_10' title="bbox 448 1893 1626 2002; baseline -0.003 -16"><span class='ocrx_word' id='word_1_74' title='bbox 448 1919 487 1986; x_wconf 88' lang='lat' dir='ltr'><strong>et</strong></span> <span class='ocrx_word' id='word_1_75' title='bbox 498 1909 675 2001; x_wconf 90' lang='lat' dir='ltr'><strong>dicendis;</strong></span> <span class='ocrx_word' id='word_1_76' title='bbox 689 1909 770 1982; x_wconf 88' lang='lat' dir='ltr'><strong>idco</strong></span> <span class='ocrx_word' id='word_1_77' title='bbox 782 1893 972 1983; x_wconf 83' lang='lat' dir='ltr'><strong>considera</strong></span> <span class='ocrx_word' id='word_1_78' title='bbox 983 1908 1080 1982; x_wconf 87' lang='lat' dir='ltr'><strong>bene</strong></span> <span class='ocrx_word' id='word_1_79' title='bbox 1096 1909 1166 2002; x_wconf 83' lang='lat' dir='ltr'><strong>bic,</strong></span> <span class='ocrx_word' id='word_1_80' title='bbox 1179 1908 1278 2001; x_wconf 92' lang='lat' dir='ltr'><strong>quod</strong></span> <span class='ocrx_word' id='word_1_81' title='bbox 1290 1918 1401 1985; x_wconf 88' lang='lat' dir='ltr'><strong>autor</strong></span> <span class='ocrx_word' id='word_1_82' title='bbox 1413 1914 1488 1982; x_wconf 87' lang='lat' dir='ltr'><strong>non</strong></span> <span class='ocrx_word' id='word_1_83' title='bbox 1499 1907 1626 2002; x_wconf 86' lang='lat' dir='ltr'><strong>seqni-</strong></span> 
     </span>
     <span class='ocr_line' id='line_1_11' title="bbox 450 2022 1625 2124; baseline 0.001 -20"><span class='ocrx_word' id='word_1_84' title='bbox 450 2029 596 2104; x_wconf 90' lang='lat' dir='ltr'><strong>turbio</strong></span> <span class='ocrx_word' id='word_1_85' title='bbox 624 2048 860 2103; x_wconf 82' lang='lat' dir='ltr'><strong>communem</strong></span> <span class='ocrx_word' id='word_1_86' title='bbox 891 2048 1058 2103; x_wconf 87' lang='lat' dir='ltr'><strong>errorem</strong></span> <span class='ocrx_word' id='word_1_87' title='bbox 1085 2029 1198 2124; x_wconf 82' lang='lat' dir='ltr'><strong>ruigi,</strong></span> <span class='ocrx_word' id='word_1_88' title='bbox 1223 2029 1312 2122; x_wconf 83' lang='lat' dir='ltr'><strong>quia</strong></span> <span class='ocrx_word' id='word_1_89' title='bbox 1325 2022 1363 2120; x_wconf 82' lang='lat'><strong>(¹)</strong></span> <span class='ocrx_word' id='word_1_90' title='bbox 1390 2029 1499 2103; x_wconf 90' lang='lat' dir='ltr'><strong>nimis</strong></span> <span class='ocrx_word' id='word_1_91' title='bbox 1527 2035 1625 2105; x_wconf 73' lang='lat' dir='ltr'><strong>onst</strong></span> 
     </span>
     <span class='ocr_line' id='line_1_12' title="bbox 448 2147 1627 2242; baseline 0 -19"><span class='ocrx_word' id='word_1_92' title='bbox 448 2149 665 2242; x_wconf 82' lang='lat' dir='ltr'><strong>absurdum,</strong></span> <span class='ocrx_word' id='word_1_93' title='bbox 680 2149 754 2222; x_wconf 92' lang='lat' dir='ltr'><strong>imo</strong></span> <span class='ocrx_word' id='word_1_94' title='bbox 773 2148 877 2241; x_wconf 83' lang='lat' dir='ltr'><strong>quasi</strong></span> <span class='ocrx_word' id='word_1_95' title='bbox 894 2154 1039 2242; x_wconf 80' lang='lat' dir='ltr'><strong>saperet</strong></span> <span class='ocrx_word' id='word_1_96' title='bbox 1057 2147 1224 2223; x_wconf 83' lang='lat' dir='ltr'><strong>baeresim</strong></span> <span class='ocrx_word' id='word_1_97' title='bbox 1251 2148 1386 2242; x_wconf 79' lang='lat' dir='ltr'><strong>dicere,</strong></span> <span class='ocrx_word' id='word_1_98' title='bbox 1418 2148 1519 2241; x_wconf 88' lang='lat' dir='ltr'><strong>quod</strong></span> <span class='ocrx_word' id='word_1_99' title='bbox 1541 2147 1627 2223; x_wconf 63' lang='grc' dir='ltr'><strong>Βὴ-</strong></span> 
     </span>
     <span class='ocr_line' id='line_1_13' title="bbox 451 2258 1626 2361; baseline 0 -19"><span class='ocrx_word' id='word_1_100' title='bbox 451 2269 568 2343; x_wconf 79' lang='lat' dir='ltr'><strong>nentia</strong></span> <span class='ocrx_word' id='word_1_101' title='bbox 594 2268 746 2344; x_wconf 85' lang='lat' dir='ltr'><strong>deberet</strong></span> <span class='ocrx_word' id='word_1_102' title='bbox 771 2267 936 2361; x_wconf 79' lang='lat' dir='ltr'><strong>recipere</strong></span> <span class='ocrx_word' id='word_1_103' title='bbox 960 2268 1150 2360; x_wconf 89' lang='lat' dir='ltr'><strong>damnum,</strong></span> <span class='ocrx_word' id='word_1_104' title='bbox 1167 2267 1256 2360; x_wconf 92' lang='lat' dir='ltr'><strong>quia</strong></span> <span class='ocrx_word' id='word_1_105' title='bbox 1277 2287 1455 2357; x_wconf 76' lang='lat' dir='ltr'><strong>contem</strong></span> <span class='ocrx_word' id='word_1_106' title='bbox 1470 2258 1626 2359; x_wconf 78' lang='lat' dir='ltr'><strong>sitt¹iad</strong></span> 
     </span>
     <span class='ocr_line' id='line_1_14' title="bbox 452 2377 1627 2481; baseline 0 -19"><span class='ocrx_word' id='word_1_107' title='bbox 452 2388 772 2462; x_wconf 83' lang='lat' dir='ltr'><strong>christianismum.</strong></span> <span class='ocrx_word' id='word_1_108' title='bbox 799 2387 885 2462; x_wconf 88' lang='lat' dir='ltr'><strong>ideo</strong></span> <span class='ocrx_word' id='word_1_109' title='bbox 897 2377 935 2478; x_wconf 76' lang='lat'><strong>(³)</strong></span> <span class='ocrx_word' id='word_1_110' title='bbox 960 2386 1057 2480; x_wconf 88' lang='lat' dir='ltr'><strong>dicit,</strong></span> <span class='ocrx_word' id='word_1_111' title='bbox 1076 2387 1175 2481; x_wconf 92' lang='lat' dir='ltr'><strong>quod</strong></span> <span class='ocrx_word' id='word_1_112' title='bbox 1192 2393 1302 2461; x_wconf 89' lang='lat' dir='ltr'><strong>autor</strong></span> <span class='ocrx_word' id='word_1_113' title='bbox 1322 2386 1385 2460; x_wconf 92' lang='lat' dir='ltr'><strong>dat</strong></span> <span class='ocrx_word' id='word_1_114' title='bbox 1406 2389 1465 2461; x_wconf 89' lang='lat' dir='ltr'><strong>bic</strong></span> <span class='ocrx_word' id='word_1_115' title='bbox 1489 2389 1627 2462; x_wconf 80' lang='lat' dir='ltr'><strong>doron-</strong></span> 
     </span>
     <span class='ocr_line' id='line_1_15' title="bbox 453 2505 1627 2601; baseline 0.001 -22"><span class='ocrx_word' id='word_1_116' title='bbox 453 2507 534 2580; x_wconf 90' lang='lat' dir='ltr'><strong>tinis</strong></span> <span class='ocrx_word' id='word_1_117' title='bbox 559 2507 635 2579; x_wconf 89' lang='lat' dir='ltr'><strong>suis</strong></span> <span class='ocrx_word' id='word_1_118' title='bbox 659 2528 778 2580; x_wconf 91' lang='lat' dir='ltr'><strong>unum</strong></span> <span class='ocrx_word' id='word_1_119' title='bbox 811 2526 975 2580; x_wconf 81' lang='lat' dir='ltr'><strong>scomma</strong></span> <span class='ocrx_word' id='word_1_120' title='bbox 1001 2513 1217 2601; x_wconf 86' lang='lat' dir='ltr'><strong>coopertum</strong></span> <span class='ocrx_word' id='word_1_121' title='bbox 1247 2512 1284 2580; x_wconf 88' lang='lat' dir='ltr'><strong>et</strong></span> <span class='ocrx_word' id='word_1_122' title='bbox 1312 2506 1466 2581; x_wconf 86' lang='lat' dir='ltr'><strong>mordax</strong></span> <span class='ocrx_word' id='word_1_123' title='bbox 1493 2505 1627 2600; x_wconf 77' lang='lat' dir='ltr'><strong>nimis3</strong></span> 
     </span>
     <span class='ocr_line' id='line_1_16' title="bbox 450 2624 1629 2719; baseline 0.001 -19"><span class='ocrx_word' id='word_1_124' title='bbox 450 2633 489 2700; x_wconf 88' lang='lat' dir='ltr'><strong>et</strong></span> <span class='ocrx_word' id='word_1_125' title='bbox 514 2627 592 2698; x_wconf 87' lang='lat' dir='ltr'><strong>vuit</strong></span> <span class='ocrx_word' id='word_1_126' title='bbox 617 2626 773 2700; x_wconf 76' lang='lat' dir='ltr'><strong>latenter</strong></span> <span class='ocrx_word' id='word_1_127' title='bbox 797 2625 931 2717; x_wconf 88' lang='lat' dir='ltr'><strong>dicere,</strong></span> <span class='ocrx_word' id='word_1_128' title='bbox 949 2625 1048 2719; x_wconf 91' lang='lat' dir='ltr'><strong>quod</strong></span> <span class='ocrx_word' id='word_1_129' title='bbox 1065 2632 1259 2719; x_wconf 83' lang='lat' dir='ltr'><strong>postquam</strong></span> <span class='ocrx_word' id='word_1_130' title='bbox 1284 2625 1467 2700; x_wconf 79' lang='lat' dir='ltr'><strong>Florentia</strong></span> <span class='ocrx_word' id='word_1_131' title='bbox 1490 2624 1629 2701; x_wconf 56' lang='lat' dir='ltr'><strong>&amp;mint</strong></span> 
     </span>
     <span class='ocr_line' id='line_1_17' title="bbox 452 2745 1629 2839; baseline 0.001 -18"><span class='ocrx_word' id='word_1_132' title='bbox 452 2746 619 2839; x_wconf 76' lang='lat' dir='ltr'><strong>Martem,</strong></span> <span class='ocrx_word' id='word_1_133' title='bbox 636 2745 727 2819; x_wconf 89' lang='lat' dir='ltr'><strong>idest</strong></span> <span class='ocrx_word' id='word_1_134' title='bbox 751 2745 999 2821; x_wconf 80' lang='lat' dir='ltr'><strong>tortitudinem</strong></span> <span class='ocrx_word' id='word_1_135' title='bbox 1024 2756 1062 2821; x_wconf 88' lang='lat' dir='ltr'><strong>et</strong></span> <span class='ocrx_word' id='word_1_136' title='bbox 1082 2745 1257 2820; x_wconf 83' lang='lat' dir='ltr'><strong>virtutem</strong></span> <span class='ocrx_word' id='word_1_137' title='bbox 1275 2766 1481 2839; x_wconf 91' lang='lat' dir='ltr'><strong>armorum,</strong></span> <span class='ocrx_word' id='word_1_138' title='bbox 1495 2755 1533 2822; x_wconf 89' lang='lat' dir='ltr'><strong>et</strong></span> <span class='ocrx_word' id='word_1_139' title='bbox 1548 2765 1629 2821; x_wconf 74' lang='grc' dir='ltr'><strong>οω-</strong></span> 
     </span>
     <span class='ocr_line' id='line_1_18' title="bbox 451 2865 1628 2961; baseline 0.002 -23"><span class='ocrx_word' id='word_1_140' title='bbox 451 2865 503 2961; x_wconf 88' lang='lat' dir='ltr'><strong>pit</strong></span> <span class='ocrx_word' id='word_1_141' title='bbox 527 2866 648 2938; x_wconf 88' lang='lat' dir='ltr'><strong>sulum</strong></span> <span class='ocrx_word' id='word_1_142' title='bbox 675 2865 797 2939; x_wconf 82' lang='lat' dir='ltr'><strong>colere</strong></span> <span class='ocrx_word' id='word_1_143' title='bbox 822 2865 1031 2959; x_wconf 80' lang='lat' dir='ltr'><strong>baptistam,</strong></span> <span class='ocrx_word' id='word_1_144' title='bbox 1045 2865 1137 2941; x_wconf 87' lang='lat' dir='ltr'><strong>idest</strong></span> <span class='ocrx_word' id='word_1_145' title='bbox 1153 2866 1363 2959; x_wconf 85' lang='lat' dir='ltr'><strong>Fiorcnum,</strong></span> <span class='ocrx_word' id='word_1_146' title='bbox 1378 2866 1414 2938; x_wconf 90' lang='lat' dir='ltr'><strong>in</strong></span> <span class='ocrx_word' id='word_1_147' title='bbox 1432 2886 1507 2959; x_wconf 88' lang='lat' dir='ltr'><strong>quo</strong></span> <span class='ocrx_word' id='word_1_148' title='bbox 1527 2865 1628 2940; x_wconf 82' lang='lat' dir='ltr'><strong>scui-</strong></span> 
     </span>
     <span class='ocr_line' id='line_1_19' title="bbox 451 2974 1626 3081; baseline 0.003 -22"><span class='ocrx_word' id='word_1_149' title='bbox 451 2996 535 3081; x_wconf 80' lang='lat' dir='ltr'><strong>ptos</strong></span> <span class='ocrx_word' id='word_1_150' title='bbox 559 2994 615 3061; x_wconf 73' lang='lat' dir='ltr'><strong>ost</strong></span> <span class='ocrx_word' id='word_1_151' title='bbox 639 2985 808 3079; x_wconf 77' lang='lat' dir='ltr'><strong>Baptista,</strong></span> <span class='ocrx_word' id='word_1_152' title='bbox 825 2985 876 3060; x_wconf 78' lang='lat' dir='ltr'><strong>ita</strong></span> <span class='ocrx_word' id='word_1_153' title='bbox 902 2985 999 3078; x_wconf 83' lang='lat' dir='ltr'><strong>quod</strong></span> <span class='ocrx_word' id='word_1_154' title='bbox 1024 2985 1123 3058; x_wconf 79' lang='lat' dir='ltr'><strong>osuit</strong></span> <span class='ocrx_word' id='word_1_155' title='bbox 1147 2974 1233 3078; x_wconf 63' lang='lat' dir='ltr'><strong>seq)</strong></span> <span class='ocrx_word' id='word_1_156' title='bbox 1253 2986 1291 3059; x_wconf 81' lang='lat' dir='ltr'><strong>in</strong></span> <span class='ocrx_word' id='word_1_157' title='bbox 1312 2992 1431 3060; x_wconf 80' lang='lat' dir='ltr'><strong>totum</strong></span> <span class='ocrx_word' id='word_1_158' title='bbox 1450 2985 1626 3081; x_wconf 62' lang='lat' dir='ltr'><strong>aman</strong></span> 
     </span>
     <span class='ocr_line' id='line_1_20' title="bbox 450 3104 1628 3199; baseline 0 -19"><span class='ocrx_word' id='word_1_159' title='bbox 450 3105 522 3180; x_wconf 89' lang='lat' dir='ltr'><strong>erit</strong></span> <span class='ocrx_word' id='word_1_160' title='bbox 546 3105 769 3181; x_wconf 76' lang='lat' dir='ltr'><strong>infortunata</strong></span> <span class='ocrx_word' id='word_1_161' title='bbox 794 3104 830 3177; x_wconf 91' lang='lat' dir='ltr'><strong>in</strong></span> <span class='ocrx_word' id='word_1_162' title='bbox 857 3105 969 3179; x_wconf 84' lang='lat' dir='ltr'><strong>rebus</strong></span> <span class='ocrx_word' id='word_1_163' title='bbox 993 3105 1151 3199; x_wconf 80' lang='lat' dir='ltr'><strong>bellicis3</strong></span> <span class='ocrx_word' id='word_1_164' title='bbox 1178 3106 1227 3180; x_wconf 92' lang='lat' dir='ltr'><strong>ita</strong></span> <span class='ocrx_word' id='word_1_165' title='bbox 1253 3105 1364 3199; x_wconf 72' lang='lat' dir='ltr'><strong>quoq</strong></span> <span class='ocrx_word' id='word_1_166' title='bbox 1384 3105 1548 3183; x_wconf 83' lang='lat' dir='ltr'><strong>breviter</strong></span> <span class='ocrx_word' id='word_1_167' title='bbox 1570 3104 1628 3180; x_wconf 84' lang='lat' dir='ltr'><strong>di-</strong></span> 
     </span>
     <span class='ocr_line' id='line_1_21' title="bbox 450 3224 1629 3318; baseline 0.002 -19"><span class='ocrx_word' id='word_1_168' title='bbox 450 3225 579 3318; x_wconf 87' lang='lat' dir='ltr'><strong>oendo‚</strong></span> <span class='ocrx_word' id='word_1_169' title='bbox 605 3224 785 3301; x_wconf 79' lang='lat' dir='ltr'><strong>florentini</strong></span> <span class='ocrx_word' id='word_1_170' title='bbox 818 3225 904 3298; x_wconf 91' lang='lat' dir='ltr'><strong>olim</strong></span> <span class='ocrx_word' id='word_1_171' title='bbox 935 3246 1021 3299; x_wconf 89' lang='lat' dir='ltr'><strong>cum</strong></span> <span class='ocrx_word' id='word_1_172' title='bbox 1053 3225 1287 3303; x_wconf 89' lang='lat' dir='ltr'><strong>intenderunt</strong></span> <span class='ocrx_word' id='word_1_173' title='bbox 1318 3227 1428 3301; x_wconf 73' lang='lat' dir='ltr'><strong>reims</strong></span> <span class='ocrx_word' id='word_1_174' title='bbox 1459 3225 1629 3301; x_wconf 68' lang='lat' dir='ltr'><strong>miitni-</strong></span> 
     </span>
     <span class='ocr_line' id='line_1_22' title="bbox 451 3343 1627 3440; baseline 0.004 -22"><span class='ocrx_word' id='word_1_175' title='bbox 451 3344 521 3419; x_wconf 89' lang='lat' dir='ltr'><strong>bus</strong></span> <span class='ocrx_word' id='word_1_176' title='bbox 559 3352 597 3418; x_wconf 90' lang='lat' dir='ltr'><strong>et</strong></span> <span class='ocrx_word' id='word_1_177' title='bbox 634 3343 836 3437; x_wconf 82' lang='lat' dir='ltr'><strong>laboribus,</strong></span> <span class='ocrx_word' id='word_1_178' title='bbox 874 3344 1024 3418; x_wconf 85' lang='lat' dir='ltr'><strong>inerunt</strong></span> <span class='ocrx_word' id='word_1_179' title='bbox 1061 3345 1201 3419; x_wconf 86' lang='lat' dir='ltr'><strong>strenui</strong></span> <span class='ocrx_word' id='word_1_180' title='bbox 1238 3355 1276 3421; x_wconf 87' lang='lat' dir='ltr'><strong>at</strong></span> <span class='ocrx_word' id='word_1_181' title='bbox 1312 3346 1520 3440; x_wconf 83' lang='lat' dir='ltr'><strong>victoriosi3</strong></span> <span class='ocrx_word' id='word_1_182' title='bbox 1562 3345 1627 3423; x_wconf 84' lang='lat' dir='ltr'><strong>aed</strong></span> 
     </span>
     <span class='ocr_line' id='line_1_23' title="bbox 452 3463 1629 3560; baseline 0.004 -22"><span class='ocrx_word' id='word_1_183' title='bbox 452 3470 647 3559; x_wconf 89' lang='lat' dir='ltr'><strong>postquam</strong></span> <span class='ocrx_word' id='word_1_184' title='bbox 674 3470 867 3558; x_wconf 84' lang='lat' dir='ltr'><strong>coeperunt</strong></span> <span class='ocrx_word' id='word_1_185' title='bbox 898 3463 1086 3539; x_wconf 87' lang='lat' dir='ltr'><strong>intendere</strong></span> <span class='ocrx_word' id='word_1_186' title='bbox 1118 3465 1252 3558; x_wconf 87' lang='lat' dir='ltr'><strong>harpiis</strong></span> <span class='ocrx_word' id='word_1_187' title='bbox 1284 3466 1476 3560; x_wconf 83' lang='lat' dir='ltr'><strong>rapacibus</strong></span> <span class='ocrx_word' id='word_1_188' title='bbox 1501 3473 1539 3542; x_wconf 86' lang='lat' dir='ltr'><strong>et</strong></span> <span class='ocrx_word' id='word_1_189' title='bbox 1561 3486 1629 3542; x_wconf 68' lang='lat' dir='ltr'><strong>aa·</strong></span> 
     </span>
     <span class='ocr_line' id='line_1_24' title="bbox 451 3583 1628 3681; baseline 0.003 -21"><span class='ocrx_word' id='word_1_190' title='bbox 451 3585 703 3678; x_wconf 86' lang='lat' dir='ltr'><strong>cumulationi,</strong></span> <span class='ocrx_word' id='word_1_191' title='bbox 729 3585 814 3660; x_wconf 88' lang='lat' dir='ltr'><strong>licet</strong></span> <span class='ocrx_word' id='word_1_192' title='bbox 834 3583 899 3658; x_wconf 84' lang='lat' dir='ltr'><strong>visi</strong></span> <span class='ocrx_word' id='word_1_193' title='bbox 925 3584 996 3657; x_wconf 90' lang='lat' dir='ltr'><strong>sint</strong></span> <span class='ocrx_word' id='word_1_194' title='bbox 1015 3584 1163 3658; x_wconf 88' lang='lat' dir='ltr'><strong>ditiores</strong></span> <span class='ocrx_word' id='word_1_195' title='bbox 1188 3590 1226 3659; x_wconf 89' lang='lat' dir='ltr'><strong>et</strong></span> <span class='ocrx_word' id='word_1_196' title='bbox 1251 3585 1485 3681; x_wconf 70' lang='lat' dir='ltr'><strong>potentiores,</strong></span> <span class='ocrx_word' id='word_1_197' title='bbox 1503 3593 1628 3663; x_wconf 65' lang='lat' dir='ltr'><strong>umen</strong></span> 
     </span>
     <span class='ocr_line' id='line_1_25' title="bbox 453 3703 1631 3802; baseline 0.003 -24"><span class='ocrx_word' id='word_1_198' title='bbox 453 3706 604 3781; x_wconf 86' lang='lat' dir='ltr'><strong>inerunt</strong></span> <span class='ocrx_word' id='word_1_199' title='bbox 629 3725 761 3798; x_wconf 92' lang='lat' dir='ltr'><strong>parum</strong></span> <span class='ocrx_word' id='word_1_200' title='bbox 787 3704 955 3779; x_wconf 90' lang='lat' dir='ltr'><strong>honorati</strong></span> <span class='ocrx_word' id='word_1_201' title='bbox 981 3703 1152 3798; x_wconf 83' lang='lat' dir='ltr'><strong>ingestis</strong></span> <span class='ocrx_word' id='word_1_202' title='bbox 1182 3724 1389 3798; x_wconf 86' lang='lat' dir='ltr'><strong>armorum,</strong></span> <span class='ocrx_word' id='word_1_203' title='bbox 1414 3712 1454 3780; x_wconf 85' lang='lat' dir='ltr'><strong>ot</strong></span> <span class='ocrx_word' id='word_1_204' title='bbox 1477 3726 1631 3802; x_wconf 82' lang='lat' dir='ltr'><strong>recepe-</strong></span> 
     </span>
     <span class='ocr_line' id='line_1_26' title="bbox 453 3825 1630 3920; baseline 0.002 -21"><span class='ocrx_word' id='word_1_205' title='bbox 453 3833 542 3900; x_wconf 85' lang='lat' dir='ltr'><strong>runt</strong></span> <span class='ocrx_word' id='word_1_206' title='bbox 566 3846 720 3920; x_wconf 81' lang='lat' dir='ltr'><strong>magnos</strong></span> <span class='ocrx_word' id='word_1_207' title='bbox 745 3825 945 3917; x_wconf 84' lang='lat' dir='ltr'><strong>conflictus,</strong></span> <span class='ocrx_word' id='word_1_208' title='bbox 962 3831 1000 3899; x_wconf 88' lang='lat' dir='ltr'><strong>ot</strong></span> <span class='ocrx_word' id='word_1_209' title='bbox 1022 3835 1165 3919; x_wconf 81' lang='lat' dir='ltr'><strong>strages</strong></span> <span class='ocrx_word' id='word_1_210' title='bbox 1190 3825 1385 3918; x_wconf 74' lang='lat' dir='ltr'><strong>beliorum,</strong></span> <span class='ocrx_word' id='word_1_211' title='bbox 1399 3832 1435 3899; x_wconf 87' lang='lat' dir='ltr'><strong>et</strong></span> <span class='ocrx_word' id='word_1_212' title='bbox 1452 3827 1630 3902; x_wconf 73' lang='lat' dir='ltr'><strong>continno</strong></span> 
     </span>
     <span class='ocr_line' id='line_1_27' title="bbox 452 3926 1628 4041; baseline 0.001 -23"><span class='ocrx_word' id='word_1_213' title='bbox 452 3946 535 4040; x_wconf 86' lang='lat' dir='ltr'><strong>pius</strong></span> <span class='ocrx_word' id='word_1_214' title='bbox 560 3926 803 4018; x_wconf 79' lang='lat' dir='ltr'><strong>invalescente</strong></span> <span class='ocrx_word' id='word_1_215' title='bbox 828 3943 989 4018; x_wconf 84' lang='lat' dir='ltr'><strong>avaritia</strong></span> <span class='ocrx_word' id='word_1_216' title='bbox 1015 3944 1058 4017; x_wconf 87' lang='lat' dir='ltr'><strong>Et</strong></span> <span class='ocrx_word' id='word_1_217' title='bbox 1089 3943 1187 4018; x_wconf 89' lang='lat' dir='ltr'><strong>addit</strong></span> <span class='ocrx_word' id='word_1_218' title='bbox 1217 3944 1347 4019; x_wconf 91' lang='lat' dir='ltr'><strong>ultimo</strong></span> <span class='ocrx_word' id='word_1_219' title='bbox 1378 3945 1437 4020; x_wconf 88' lang='lat' dir='ltr'><strong>ille</strong></span> <span class='ocrx_word' id='word_1_220' title='bbox 1467 3946 1628 4041; x_wconf 53' lang='lat' dir='ltr'><strong>spiritns</strong></span> 
     </span>
     <span class='ocr_line' id='line_1_28' title="bbox 454 4055 1629 4159; baseline 0.004 -21"><span class='ocrx_word' id='word_1_221' title='bbox 454 4064 564 4159; x_wconf 82' lang='lat' dir='ltr'><strong>quod,</strong></span> <span class='ocrx_word' id='word_1_222' title='bbox 600 4064 665 4136; x_wconf 91' lang='lat' dir='ltr'><strong>nisi</strong></span> <span class='ocrx_word' id='word_1_223' title='bbox 697 4063 782 4156; x_wconf 92' lang='lat' dir='ltr'><strong>quia</strong></span> <span class='ocrx_word' id='word_1_224' title='bbox 822 4069 990 4137; x_wconf 89' lang='lat' dir='ltr'><strong>remanet</strong></span> <span class='ocrx_word' id='word_1_225' title='bbox 1005 4055 1041 4156; x_wconf 80' lang='lat'><strong>(⁵)</strong></span> <span class='ocrx_word' id='word_1_226' title='bbox 1070 4064 1190 4140; x_wconf 88' lang='lat' dir='ltr'><strong>adbuc</strong></span> <span class='ocrx_word' id='word_1_227' title='bbox 1219 4065 1355 4158; x_wconf 86' lang='lat' dir='ltr'><strong>aliquid</strong></span> <span class='ocrx_word' id='word_1_228' title='bbox 1374 4066 1426 4140; x_wconf 57' lang='lat' dir='ltr'><strong>&gt;de</strong></span> <span class='ocrx_word' id='word_1_229' title='bbox 1452 4086 1629 4143; x_wconf 59' lang='lat' dir='ltr'><strong>nevam»</strong></span> 
     </span>
     <span class='ocr_line' id='line_1_29' title="bbox 454 4184 1628 4282; baseline -0.001 -20"><span class='ocrx_word' id='word_1_230' title='bbox 454 4187 504 4262; x_wconf 91' lang='lat' dir='ltr'><strong>tia</strong></span> <span class='ocrx_word' id='word_1_231' title='bbox 533 4185 665 4278; x_wconf 84' lang='lat' dir='ltr'><strong>Martis,</strong></span> <span class='ocrx_word' id='word_1_232' title='bbox 698 4184 879 4259; x_wconf 83' lang='lat' dir='ltr'><strong>Florentia</strong></span> <span class='ocrx_word' id='word_1_233' title='bbox 917 4185 993 4280; x_wconf 91' lang='lat' dir='ltr'><strong>ipsa</strong></span> <span class='ocrx_word' id='word_1_234' title='bbox 1033 4192 1128 4260; x_wconf 89' lang='lat' dir='ltr'><strong>esset</strong></span> <span class='ocrx_word' id='word_1_235' title='bbox 1161 4187 1239 4280; x_wconf 87' lang='lat' dir='ltr'><strong>jam</strong></span> <span class='ocrx_word' id='word_1_236' title='bbox 1265 4185 1403 4281; x_wconf 91' lang='lat' dir='ltr'><strong>pluries</strong></span> <span class='ocrx_word' id='word_1_237' title='bbox 1427 4186 1628 4282; x_wconf 51' lang='lat' dir='ltr'><strong>destruam</strong></span> 
     </span>
     <span class='ocr_line' id='line_1_30' title="bbox 454 4304 1627 4403; baseline 0.002 -22"><span class='ocrx_word' id='word_1_238' title='bbox 454 4317 646 4403; x_wconf 85' lang='lat' dir='ltr'><strong>postquam</strong></span> <span class='ocrx_word' id='word_1_239' title='bbox 675 4304 891 4380; x_wconf 76' lang='lat' dir='ltr'><strong>reaedificata</strong></span> <span class='ocrx_word' id='word_1_240' title='bbox 917 4304 985 4378; x_wconf 87' lang='lat' dir='ltr'><strong>init</strong></span> <span class='ocrx_word' id='word_1_241' title='bbox 1010 4315 1090 4399; x_wconf 85' lang='lat' dir='ltr'><strong>post</strong></span> <span class='ocrx_word' id='word_1_242' title='bbox 1115 4306 1398 4381; x_wconf 82' lang='lat' dir='ltr'><strong>destructionem</strong></span> <span class='ocrx_word' id='word_1_243' title='bbox 1426 4306 1560 4382; x_wconf 87' lang='lat' dir='ltr'><strong>iactam</strong></span> <span class='ocrx_word' id='word_1_244' title='bbox 1576 4307 1627 4383; x_wconf 85' lang='lat' dir='ltr'><strong>ab</strong></span> 
     </span>
     <span class='ocr_line' id='line_1_31' title="bbox 455 4426 1627 4521; baseline 0 -19"><span class='ocrx_word' id='word_1_245' title='bbox 455 4426 596 4518; x_wconf 74' lang='lat' dir='ltr'><strong>Athi1a3</strong></span> <span class='ocrx_word' id='word_1_246' title='bbox 624 4426 722 4501; x_wconf 90' lang='lat' dir='ltr'><strong>unde</strong></span> <span class='ocrx_word' id='word_1_247' title='bbox 746 4426 830 4499; x_wconf 90' lang='lat' dir='ltr'><strong>dicit</strong></span> <span class='ocrx_word' id='word_1_248' title='bbox 845 4447 891 4497; x_wconf 82' lang='lat' dir='ltr'><strong>:o</strong></span> <span class='ocrx_word' id='word_1_249' title='bbox 915 4429 993 4518; x_wconf 83' lang='lat' dir='ltr'><strong>quei</strong></span> <span class='ocrx_word' id='word_1_250' title='bbox 1016 4429 1171 4518; x_wconf 69' lang='lat' dir='ltr'><strong>o‘ttndiu,</strong></span> <span class='ocrx_word' id='word_1_251' title='bbox 1188 4429 1249 4499; x_wconf 82' lang='lat' dir='ltr'><strong>cira</strong></span> <span class='ocrx_word' id='word_1_252' title='bbox 1264 4431 1327 4519; x_wconf 86' lang='lat' dir='ltr'><strong>poi</strong></span> <span class='ocrx_word' id='word_1_253' title='bbox 1350 4430 1387 4500; x_wconf 79' lang='lat' dir='ltr'><strong>ia</strong></span> <span class='ocrx_word' id='word_1_254' title='bbox 1410 4430 1627 4521; x_wconf 64' lang='lat' dir='ltr'><strong>etsensim</strong></span> 
     </span>
     <span class='ocr_line' id='line_1_32' title="bbox 455 4545 1629 4640; baseline 0.004 -22"><span class='ocrx_word' id='word_1_255' title='bbox 455 4553 498 4619; x_wconf 91' lang='lat' dir='ltr'><strong>ut</strong></span> <span class='ocrx_word' id='word_1_256' title='bbox 522 4546 664 4620; x_wconf 88' lang='lat' dir='ltr'><strong>dicetur</strong></span> <span class='ocrx_word' id='word_1_257' title='bbox 689 4546 783 4620; x_wconf 88' lang='lat' dir='ltr'><strong>inira</strong></span> <span class='ocrx_word' id='word_1_258' title='bbox 808 4546 968 4640; x_wconf 85' lang='lat' dir='ltr'><strong>capitulo</strong></span> <span class='ocrx_word' id='word_1_259' title='bbox 988 4545 1064 4638; x_wconf 86' lang='lat' dir='ltr'><strong>XV,</strong></span> <span class='ocrx_word' id='word_1_260' title='bbox 1088 4567 1199 4620; x_wconf 83' lang='lat' dir='ltr'><strong>soors</strong></span> <span class='ocrx_word' id='word_1_261' title='bbox 1223 4549 1248 4620; x_wconf 86' lang='lat' dir='ltr'><strong>’t</strong></span> <span class='ocrx_word' id='word_1_262' title='bbox 1271 4567 1374 4619; x_wconf 71' lang='lat' dir='ltr'><strong>cour</strong></span> <span class='ocrx_word' id='word_1_263' title='bbox 1406 4549 1466 4619; x_wconf 75' lang='lat' dir='ltr'><strong>obe</strong></span> <span class='ocrx_word' id='word_1_264' title='bbox 1496 4549 1629 4623; x_wconf 62' lang='lat' dir='ltr'><strong>aaut«</strong></span> 
     </span>
     <span class='ocr_line' id='line_1_33' title="bbox 519 4760 1380 4824; baseline 0.003 -15"><span class='ocrx_word' id='word_1_265' title='bbox 519 4760 548 4822; x_wconf 87' lang='lat'><strong>(¹)</strong></span> <span class='ocrx_word' id='word_1_266' title='bbox 564 4761 589 4809; x_wconf 77' lang='lat' dir='ltr'><strong>S.</strong></span> <span class='ocrx_word' id='word_1_267' title='bbox 607 4762 675 4823; x_wconf 91' lang='lat' dir='ltr'><strong>quod</strong></span> <span class='ocrx_word' id='word_1_268' title='bbox 692 4763 776 4811; x_wconf 89' lang='lat' dir='ltr'><strong>nimis.</strong></span> <span class='ocrx_word' id='word_1_269' title='bbox 1051 4762 1078 4824; x_wconf 81' lang='lat'><strong>(⁸)</strong></span> <span class='ocrx_word' id='word_1_270' title='bbox 1094 4763 1120 4813; x_wconf 83' lang='grc'><strong>8.</strong></span> <span class='ocrx_word' id='word_1_271' title='bbox 1136 4767 1211 4813; x_wconf 78' lang='lat' dir='ltr'><strong>asset.</strong></span> <span class='ocrx_word' id='word_1_272' title='bbox 1222 4790 1250 4799; x_wconf 97' lang='lat'>-</span> <span class='ocrx_word' id='word_1_273' title='bbox 1263 4766 1317 4822; x_wconf 78' lang='lat' dir='ltr'><strong>tro,</strong></span> <span class='ocrx_word' id='word_1_274' title='bbox 1332 4766 1380 4812; x_wconf 76' lang='lat' dir='ltr'><strong>ast.</strong></span> 
     </span>
    </p>
   </div>
   <div class='ocr_carea' id='block_1_3' title="bbox 519 4837 1567 4980">
    <p class='ocr_par' dir='ltr' id='par_1_3' title="bbox 519 4837 1567 4980">
     <span class='ocr_line' id='line_1_34' title="bbox 519 4837 1567 4900; baseline -0.01 -1"><span class='ocrx_word' id='word_1_275' title='bbox 519 4837 546 4899; x_wconf 76' lang='lat'><strong>(¹)</strong></span> <span class='ocrx_word' id='word_1_276' title='bbox 563 4838 592 4886; x_wconf 72' lang='grc' dir='ltr'><strong>Ε·</strong></span> <span class='ocrx_word' id='word_1_277' title='bbox 608 4852 624 4887; x_wconf 74' lang='lat' dir='ltr'><strong>e</strong></span> <span class='ocrx_word' id='word_1_278' title='bbox 642 4843 694 4896; x_wconf 76' lang='lat'><strong>¹¹⁶.</strong></span> <span class='ocrx_word' id='word_1_279' title='bbox 712 4839 774 4889; x_wconf 80' lang='lat' dir='ltr'><strong>Ideo</strong></span> <span class='ocrx_word' id='word_1_280' title='bbox 790 4839 839 4889; x_wconf 81' lang='lat' dir='ltr'><strong>dte.</strong></span> <span class='ocrx_word' id='word_1_281' title='bbox 1050 4840 1076 4900; x_wconf 46' lang='grc' dir='ltr'><strong>(ι)</strong></span> <span class='ocrx_word' id='word_1_282' title='bbox 1094 4843 1139 4890; x_wconf 79' lang='lat' dir='ltr'><strong>ns</strong></span> <span class='ocrx_word' id='word_1_283' title='bbox 1156 4853 1171 4890; x_wconf 81' lang='grc' dir='ltr'><strong>ο</strong></span> <span class='ocrx_word' id='word_1_284' title='bbox 1188 4839 1213 4889; x_wconf 79' lang='lat' dir='ltr'><strong>s,</strong></span> <span class='ocrx_word' id='word_1_285' title='bbox 1229 4852 1256 4889; x_wconf 76' lang='lat' dir='ltr'><strong>so</strong></span> <span class='ocrx_word' id='word_1_286' title='bbox 1274 4844 1354 4889; x_wconf 77' lang='lat' dir='ltr'><strong>ioum</strong></span> <span class='ocrx_word' id='word_1_287' title='bbox 1369 4838 1491 4897; x_wconf 69' lang='lat' dir='ltr'><strong>nutum,</strong></span> <span class='ocrx_word' id='word_1_288' title='bbox 1506 4838 1567 4889; x_wconf 73' lang='lat' dir='ltr'><strong>saa.</strong></span> 
     </span>
     <span class='ocr_line' id='line_1_35' title="bbox 520 4913 1545 4980; baseline 0.001 -16"><span class='ocrx_word' id='word_1_289' title='bbox 520 4913 547 4975; x_wconf 79' lang='lat'><strong>(⁸)</strong></span> <span class='ocrx_word' id='word_1_290' title='bbox 562 4913 589 4963; x_wconf 87' lang='lat' dir='ltr'><strong>S.</strong></span> <span class='ocrx_word' id='word_1_291' title='bbox 604 4921 724 4965; x_wconf 72' lang='lat' dir='ltr'><strong>manet</strong></span> <span class='ocrx_word' id='word_1_292' title='bbox 739 4915 836 4978; x_wconf 74' lang='lat' dir='ltr'><strong>aliquid</strong></span> <span class='ocrx_word' id='word_1_293' title='bbox 852 4915 885 4966; x_wconf 80' lang='lat' dir='ltr'><strong>de</strong></span> <span class='ocrx_word' id='word_1_294' title='bbox 900 4915 1044 4966; x_wconf 79' lang='lat' dir='ltr'><strong>merentia</strong></span> <span class='ocrx_word' id='word_1_295' title='bbox 1062 4917 1153 4966; x_wconf 82' lang='lat' dir='ltr'><strong>Martis</strong></span> <span class='ocrx_word' id='word_1_296' title='bbox 1168 4916 1194 4965; x_wconf 92' lang='lat' dir='ltr'><strong>in</strong></span> <span class='ocrx_word' id='word_1_297' title='bbox 1211 4916 1273 4979; x_wconf 77' lang='lat' dir='ltr'><strong>ipsa,</strong></span> <span class='ocrx_word' id='word_1_298' title='bbox 1288 4919 1357 4966; x_wconf 69' lang='lat' dir='ltr'><strong>ont</strong></span> <span class='ocrx_word' id='word_1_299' title='bbox 1366 4915 1428 4980; x_wconf 75' lang='lat' dir='ltr'><strong>jans</strong></span> <span class='ocrx_word' id='word_1_300' title='bbox 1439 4913 1545 4978; x_wconf 75' lang='lat' dir='ltr'><strong>pluries.</strong></span> 
     </span>
    </p>
   </div>
   <div class='ocr_carea' id='block_1_4' title="bbox 0 0 2095 6546">
    <p class='ocr_par' dir='ltr' id='par_1_4' title="bbox 0 0 2095 6546">
     <span class='ocr_line' id='line_1_36' title="bbox 0 0 2095 6546; baseline 0 0"><span class='ocrx_word' id='word_1_301' title='bbox 0 0 2095 6546; x_wconf 95' lang='lat' dir='ltr'><strong> </strong></span> 
     </span>
    </p>
   </div>
  </div>
 </body>
</html>
