4154 6546
862 761 999 816 caurus
1024 760 1191 828 puxnrus.
1545 753 1614 818 213

448 909 587 996 dolore,
621 910 728 997 epto
763 924 788 977 α
821 909 1009 996 mmmm,
1047 925 1094 981 ex
1126 906 1387 1000 compassione.
1414 906 1493 981 lam
1529 908 1614 980 satis

411 1056 413 1061 ·
447 1028 584 1102 &tum
610 1031 666 1099 est
685 1044 824 1118 quare:
842 1025 909 1099 ista
926 1026 1025 1099 enim
1043 1026 1245 1119 compassio
1262 1025 1419 1099 habebat
1433 1021 1471 1117 (¹)
1489 1033 1614 1099 ortum

449 1167 471 1220 a
495 1145 643 1240 proprio
667 1164 808 1236 amore,
833 1144 978 1218 etfacit
1002 1145 1224 1238 petitionem,
1251 1151 1288 1217 et
1312 1145 1401 1238 petit
1430 1146 1615 1238 quomodo

450 1266 509 1338 illa
543 1263 731 1357 perpendit
755 1261 854 1355 quod
879 1263 1015 1336 Paulus
1040 1270 1295 1336 amarcooam
1322 1282 1451 1337 amore
1479 1264 1614 1354 illicito,

451 1404 537 1457 cum
561 1385 714 1456 honesta
738 1382 981 1455 benivolentia
999 1382 1185 1455 videretur
1201 1402 1281 1455 esse
1297 1383 1345 1455 ab
1361 1403 1407 1455 eo
1424 1401 1513 1477 erga
1531 1402 1614 1455 eam

452 1507 600 1595 propter
629 1499 843 1573 affluitatem
876 1519 961 1590 quae
994 1499 1141 1572 tollebat
1179 1519 1327 1573 ornnem
1362 1501 1613 1594 suspicionem.

453 1620 551 1693 uicit.
560 1639 667 1713 ergo:
693 1637 754 1689 ma
772 1619 898 1689 dinam
913 1638 938 1688 a
954 1620 1014 1688 cte
1030 1638 1049 1687 c
1064 1637 1172 1706 corno,
1190 1618 1280 1690 idest
1296 1619 1341 1690 ad
1364 1619 1450 1712 quid
1470 1626 1508 1692 et
1524 1639 1617 1711 qua-

452 1739 534 1812 liter
559 1756 661 1808 amor
685 1737 888 1824 macedone,
913 1736 1004 1807 idest
1029 1735 1192 1828 permisit
1216 1736 1290 1827 tibi,
1316 1739 1374 1808 cde
1399 1739 1618 1810 corrosoessii

453 1858 587 1928 dalion·
609 1858 722 1944 drot,
747 1855 851 1947 quasi
876 1855 990 1928 dicat:
1016 1853 1201 1946 quomodo
1227 1856 1371 1947 potuisti
1397 1876 1618 1951 cognoscere

453 1975 552 2069 quod
577 1974 712 2048 Paulus
735 1981 880 2047 amaret
904 1979 941 2046 te
970 1973 1278 2066 concupiscenter,
1311 1974 1409 2067 quod
1443 1982 1523 2049 erat
1547 1976 1617 2047 du-

451 2094 553 2167 bium
579 2099 727 2188 propter
752 2093 940 2166 vinculum
965 2091 1169 2164 affinitatis!
1187 2099 1225 2165 et
1242 2093 1310 2166 hoc
1326 2094 1429 2166 dico:
1447 2098 1487 2166 cl
1504 2102 1615 2184 tempo

452 2218 489 2287 dt
504 2214 595 2287 dolui
609 2215 748 2304 sospiti,
766 2211 852 2305 quia
870 2211 1004 2284 scilicet
1026 2211 1180 2284 latenter
1196 2213 1399 2305 suspirabat
1416 2220 1615 2305 antequam

453 2332 688 2427 detegeretur
704 2331 852 2403 llamma
869 2330 1113 2402 amoris—E
1126 2333 1250 2418 quella
1269 2331 1333 2404 Hic
1349 2332 1450 2425 ponit
1467 2351 1617 2424 respon-

390 2484 397 2497 ·
454 2451 593 2524 sionem
618 2450 819 2523 Franciscae
835 2440 871 2540 (¹)
898 2448 944 2521 ad
970 2449 1178 2541 petitionem
1197 2469 1301 2521 suam
1320 2451 1447 2542 inqua
1466 2470 1616 2543 respon-

454 2570 555 2642 sione
585 2568 775 2643 exorditur
807 2574 844 2640 et
870 2573 1009 2640 narrat.
1043 2567 1135 2640 Dicit
1167 2587 1276 2661 ergo:
1306 2590 1326 2640 e
1353 2573 1466 2659 puello
1495 2591 1519 2639 o
1548 2589 1613 2656 ow,

454 2688 582 2781 supple
606 2686 797 2760 Francisca
817 2684 1023 2778 respoudit3
1042 2685 1255 2758 mirabiliter
1271 2692 1392 2780 captat
1408 2688 1618 2760 benivolen-

456 2807 555 2896 tiam,
579 2804 714 2896 diceus,
739 2805 838 2896 quod
863 2805 933 2878 erit
958 2804 1024 2875 sibi
1042 2804 1148 2877 nimis
1164 2824 1335 2877 amarum
1353 2813 1390 2879 et
1409 2807 1618 2880 dolorosum

458 2923 598 2996 reierre
622 2923 688 2995 sibi
712 2924 794 3014 hoc,
819 2923 882 2995 sed
909 2930 1030 2995 tamen
1056 2923 1261 2996 renarrabit
1277 2924 1343 2996 sibi
1361 2930 1478 2996 totum
1496 2931 1538 2997 ut
1559 2945 1618 2997 sa-

457 3041 608 3115 tisfaciat
630 3047 718 3115 voto
742 3041 901 3133 autoris3
933 3040 1032 3112 unde
1057 3040 1241 3134 praemittit
1266 3042 1482 3114 sententiam
1513 3049 1618 3112 nota-

456 3159 566 3232 bilem
582 3158 628 3231 ad
645 3160 715 3233 lxoc
738 3157 882 3233 diceus:
902 3161 1004 3231 Nullo
1023 3155 1060 3230 e‘e
1076 3160 1191 3228 maior
1207 3160 1329 3231 dolore
1344 3162 1405 3233 cde.
1423 3162 1621 3231 m'cordorsr'

456 3279 513 3348 del
537 3284 646 3368 tempo
668 3279 765 3369 selice
788 3298 833 3348 ne
856 3281 893 3349 lo
917 3279 1070 3364 misero,
1098 3275 1198 3367 idest,
1225 3276 1261 3348 in
1293 3282 1459 3370 tempore
1488 3277 1621 3350 adver-

456 3394 581 3487 sitatis,
601 3402 639 3469 ct
661 3394 762 3469 dicit:
787 3417 807 3466 e
829 3389 885 3467 cid
909 3415 952 3466 sa
975 3398 1002 3465 il
1026 3401 1083 3466 tuo
1107 3397 1253 3483 nonore,
1271 3394 1361 3467 idest
1378 3395 1557 3490 Virgilius.
1577 3363 1631 3468 Et

457 3516 527 3588 hoc
551 3515 745 3609 exponitur
770 3513 1016 3607 multipliciter
1040 3532 1116 3585 uno
1142 3513 1262 3606 modo,
1288 3514 1375 3607 quia
1391 3513 1561 3609 Virgilius
1584 3517 1618 3588 in

454 3634 528 3707 vita
562 3633 736 3725 spoliatus
765 3638 820 3705 est
849 3631 953 3704 bonis
982 3631 1057 3703 suis
1090 3631 1138 3703 ab
1169 3632 1345 3725 Augusto,
1376 3633 1469 3706 sicut
1498 3641 1534 3707 et
1561 3635 1620 3707 alii

455 3750 650 3843 Mantuani,
675 3757 718 3823 ut
745 3769 832 3844 sepe
862 3757 962 3843 patet
990 3751 1027 3821 in
1057 3750 1149 3822 libro
1181 3750 1469 3844 Buccolicorum‚
1504 3761 1541 3825 et
1571 3754 1621 3825 sic

456 3877 630 3964 expertus
661 3868 782 3942 linerat
810 3869 921 3940 istum
955 3888 1081 3941 casum
1113 3869 1325 3941 mutationis
1354 3869 1533 3960 iortunae3
1562 3872 1620 3944 vel

457 3989 567 4062 etiam
591 3988 679 4080 quia
704 3987 846 4062 vixerat
868 3988 907 4059 in
931 3986 1071 4060 mundo
1097 3987 1133 4058 in
1162 3993 1262 4060 muta
1295 3989 1411 4082 gloria
1437 3995 1475 4062 et
1503 3989 1620 4084 gratia
1688 3978 1690 3983 ’

459 4107 569 4179 incliti
599 4106 767 4201 principis
797 4107 970 4201 Augusti3
997 4125 1097 4179 nunc
1127 4125 1215 4179 vero
1245 4112 1512 4199 postmortem
1543 4116 1622 4181 erat

459 4226 652 4299 damnatus
688 4226 725 4298 in
762 4225 1006 4321 indignatione
1044 4226 1179 4299 summi
1212 4226 1444 4320 imperatoris
1481 4227 1620 4315 eterni3

460 4346 518 4418 vel
543 4345 613 4418 lroc
635 4344 725 4418 dixit
749 4344 953 4439 allegorice,
972 4344 1056 4436 quia
1075 4343 1256 4439 Virgilius,
1274 4344 1365 4419 idest
1382 4346 1472 4419 ratio
1498 4345 1623 4417 Daulis

455 4464 592 4538 sciebat
626 4465 697 4537 lroc
726 4462 812 4556 quia
849 4463 1034 4558 relegatus
1068 4464 1104 4535 in
1141 4462 1317 4554 exilium3
1350 4463 1413 4538 sed
1450 4463 1622 4556 quioquid

457 4583 599 4657 dicatur
623 4583 734 4657 credo
763 4581 862 4675 quod
891 4589 1000 4655 autor
1030 4582 1260 4655 solummodo
1294 4584 1372 4656 vult
1401 4583 1623 4657 confirmare

522 4843 550 4904 (¹)
567 4848 621 4904 tio,
637 4844 721 4895 hahet.
1040 4844 1067 4907 (')
1084 4847 1108 4896 S.
1126 4847 1277 4907 hancucae,
1294 4849 1319 4899 in
1336 4863 1386 4913 qua
1402 4849 1543 4901 exorditur.
