4154 6546
446 1168 612 1238 CANTUS
635 1167 824 1236 DECIMUS
851 1170 1047 1250 QUINTUS,
1076 1173 1112 1237 in
1138 1191 1198 1255 quo
1225 1177 1342 1238 tractet
1367 1172 1406 1237 de
1432 1171 1545 1238 iisdem
1566 1192 1620 1238 su·

514 1280 627 1362 perbis
652 1280 710 1346 sub
736 1280 826 1346 titulo
855 1281 1023 1346 maritorum
1057 1282 1279 1360 betorniacum,
1315 1287 1345 1348 et
1370 1284 1534 1365 praeciptae
1569 1302 1621 1348 ser

519 1390 672 1456 Brunetti
698 1390 811 1456 Latini
839 1393 877 1457 de
903 1392 1082 1471 florentio,
1109 1393 1165 1475 qui
1191 1392 1292 1458 multa
1320 1395 1489 1475 receptavit
1516 1375 1622 1460 Docti

520 1503 606 1569 circo
627 1502 803 1584 foetosae
825 1504 898 1568 cite
918 1503 1046 1584 future
1070 1524 1108 1570 ae
1130 1507 1224 1570 etiam
1251 1504 1291 1569 de
1311 1504 1402 1570 modo
1420 1525 1524 1586 poercae
1545 1525 1620 1584 suec,

521 1618 551 1678 et
579 1614 734 1679 sociorum
753 1632 891 1679 suorum

528 1909 655 2078 On
681 2025 744 2077 cen
763 2010 873 2096 porto
898 2006 977 2076 ino
1001 2005 1150 2076 dederi
1171 2007 1333 2095 margini.
1359 2006 1556 2099 Postquam
1583 2003 1620 2076 in

446 2125 628 2222 superiori
640 2124 799 2219 capitulo
811 2123 979 2218 proxime
993 2124 1211 2217 praecedenti
1225 2132 1335 2199 autor
1347 2132 1472 2199 noster
1484 2130 1621 2199 tracta-

446 2244 500 2319 vit
524 2250 563 2320 et
586 2241 842 2318 determinavit
867 2242 913 2316 de
939 2262 1048 2336 poena
1075 2243 1320 2318 violentorum
1347 2250 1474 2319 contra
1501 2243 1619 2318 Deum
1762 2228 1767 2239 ’

446 2363 658 2459 simpliciter
675 2367 713 2436 et
729 2361 940 2435 immediate
953 2360 1168 2435 offendendo
1182 2362 1367 2457 deitatem,
1381 2363 1548 2460 negando
1562 2363 1620 2436 vel

389 2489 391 2493 '
446 2480 733 2578 blasphemando
759 2499 842 2553 eam
854 2503 864 2573 3
896 2501 994 2553 nunc
1011 2472 1046 2571 (¹)
1074 2488 1341 2574 consequenter
1366 2482 1403 2555 in
1428 2482 1497 2555 isto
1522 2481 1621 2575 capi-

448 2603 525 2677 tulo
543 2600 607 2674 XV
619 2600 696 2696 agit
713 2603 750 2673 ct
769 2604 899 2673 tractat
916 2599 961 2673 de
977 2619 1087 2693 poena
1100 2600 1345 2674 violentorum
1359 2607 1487 2675 contra
1501 2600 1620 2675 Deum

378 2760 380 2764 =
446 2720 630 2797 mediante
654 2725 788 2794 natura
813 2718 964 2813 offensa,
991 2719 1054 2812 qui
1087 2720 1290 2814 puniuntur
1322 2721 1359 2794 in
1388 2720 1518 2794 eodem
1550 2719 1622 2793 cir-

446 2843 543 2935 culo,
560 2838 694 2914 scilicet
719 2838 756 2912 in
780 2859 904 2913 arena.
932 2840 975 2912 Et
1000 2860 1160 2934 praesens
1181 2841 1381 2935 capitulum
1399 2845 1518 2936 potest
1534 2839 1622 2913 bre-

447 3101 532 3155 rum
549 3078 719 3154 describit
736 3078 834 3151 viam
851 3084 969 3151 tutam
988 3098 1183 3173 perquam
1204 3079 1434 3153 intraverunt
1452 3079 1488 3150 in
1506 3078 1618 3150 istum

446 3200 597 3276 tertium
622 3198 803 3272 circulum
829 3197 1087 3291 violentorum,
1102 3203 1138 3272 et
1156 3219 1272 3271 unum
1300 3217 1453 3293 gregem
1479 3196 1621 3270 anima-

448 3341 532 3394 rum
564 3319 660 3392 inter
686 3338 779 3410 quas
805 3317 1033 3413 recognoscit
1060 3337 1172 3391 unam
1202 3317 1364 3391 animam
1391 3315 1619 3410 modernam,

447 3460 534 3516 cum
569 3457 643 3531 qua
668 3443 827 3511 renovat
857 3436 1045 3529 antiquam
1077 3437 1369 3512 familiaritatem.
1396 3437 1435 3509 ln
1461 3437 1621 3511 secunda

447 3559 507 3634 ille
523 3556 671 3653 spiritus
688 3556 828 3633 confert
846 3557 961 3630 multa
974 3548 1011 3649 (²)
1026 3578 1111 3630 cum
1126 3565 1259 3633 autore
1279 3558 1376 3632 circa
1398 3564 1617 3653 praesentem

446 3685 584 3756 statum
610 3683 648 3752 et
663 3668 699 3770 (θ)
727 3677 891 3750 futuram
910 3677 989 3750 eius
1006 3675 1192 3752 fortunam
1211 3678 1248 3751 in
1268 3678 1383 3772 brevi,
1401 3678 1470 3751 ibi:
1498 3682 1541 3751 Ei
1558 3698 1620 3750 co-

447 3789 583 3872 emnerii
609 3797 649 3869 In
676 3795 781 3870 tertia
806 3801 915 3868 autor
942 3796 1135 3890 respondet
1159 3797 1206 3871 ad
1232 3797 1401 3891 quaedam
1430 3803 1526 3873 tacta
1554 3816 1620 3891 per

447 3917 562 4011 illum,
588 3914 782 3990 ostendens
807 3935 914 3987 snam
942 3916 1076 3990 bonam
1102 3916 1373 4013 dispositionem
1390 3924 1428 3993 et
1449 3917 1619 3993 intentio-

448 4056 546 4130 nem,
568 4035 636 4108 ibi:
663 4038 707 4108 Se
727 4039 822 4128 fosse
847 4040 939 4107 tutto.
967 4035 1006 4107 ln
1033 4043 1165 4130 quarta
1190 4044 1226 4112 et
1251 4037 1380 4113 ultima
1404 4037 1521 4111 dictus
1547 4036 1619 4133 spi-

448 4157 541 4231 ritus
566 4155 731 4230 nominat
756 4154 897 4247 aliquos
929 4155 1086 4249 pollutos
1117 4163 1244 4229 contra
1271 4166 1452 4250 naturam,
1478 4155 1525 4229 de
1549 4155 1617 4228 isto

444 4417 512 4492 per
541 4401 647 4469 tanto.
679 4394 733 4469 Ad
763 4395 924 4489 primum
965 4395 1045 4469 dico
1083 4396 1181 4489 qood
1215 4383 1374 4488 autori)
1402 4394 1522 4490 primo
1554 4393 1646 4469 de-·

446 4517 571 4592 scribit
610 4514 707 4589 viam
746 4535 813 4609 per
849 4534 964 4608 quam
1000 4515 1185 4589 babebant
1218 4514 1373 4589 transire
1407 4535 1474 4610 per
1510 4514 1617 4591 istam

508 4737 538 4803 (¹)
554 4739 584 4790 li.
600 4753 670 4790 nunc
687 4743 763 4789 autor
778 4739 804 4788 in
820 4739 870 4788 isto
886 4743 965 4788 cantu
981 4736 1042 4800 agit.
1234 4734 1262 4798 (¹)
1278 4735 1309 4785 E.
1325 4735 1447 4786 muttum.

508 4815 536 4880 t')
553 4821 607 4878 mc,
623 4820 650 4866 et
666 4815 785 4866 tutorum
803 4815 859 4865 eius
874 4815 902 4864 in
917 4813 997 4864 brevi.

509 4892 537 4955 (⁸)
553 4892 584 4942 B.
600 4896 692 4943 auctor
707 4892 819 4943 osoendlt
834 4895 861 4942 et
876 4889 997 4941 describit
1012 4889 1097 4952 primo
1113 4887 1190 4939 rhm.

580 5001 595 5042 1.
1457 4997 1484 5038 ³¹2
