4154 6546
784 790 921 848 caurus
947 790 1103 848 muamus
1127 790 1287 846 rannus.
1550 772 1621 844 l33

450 940 522 1011 lum
547 942 606 1030 qui
627 942 694 1032 suit
719 946 798 1011 nate
821 942 914 1012 nihil.
935 939 999 1013 llic
1025 958 1187 1032 namque
1204 937 1330 1010 inlimo
1350 956 1488 1031 genere
1505 942 1622 1027 ortus,

449 1067 537 1153 puta
563 1081 608 1132 ex
637 1066 741 1154 patre
767 1059 903 1155 ignoto,
922 1067 959 1133 et
977 1066 1096 1133 matre
1121 1057 1339 1131 muliercula
1364 1057 1518 1149 abiecta,
1539 1076 1624 1148 qum
1772 1153 1774 1156 y

451 1181 690 1255 mendicando
716 1201 823 1254 suam
850 1188 888 1255 et
913 1180 974 1253 filii
1001 1181 1114 1254 vitam
1140 1180 1285 1274 inopem
1320 1178 1454 1252 misere
1479 1183 1624 1250 susten-

448 1301 573 1393 tabat,
605 1301 752 1374 tandem
782 1308 863 1394 post
892 1301 1053 1373 studium
1085 1300 1277 1373 literarum
1303 1319 1444 1393 pauper
1478 1318 1501 1371 a
1534 1317 1623 1370 casu

450 1422 651 1516 perductus
670 1423 717 1497 ad
744 1423 1018 1518 imperatorem,
1035 1442 1182 1496 sacrum
1209 1422 1384 1515 palatium
1409 1420 1568 1516 ingenio,
1586 1427 1623 1492 ct

452 1541 600 1617 fortuna
616 1543 717 1616 dives
737 1543 909 1636 incoluit3
927 1550 1147 1636 tantumque
1167 1562 1339 1636 processu
1362 1541 1535 1636 temporis
1552 1540 1623 1613 im·

451 1662 577 1757 periali
609 1663 746 1757 lavore,
772 1672 853 1737 arte
882 1662 1051 1755 dictandi,
1076 1673 1113 1737 et
1138 1663 1233 1758 juris
1257 1662 1371 1736 civilis
1403 1661 1531 1757 peritia
1557 1661 1624 1734 llo-

450 1783 535 1876 ruit,
562 1790 605 1856 ut
639 1783 743 1877 quasi
778 1783 838 1857 illo
869 1791 1036 1877 tempore
1066 1804 1139 1857 non
1173 1774 1378 1873 haberet(¹)
1403 1803 1541 1876 parem.
1569 1781 1632 1852 Ex·

451 1922 526 1996 quo
553 1903 589 1976 iu
614 1903 729 1977 oculis
755 1903 986 1998 imperatoris
1011 1903 1128 1976 lactus
1147 1902 1330 1997 gratiosus
1347 1908 1384 1977 et
1401 1922 1522 1995 carue,
1543 1921 1623 1973 ma-

448 2042 531 2117 guae
552 2022 665 2096 curia
688 2023 971 2117 protonotarius,
997 2022 1233 2115 consiliarius,
1255 2021 1381 2117 judex,
1408 2029 1445 2095 el
1469 2041 1624 2094 arcano-

449 2162 534 2214 rum
549 2143 715 2216 conscius
732 2153 788 2219 est
805 2133 1014 2234 ellectus(²).
1031 2142 1143 2216 Cuius
1160 2141 1355 2237 singularis
1373 2141 1623 2215 familiaritatis

448 2262 546 2355 apud
571 2262 833 2358 imperatorem
868 2263 935 2335 luit
968 2264 1038 2335 hoc
1073 2261 1239 2334 mirabile
1272 2261 1431 2357 signum,
1458 2261 1556 2355 quod
1586 2260 1622 2333 in

450 2383 679 2476 neapolitano
705 2382 837 2477 palatio
863 2382 1043 2477 effigiatus
1068 2387 1149 2456 erat
1178 2381 1378 2475 imperator
1403 2388 1441 2454 et
1466 2381 1621 2455 Petrus:

454 2523 549 2575 unus
582 2503 617 2575 in
650 2503 751 2597 solio,
777 2503 870 2575 alter
903 2502 1073 2575 insede:
1101 2501 1257 2596 populus
1286 2508 1412 2575 autem
1442 2500 1489 2574 ad
1513 2500 1623 2594 pedes

451 2622 681 2717 imperatoris
701 2623 959 2717 procumbens,
972 2621 1151 2717 justitiam
1177 2621 1213 2695 in
1239 2621 1359 2695 causis
1376 2621 1443 2694 sibi
1460 2620 1539 2693 lieri
1556 2641 1623 2714 po-

451 2743 609 2820 stulabat
633 2744 688 2816 his
713 2743 902 2817 versibus:
923 2749 1058 2834 Cesar,
1084 2764 1187 2817 amor
1208 2746 1334 2835 epum,
1351 2746 1514 2816 dedomo
1532 2745 1623 2835 piis-

449 2867 534 2936 sime
548 2884 671 2954 repam
692 2868 888 2938 Causarum
905 2868 991 2938 telus
1011 2869 1223 2937 Nostrarum
1247 2867 1341 2938 solve
1357 2866 1526 2955 peneto.
1548 2864 1621 2935 lm-

450 2990 598 3077 perator
622 2991 749 3058 autem
781 2984 972 3058 videbatur
1003 2983 1093 3057 dare
1118 2985 1190 3057 tale
1220 3003 1435 3078 responsum
1462 2984 1517 3056 his
1542 2984 1620 3057 aliis

450 3103 640 3178 versibus:
665 3110 738 3177 Pro
763 3110 880 3178 entra
905 3108 961 3178 lite
980 3109 1164 3177 deonorum
1179 3105 1277 3194 jnrts
1302 3107 1394 3176 adite
1406 3130 1421 3196 ;
1447 3108 1514 3177 Hic
1537 3126 1621 3177 num

444 3226 536 3316 jura
561 3227 669 3316 dedit,
696 3229 750 3299 vel
767 3247 836 3318 per
861 3247 915 3298 nte
940 3228 1061 3299 danda
1085 3225 1226 3316 repulit
1237 3250 1249 3296 .·
1281 3227 1393 3297 Vineoe
1419 3246 1623 3316 copnornen,

450 3351 573 3418 Petrus
586 3335 622 3437 (³)
633 3346 750 3435 sudem
773 3353 824 3418 est
845 3348 911 3420 eoi
925 3366 1060 3418 nomen.
1081 3346 1173 3419 Cum
1199 3351 1325 3419 autem
1347 3351 1443 3419 esset
1468 3345 1625 3419 intanto

450 3467 611 3540 culmine
636 3466 866 3559 constitutus,
894 3467 1078 3540 inlamiam
1104 3465 1316 3560 proditionis
1341 3465 1515 3560 incurrit3
1542 3466 1623 3541 ideo

450 3586 497 3661 ab
525 3585 749 3681 imperatore
782 3586 922 3661 carceri
947 3586 1055 3660 datus
1079 3607 1124 3660 ac
1148 3592 1318 3680 caecatus,
1344 3586 1536 3681 desperate
1567 3587 1657 3662 vla

451 3713 525 3781 tam
552 3706 676 3783 linivit.
698 3709 742 3779 Et
767 3708 853 3802 quia
871 3709 950 3781 haec
974 3706 1123 3782 inlamia
1141 3705 1358 3782 infidelitatis
1381 3707 1527 3801 publica
1544 3708 1621 3802 luit,

449 3828 532 3903 ideo
549 3829 644 3904 bene
668 3836 775 3925 poeta
805 3829 942 3903 inducit
962 3830 1113 3903 Petrum
1136 3836 1320 3923 petentem
1347 3828 1482 3902 lamam
1501 3828 1567 3901 sibi
1582 3817 1620 3919 l‘)

450 3950 550 4024 reddi
570 3951 589 3992 *
606 3943 657 4042 (⁵),
692 3958 729 4025 et
768 3951 865 4045 rupit
903 3971 1059 4045 parvum
1099 3950 1366 4044 ramusculum,
1407 3956 1448 4023 ut
1486 3949 1622 4023 laceret

451 4070 636 4143 modicum
661 4070 838 4144 damnum
864 4071 1001 4164 arbori,
1019 4078 1057 4146 et
1082 4077 1308 4146 tamencum
1335 4090 1471 4164 magno
1495 4070 1622 4144 dolore

448 4189 626 4284 patientis,
653 4190 751 4264 unde
775 4191 897 4265 statim
924 4191 1024 4286 ponit
1054 4189 1239 4284 ellectum,
1264 4190 1399 4264 scilicet
1428 4190 1618 4283 querelam

447 4308 544 4383 illius
568 4309 714 4404 spiritus
741 4311 880 4405 inclusi,
898 4311 1078 4385 dioens:e
1102 4313 1127 4383 ’l
1150 4318 1272 4383 trunco
1295 4331 1360 4382 suo
1383 4302 1513 4400 prldd:
1535 4331 1622 4401 per-

447 4426 509 4502 cite*
536 4451 589 4502 mc
616 4434 798 4504 ordinate?
831 4438 868 4506 et
899 4430 1030 4525 repetit
1059 4430 1104 4504 ad
1135 4429 1410 4524 exprimendam
1442 4429 1620 4503 maiorem

448 4551 650 4645 querelam,
667 4551 813 4626 dicens:
832 4574 851 4624 e
877 4544 1044 4625 comincid
1065 4573 1089 4623 α
1109 4554 1253 4642 pridar,
1274 4547 1402 4644 percle*
1424 4542 1473 4623 mi
1495 4553 1621 4642 scopi,

508 4767 537 4830 (¹)
553 4768 584 4819 Ε.
599 4769 726 4820 habuerit
763 4777 766 4783 '
1140 4768 1215 4831 (¹213.
1231 4773 1270 4820 est
1286 4769 1377 4820 lanua

508 4842 536 4905 l'l
551 4845 583 4896 Ε.
601 4846 692 4896 Palm
706 4852 742 4896 est
756 4847 805 4896 ribi
818 4860 918 4898 nomm.
1143 4845 1169 4908 (⁸)
1185 4845 1211 4896 S.
1228 4845 1275 4896 slot
1292 4845 1403 4896 restitui.

507 4921 536 4984 (¹)
552 4922 645 4974 unca
661 4924 704 4974 nel
719 4923 813 4976 Codlue
830 4930 876 4976 lla
892 4928 990 4989 quanto
1006 4926 1021 4974 e
1037 4936 1174 4988 comptem
1190 4923 1230 4975 l'ru
1245 4924 1254 4974 l
1269 4923 1320 4974 due
1335 4923 1477 4973 mterachl.

582 5029 603 5075 1.
1456 5029 1485 5074 n
