4154 6546
480 803 550 870 rm
876 817 1080 871 counnrmr
1106 818 1257 870 rnrnnnr

478 964 515 1034 di
538 965 616 1053 quet
639 963 817 1051 mtoame,
835 962 925 1035 idest
942 962 988 1036 de
1005 962 1065 1036 itto
1084 964 1162 1037 iaco
1178 957 1215 1053 (¹)
1236 961 1448 1057 sanguineo.
1467 960 1527 1032 Est
1544 959 1643 1033 enirn

477 1081 664 1155 Buticame
695 1083 797 1154 lacus
828 1103 936 1175 aquae
966 1082 1103 1176 rubeat,
1134 1082 1269 1174 calidae,
1301 1081 1520 1175 sulphureae,
1547 1079 1644 1174 apud

478 1199 703 1294 viterbium,
730 1201 811 1275 ideo
844 1203 937 1276 bene
963 1209 1070 1276 vocat
1101 1202 1207 1276 istam
1238 1223 1374 1295 aquam
1406 1200 1647 1296 sanguineam

478 1322 677 1397 bulientem
704 1324 871 1394 buluame
894 1343 960 1417 per
986 1323 1268 1397 similitudinem.
1296 1323 1349 1396 De
1374 1322 1442 1395 isto
1459 1321 1647 1394 Bulicame

478 1444 619 1518 dicetur
645 1444 785 1538 plenius
810 1443 903 1517 infra
929 1443 1087 1537 capituto
1113 1444 1210 1537 x1v3
1237 1448 1273 1517 et
1299 1442 1405 1516 dicit:
1431 1444 1541 1533 infirm
1566 1461 1590 1512 a
1611 1442 1647 1512 tu

478 1567 574 1654 yolo,
599 1564 646 1637 ad
675 1565 922 1638 denotandum
956 1565 1055 1658 quod
1087 1564 1142 1637 isti
1173 1566 1319 1637 fuerant
1350 1563 1471 1635 minus
1500 1560 1648 1635 violenti

480 1705 591 1777 quam
619 1685 745 1778 primi3
771 1685 852 1759 ideo
879 1684 999 1756 minus
1026 1685 1292 1778 torquebantur
1310 1675 1360 1776 (²),
1387 1682 1472 1776 quia
1505 1680 1648 1756 stabant

480 1805 598 1876 sotum
626 1805 695 1876 sub
720 1805 897 1900 sanguine
923 1804 1113 1896 usquead
1144 1806 1346 1900 gulam-
1364 1804 1557 1875 Mostrocci.
1584 1800 1648 1872 Hic

479 1930 588 1997 autor
629 1924 802 2015 ostendit,
839 1924 995 2018 qualiter
1032 1924 1166 1998 Nessus
1204 1923 1401 1998 ostenderit
1438 1922 1490 1996 eis
1529 1941 1646 1993 unum

481 2043 704 2137 singularem
738 2045 938 2119 violentum
971 2045 1017 2118 de
1045 2051 1154 2140 gente
1180 2045 1258 2137 ista,
1288 2043 1351 2137 qui
1376 2042 1557 2117 commisit
1581 2042 1649 2114 bo-

481 2163 666 2237 micidium
693 2163 800 2237 nimis
817 2163 1027 2238 detestabile
1044 2165 1140 2258 apud
1158 2163 1367 2258 pr'aedictam
1386 2162 1569 2235 civitatem
1590 2159 1651 2233 Vi-

441 1870 470 1940 Ν

484 2283 599 2355 terbii.
623 2283 674 2355 Ad
701 2283 974 2379 intelligendum
1001 2283 1100 2357 clarc
1124 2283 1274 2357 crudete
1300 2283 1449 2375 facinus,
1468 2280 1566 2374 quod
1592 2279 1652 2353 bic

482 2404 663 2499 tangitur,
702 2405 847 2498 expedit
888 2405 996 2498 scire,
1036 2405 1133 2498 quod
1171 2404 1349 2478 Henricus
1391 2424 1457 2478 ren
1498 2401 1648 2497 Angtiae,

483 2523 591 2596 buius
609 2514 645 2615 (3)
674 2524 829 2597 nominis
855 2525 993 2617 tertiuS,
1021 2524 1202 2597 bonorum
1231 2523 1408 2618 regalium
1436 2521 1649 2615 dilapidator

482 2649 519 2716 et
545 2643 727 2738 prodigus,
755 2644 838 2718 secit
863 2645 1018 2718 barones
1044 2644 1110 2717 sibi
1141 2645 1316 2736 rebelles3
1350 2663 1509 2736 quorum
1536 2661 1650 2736 opera

482 2783 549 2836 rex
580 2763 742 2837 Francia
772 2763 869 2835 misit
902 2763 937 2835 in
968 2764 1134 2860 Angliam
1165 2765 1362 2858 Symonem
1400 2762 1572 2837 comitem
1605 2760 1653 2834 de

482 2883 684 2956 Montesorti
705 2872 755 2977 (⁸),
780 2885 901 2957 virum
932 2891 1126 2958 strennum
1160 2892 1197 2958 et
1227 2884 1399 2958 idoneum
1438 2903 1565 2978 regno,
1591 2880 1654 2974 qui

446 3104 452 3119 υ
483 3002 635 3076 coniecit
665 3003 701 3076 in
727 3004 871 3077 rincuta
902 3005 1098 3078 Henricum
1126 3025 1263 3100 regem,
1291 3011 1328 3077 ct
1352 3002 1549 3077 Ricardum
1576 3001 1651 3074 sra-

485 3129 578 3196 trem
600 3123 691 3218 cius,
708 3129 745 3196 et
763 3123 853 3197 filios
874 3125 981 3219 regis.
1000 3124 1071 3198 Sed
1084 3124 1302 3198 Adduardus
1318 3115 1353 3215 (⁵)
1373 3121 1648 3218 primogenitus,

483 3243 539 3316 vir
570 3242 700 3315 inctitae
730 3242 883 3336 virtutis,
918 3245 1032 3316 evasit
1068 3245 1256 3318 velocitate
1287 3243 1391 3336 equi;
1428 3243 1489 3335 qui
1525 3248 1649 3336 postea

483 3363 633 3437 feliciter
662 3363 855 3438 debellavit
884 3365 1077 3457 praesatum
1104 3365 1300 3460 Symoncm
1331 3363 1403 3437 iarn
1429 3353 1465 3455 (⁶)
1497 3383 1649 3459 gravem

483 3483 697 3576 baronibus,
736 3483 821 3576 quia
863 3485 1021 3578 superbe
1059 3483 1104 3556 ad
1144 3484 1247 3579 regni
1284 3483 1416 3556 solium
1454 3482 1648 3576 aspirabat,

484 3624 595 3696 quem
622 3604 704 3678 fecit
729 3604 765 3676 in
793 3611 914 3698 partes
934 3596 969 3695 (⁷)
997 3604 1179 3697 dissecari,
1206 3604 1346 3678 eteius
1371 3603 1538 3698 pudenda
1557 3603 1593 3675 in
1609 3623 1652 3675 os

484 3723 562 3795 cius
589 3723 743 3795 immitti.
771 3724 829 3796 Sic
853 3723 1069 3797 Adduardus
1095 3724 1222 3817 victor,
1249 3733 1403 3818 patrem,
1420 3730 1595 3819 patruum
1614 3711 1652 3814 (⁸)

485 3851 522 3918 et
547 3845 677 3917 fratres
702 3865 788 3917 suos
821 3844 1010 3937 liberavit,
1042 3845 1104 3938 qui
1130 3852 1254 3938 postea
1290 3845 1379 3939 patri
1409 3844 1583 3918 successit
1615 3843 1652 3914 in

486 3986 610 4061 regno.
629 3966 905 4039 verumtamem
924 3966 1197 4038 contumeliosa
1214 3967 1342 4039 mortis
1363 3964 1530 4061 Symonis
1555 3963 1654 4036 Hen-

485 4086 583 4159 ricus
622 4085 716 4158 tilius
751 4085 892 4158 Ricardi
928 4085 1099 4179 praedicti,
1131 4085 1424 4181 consanguineus
1456 4082 1652 4176 Adduardi,

334 4184 343 4201 ’
486 4206 552 4278 tuit
577 4205 808 4299 postmodum
835 4225 973 4299 poenas.
1001 4205 1092 4278 Nam
1119 4226 1204 4278 curn
1238 4206 1420 4299 Philippus
1446 4224 1512 4279 ren
1538 4204 1653 4277 Fran-

485 4326 551 4399 ciae
582 4326 675 4399 fitius
705 4326 877 4400 Ludovici
908 4325 1032 4417 sancti,
1065 4325 1206 4399 rediens
1240 4347 1262 4399 a
1294 4325 1436 4398 Tunitio
1468 4345 1553 4398 cum
1585 4326 1653 4399 Ca-

485 4448 564 4519 roto
594 4467 683 4541 rege
719 4447 857 4539 Sicitiae,
888 4445 1112 4540 pervenisset
1146 4445 1180 4516 in
1216 4446 1354 4519 ltaliam
1388 4445 1434 4519 ad
1468 4445 1652 4519 civitatem

546 4696 572 4759 (¹)
588 4698 612 4746 S.
628 4711 643 4746 e
661 4698 690 4746 E.
708 4699 740 4747 dc
756 4699 803 4749 iiio
820 4699 887 4749 loco.
1155 4696 1182 4757 (⁸)
1198 4697 1228 4746 E.
1246 4701 1408 4760 torquentur.

546 4774 571 4834 (¹)
589 4775 614 4823 S.
631 4788 646 4823 e
662 4774 692 4824 E.
709 4777 785 4826 huius
801 4778 904 4826 nornine
920 4776 1020 4825 tertius.
1154 4774 1181 4834 (⁸)
1198 4775 1229 4823 Ε.
1245 4775 1277 4824 de
1294 4773 1460 4826 Monteforte.

548 4851 574 4911 (·)
591 4851 620 4898 Ε.
639 4851 774 4902 ruminus
789 4856 851 4915 (eost
866 4857 985 4916 compre).
1155 4851 1181 4914 (⁸)
1197 4851 1223 4901 S.
1240 4852 1292 4902 inm
1308 4865 1416 4902 exosum
1433 4851 1579 4902 baronibus.

549 4928 575 4988 (’)
593 4928 624 4978 Ε.
640 4930 666 4978 in
682 4935 767 4991 portes
782 4931 903 4981 decemb
1157 4926 1183 4990 (¹)
1199 4929 1225 4979 S.
1242 4935 1355 4993 μῑῐιια.
