4154 6546
738 830 740 834 ,
767 769 903 825 usurus
929 768 1095 825 necinus.
1443 751 1512 821 347

342 916 545 1012 sciendum,
570 914 670 1010 quud
701 915 737 989 in
763 915 968 1009 nectunt,
998 914 1122 990 Uberti
1153 912 1315 989 volentes
1345 910 1514 1008 superbia

341 1060 410 1113 sua
435 1037 654 1113 submittere
677 1037 867 1133 populum,
886 1037 1038 1112 luerunt
1057 1034 1198 1131 expulsi
1215 1055 1301 1110 cum
1324 1034 1462 1127 lurore,
1479 1037 1516 1107 et

341 1159 378 1232 in
404 1155 482 1253 ipse
508 1157 670 1233 tumultu
696 1156 765 1231 luit
793 1157 1006 1232 interiectus
1036 1155 1185 1252 quidam
1217 1152 1444 1229 Sebiatncins
1469 1151 1516 1226 de

343 1279 496 1373 libertis,
522 1285 560 1353 et
583 1278 678 1353 alius
703 1278 852 1353 nomine
875 1278 1034 1353 Ubertus
1060 1266 1230 1368 Cairia(¹)
1256 1284 1383 1371 eaptus
1407 1274 1516 1349 deca-

341 1399 477 1495 pitatus
501 1398 588 1493 luit3
605 1398 776 1475 Farinatu
793 1419 880 1472 cum
900 1397 979 1473 aliis
994 1396 1138 1471 Ubertis
1155 1401 1192 1469 et
1213 1394 1431 1491 quibusdam
1449 1414 1516 1469 nu-

341 1517 474 1593 bilibus
510 1517 700 1614 ghibelinis
739 1517 802 1592 ivit
821 1509 858 1611 (²)
886 1516 1010 1612 Senes,
1042 1517 1104 1591 ubi
1137 1523 1224 1592 tunc
1254 1515 1400 1613 vigebat
1430 1535 1515 1610 pars

340 1636 534 1731 ghibelina.
560 1638 645 1712 Post
667 1636 761 1713 duos
785 1657 912 1731 annos,
939 1636 1106 1713 videlicet
1129 1636 1293 1731 MCCLX,
1318 1633 1513 1712 Florentini

342 1775 428 1830 eum
467 1756 635 1833 amicitiis
672 1776 818 1852 eorum,
852 1757 987 1833 scilieet
1023 1755 1189 1852 Lucanis,
1223 1755 1512 1851 pistoriensibus,

341 1874 578 1952 Urbevetanis
597 1866 634 1969 (³)
662 1886 700 1954 et
723 1875 803 1950 aliis
834 1875 980 1952 iverunt
1012 1876 1059 1951 de
1092 1896 1219 1951 mense
1248 1875 1394 1973 augusti
1425 1895 1511 1949 curn

345 2016 480 2091 magno
505 1996 669 2073 exercitu
705 2006 743 2072 et
772 1995 935 2071 maximo
967 2001 1145 2093 apparatu
1166 1982 1201 2087 (⁴)
1231 1994 1442 2071 victualium
1467 1990 1513 2067 ad

342 2114 566 2191 fulciendum
592 2115 946 2209 Mentem-alcinum‚
970 2114 1070 2208 quod
1095 2122 1150 2190 est
1175 2115 1366 2190 castellum
1392 2114 1429 2187 in
1452 2133 1515 2189 eo-

341 2235 472 2310 mitalu
493 2235 687 2330 Seuerum,
712 2240 841 2310 centra
866 2256 960 2331 quos
976 2241 1159 2311 venerunt
1174 2234 1344 2310 deminus
1364 2234 1515 2310 Provin-

339 2354 467 2429 cianus
492 2354 672 2450 Sylvanus
696 2353 866 2428 dominus
892 2375 1079 2450 senarum,
1104 2375 1229 2430 eomes
1254 2355 1430 2431 Iordanus
1458 2356 1514 2430 al-

340 2473 420 2549 linis
434 2474 531 2570 regis
542 2473 727 2568 llanlredi,
738 2473 1088 2550 missusabeoeum
1102 2474 1317 2573 octingentis
1330 2473 1515 2569 equitibus

340 2593 557 2671 theutonicis
583 2593 620 2669 in
644 2593 846 2668 subsidium
865 2594 1060 2691 Senarum,
1084 2594 1255 2671 dominus
1280 2595 1448 2671 Farinata
1467 2595 1514 2671 de

339 2713 496 2807 Ubertis,
509 2713 679 2789 domiuus
694 2713 881 2791 Gerardus
894 2706 931 2807 (⁵)
947 2715 994 2791 de
1013 2714 1217 2791 Lambertis
1234 2736 1320 2791 cum
1339 2715 1415 2790 suis
1431 2715 1513 2813 gbl·

340 2832 468 2908 belinis
485 2833 597 2929 pulsis
613 2833 660 2911 de
678 2834 873 2929 Florentia,
898 2841 935 2911 et
959 2843 1229 2913 concurremnt
1253 2837 1374 2911 ambae
1391 2843 1513 2932 partes

343 2952 426 3028 tutis
463 2952 602 3029 viribus
621 2943 658 3048 (⁰)
697 2955 795 3051 apud
833 2957 1193 3054 Mentem-apertum,
1237 2956 1312 3059 ubi,
1350 2957 1512 3033 breviter

340 3072 503 3167 dicende,
529 3072 723 3148 Florentini
751 3075 901 3150 luerunt
924 3076 1093 3152 debellati
1118 3098 1205 3151 cum
1232 3097 1365 3172 magna
1390 3083 1513 3172 strage

338 3215 513 3289 suerum3
540 3193 646 3289 pauni
672 3194 814 3289 equites
832 3184 869 3287 (l
896 3196 1075 3273 interlecti
1100 3197 1262 3293 luerunt,
1288 3195 1352 3272 sed
1376 3196 1424 3271 de
1447 3216 1513 3293 po-

338 3316 425 3409 pulo
450 3314 543 3390 lacta
571 3313 637 3390 luit
662 3314 820 3390 erudelis
843 3316 983 3411 caedes3
1003 3322 1164 3413 quatuor
1189 3314 1300 3391 millia
1326 3336 1514 3392 remanse-

341 3442 429 3511 runt
453 3435 603 3531 mortui,
629 3435 736 3513 multi
760 3435 866 3532 capti,
892 3443 928 3513 et
959 3437 1163 3513 amiserunt
1194 3443 1310 3517 tutam
1338 3436 1513 3534 predam,

338 3576 423 3651 quae
452 3562 533 3631 erat
562 3555 736 3633 maxima.
768 3556 821 3630 Er
855 3555 924 3632 istu
954 3557 1124 3633 conflictu
1157 3558 1320 3652 terribili,
1353 3559 1512 3633 multum

338 3674 490 3750 luerunt
514 3675 708 3751 debilitatae
734 3675 831 3751 vires
856 3677 968 3773 pertis
999 3678 1168 3775 guelpbae
1200 3678 1236 3752 in
1267 3678 1440 3774 Tbuscia3
1466 3677 1513 3755 de

340 3815 415 3887 qua
441 3794 592 3870 victoria
618 3795 810 3871 cardinalis
826 3796 1046 3875 Octavianus
1065 3798 1112 3874 de
1130 3797 1311 3874 Ubaldiuis
1332 3798 1415 3875 lecit
1431 3820 1512 3875 ma·

338 3934 454 4009 gnum
485 3914 662 4010 gaudium
695 3915 732 3989 in
764 3916 884 4009 curia3
910 3923 998 3993 tune
1032 3918 1126 3994 alius
1156 3916 1365 4013 Cardinalis,
1394 3917 1512 3995 dietus

339 4023 516 4127 Albus(⁸)‚
542 4033 654 4109 dixit:
680 4035 769 4130 quid
794 4036 956 4115 letaris?
980 4038 1080 4134 quod
1105 4037 1263 4114 victores
1292 4043 1403 4113 erunt
1428 4038 1510 4115 vinti

336 4158 537 4249 perpetue?
553 4155 655 4230 etsie
672 4155 772 4230 visus
789 4163 844 4233 est
861 4159 1050 4254 propheta,
1067 4158 1154 4253 quia
1173 4178 1293 4253 usque
1310 4158 1346 4231 in
1363 4156 1510 4233 bodier-

338 4294 424 4349 nam
461 4274 557 4350 diem
591 4276 764 4371 ghibelini
807 4277 854 4354 de
890 4278 1073 4355 Florentia
1118 4285 1205 4355 sunt
1241 4277 1391 4354 exclusi.
1429 4278 1512 4353 Fuit

336 4401 462 4471 autem
480 4394 548 4472 iste
560 4396 683 4472 infelix
695 4398 884 4474 conflictus
905 4420 979 4475 nna
996 4399 1055 4475 die
1070 4399 1186 4477 sabati
1203 4410 1336 4495 quarta
1350 4406 1512 4496 septem-

1403 4538 1508 4547 ——--—..

396 4582 470 4644 (¹)1t.
485 4583 560 4635 Caria
576 4591 667 4649 eaptus
682 4586 731 4637 luit
746 4591 773 4637 et
789 4587 955 4650 mmmmm
972 4588 1100 4638 farinate

396 4658 424 4723 Γ)
441 4665 495 4723 ltu,
512 4663 625 4714 iverunt.
1072 4664 1101 4726 s‘)
1117 4665 1148 4717 E.
1165 4666 1310 4717 Urbem

396 4738 422 4799 (¹)
442 4739 468 4792 S.
484 4752 501 4791 e
517 4744 572 4803 rte,
588 4747 713 4811 anpantu
729 4742 763 4797 ul
777 4741 948 4795 llrleleutlurn.
1071 4742 1100 4811 (“)
1115 4742 1145 4794 lt
1161 4742 1317 4795 (beurim.

397 4814 424 4877 (⁸)
440 4814 471 4866 Β.
488 4816 585 4867 viribus
601 4823 661 4871 ante
676 4820 803 4875 Mentem.
1074 4818 1102 4880 (’)
1117 4819 1144 4871 Β.
1160 4822 1276 4873 ωωΙία.

397 4889 424 4965 (Τ)
441 4891 470 4943 Β.
488 4892 614 4944 ΔΙδοηω
628 4894 662 4945 lle
677 4894 781 4957 Panna,
798 4894 869 4947 dixit
