4154 6546
736 781 875 836 cunum
900 776 1046 831 ramus
1451 755 1497 823 89

325 941 403 1011 talo
418 934 543 1008 arrimo
560 929 660 1025 quod
676 929 756 1003 haec
772 924 917 1000 ridetur
932 941 1023 996 vera
1043 917 1220 1012 expositio
1240 917 1343 989 istius
1363 916 1498 1010 litere,

326 1054 405 1128 nec
430 1051 528 1127 euim
554 1049 623 1124 luit
651 1044 797 1141 propriu
826 1041 978 1116 intentio
1009 1036 1150 1113 autoris
1179 1036 1257 1109 sive
1285 1035 1393 1128 bona,
1423 1035 1501 1109 sire

325 1173 436 1264 mala,
462 1176 505 1245 ut
529 1173 648 1264 potest
672 1165 772 1239 clare
791 1158 1035 1236 demonstrari
1055 1158 1094 1231 in
1113 1155 1238 1229 multis
1263 1155 1352 1228 locis
1376 1161 1415 1228 et
1438 1174 1501 1229 ca·

326 1291 448 1387 pitulis
478 1290 571 1382 libri,
606 1293 643 1361 et
672 1283 876 1380 specialiter
907 1287 946 1354 et
979 1296 1152 1373 expresse
1183 1276 1342 1370 capitulo
1372 1275 1501 1349 ultimo

326 1410 547 1508 Purgalorii,
573 1407 637 1481 ubi
661 1407 739 1500 ipse
762 1409 873 1477 autor
897 1398 1006 1474 dicit:

481 1588 587 1661 Olt'io
610 1587 734 1675 veppio
758 1587 977 1670 contenente,
1003 1572 1132 1670 cpord
1148 1580 1174 1650 ’l
1196 1597 1326 1666 παντο,
1379 1559 1385 1569 ’

478 1712 508 1780 Α
534 1709 647 1780 dorne
672 1711 782 1794 tempo
806 1691 868 1792 pn
891 1701 985 1773 stelle
1003 1701 1210 1791 propinque.

252 1915 255 1919 ·
333 1892 506 1969 Similiter
529 1888 738 1986 Purgatorii
762 1886 922 1982 capitulo
940 1886 1007 1959 xx
1032 1886 1242 1960 exclamans
1267 1890 1395 1958 contra
1415 1903 1505 1956 avu-

333 2013 455 2089 ritiam
479 2011 589 2087 dicit:

560 2178 590 2247 0
614 2174 690 2264 ciel,
715 2174 773 2243 nel
795 2156 851 2243 cni
872 2172 978 2260 pirar
997 2190 1072 2262 par
1097 2171 1156 2241 cle
1180 2170 1211 2240 si
1234 2169 1342 2241 creda

482 2299 529 2367 Le
554 2293 740 2367 condizion
765 2292 804 2363 di
827 2283 980 2381 pnoppiri
1005 2289 1242 2378 traantnlarri,

486 2414 636 2502 mando
661 2399 769 2482 verrd
791 2429 857 2501 per
881 2410 937 2481 cni
960 2415 1079 2505 onesta
1103 2409 1275 2480 discede?

333 2590 446 2681 Quasi
470 2589 589 2665 dicat:
617 2585 765 2680 quando
789 2584 911 2660 reniet
936 2584 1087 2677 reltrus,
1107 2603 1175 2677 per
1197 2602 1309 2677 quem
1335 2583 1422 2676 lupa
1443 2601 1508 2674 re-

334 2711 441 2791 cedat
463 2710 511 2786 de
536 2706 700 2783 mundet
724 2707 770 2781 Et
792 2703 879 2780 dicit
904 2703 1002 2797 q'uod
1027 2704 1149 2779 reniet
1168 2702 1240 2778 cito
1260 2701 1420 2776 Paradisi
1445 2721 1509 2776 cu·

335 2831 451 2927 pitulo
475 2827 616 2922 xxvu,
643 2826 707 2900 ubi
730 2824 838 2901 dicit:

536 3011 621 3105 ,Mn
646 3008 755 3078 tollo
774 3006 1008 3096 promdenza,
1034 3005 1093 3076 cite
1117 3023 1183 3075 con
1208 3005 1321 3094 septo
1427 3064 1430 3069 ⁴

487 3126 603 3219 Disese
628 3144 652 3195 a
676 3128 790 3196 Roma
815 3125 852 3194 la
875 3124 993 3211 plenia
1018 3121 1240 3211 detinendo,

486 3232 661 3317 Soecorrd
687 3247 786 3332 msto,
810 3233 841 3313 si
865 3242 999 3312 eorn’io
1024 3240 1206 3331 eulampio,-

336 3437 377 3505 et
392 3429 443 3505 ita
462 3429 501 3503 in
516 3428 642 3502 multis
657 3427 735 3501 aliis
752 3426 850 3501 locis.
868 3427 962 3500 Nota
979 3426 1089 3500 etiam
1111 3425 1210 3519 quod
1221 3411 1224 3418 ’
1234 3432 1344 3499 autor
1369 3423 1513 3499 ridetur

338 3549 434 3625 relle
457 3548 581 3623 dicere
606 3548 715 3643 idem,
741 3546 840 3642 quod
865 3547 1063 3621 voluerunt
1087 3545 1148 3618 alii
1174 3545 1292 3638 multi,
1309 3545 1386 3620 sive
1412 3566 1512 3645 rere,

336 3668 416 3745 sire
441 3667 542 3761 salse,
568 3667 716 3761 scilicet,
742 3667 842 3760 quod
866 3672 1031 3760 pastores
1047 3665 1210 3741 ecclesiae
1235 3665 1466 3760 deponantur
1490 3689 1514 3742 a

337 3787 500 3865 dominio
527 3807 655 3863 rerum
681 3785 953 3881 temporalium,
977 3786 1091 3860 etsie
1121 3786 1274 3861 avaritia
1304 3785 1452 3859 liniatur
1477 3786 1514 3860 in

338 3908 403 3984 eis
428 3907 534 3995 Quod
558 3915 685 3983 autem
705 3907 772 4002 ipsi
788 3907 928 4002 praelati
953 3907 1025 3980 sint
1049 3907 1257 4003 subjectum
1283 3914 1321 3982 et
1343 3914 1514 3982 centrum

299 4116 303 4128 „
339 4026 453 4123 ipsius
476 4026 651 4121 avaritie,
677 4026 763 4101 dicit
787 4033 897 4101 autor
922 4026 1061 4120 ubique
1086 4046 1152 4119 per
1178 4033 1309 4121 totum,
1341 4032 1379 4101 et
1410 4026 1516 4121 quasi

339 4165 500 4241 semper,
526 4145 674 4239 qrrando
699 4145 784 4221 iacit
808 4146 1032 4220 mentionem
1058 4145 1105 4220 dc
1129 4144 1293 4220 avaritia.
1319 4128 1532 4239 Seouitur?

342 4269 381 4341 di
403 4268 518 4358 emila
541 4269 644 4340 unde
674 4269 780 4340 ltalia
809 4270 862 4359 fia
892 4269 1026 4359 salnte;
1052 4265 1131 4340 vult
1164 4264 1287 4339 dicere
1310 4265 1410 4359 quod
1436 4264 1517 4339 tulis

344 4385 511 4481 princeps
536 4386 684 4460 iuturus
708 4387 779 4461 erit
795 4385 1041 4482 principaliter
1057 4387 1157 4460 salus
1173 4384 1295 4479 ltaliae,
1314 4385 1400 4479 quia
1416 4386 1518 4460 ltalia

343 4503 506 4580 maxime
531 4504 667 4602 indiget
692 4507 933 4600 reparatione,
952 4512 990 4580 et
1006 4504 1192 4599 potissime
1209 4505 1268 4578 illa
1285 4526 1370 4599 pars
1394 4506 1517 4599 ltaliae,

345 4623 409 4699 ubi
434 4631 490 4699 est
513 4624 643 4719 Roma,
663 4626 751 4719 quia
776 4626 876 4700 ltalia
901 4624 1077 4700 hodierna
1102 4624 1161 4699 die
1184 4631 1241 4699 est
1267 4625 1428 4699 maxime
1452 4645 1519 4721 op-

344 4764 481 4841 pressa,
508 4750 545 4818 et
570 4745 733 4841 subjecta
759 4745 951 4841 tyrannidi,
975 4750 1013 4818 et
1037 4744 1125 4839 qnia
1149 4745 1187 4817 in
1211 4744 1313 4821 ltalia
1330 4746 1422 4821 solet
1437 4766 1518 4820 esse

343 4864 451 4940 aedes
474 4865 666 4940 sacerdotii
691 4871 729 4941 et
753 4864 895 4959 imperii
926 4864 964 4938 in
993 4886 1038 4941 ea
1069 4872 1185 4961 parte,
1212 4865 1273 4940 uhi
1303 4870 1359 4940 ent
1388 4865 1515 4941 Roma
