3990 6540
826 819 970 875 caurus
998 818 1165 875 uncinus.
1509 810 1587 877 aar·

412 969 581 1043 versabat
595 962 633 1060 (¹)
658 988 725 1062 pro
756 968 849 1042 velle
878 988 957 1060 suo,
990 974 1027 1042 et
1057 967 1253 1061 aliquando
1284 968 1400 1042 tenuit
1434 989 1516 1043 eam
1544 969 1580 1042 in

413 1088 597 1164 montibus
621 1087 812 1162 Florentiae
826 1087 861 1161 in
882 1088 990 1161 terris
1007 1108 1162 1161 suorum
1180 1108 1246 1182 per
1262 1088 1402 1182 aliquot
1419 1109 1581 1183 menses3

411 1215 448 1284 et
480 1228 577 1305 sepe
601 1208 816 1283 defendebat
842 1209 961 1302 palam
990 1208 1144 1283 rebelles
1173 1209 1335 1283 ecclesiae
1360 1216 1488 1284 contra
1513 1211 1583 1285 Pa·

412 1351 496 1426 pam
518 1336 556 1404 et
573 1328 795 1421 cardinalem
809 1328 877 1402 luit
903 1349 1059 1423 magnus
1080 1336 1266 1423 protector
1291 1340 1328 1405 et
1353 1331 1475 1405 lautor
1499 1332 1583 1426 gbi'-

411 1450 631 1543 belinomm‚
649 1456 687 1524 ct
703 1450 806 1543 quasi
824 1449 1011 1524 obtinebat
1029 1449 1204 1542 quidquid
1221 1450 1375 1523 volebat.
1403 1451 1482 1545 lpse
1499 1452 1583 1528 lecit

410 1571 572 1666 primum
586 1570 906 1665 archiepiscopum
924 1570 970 1644 de
987 1570 1098 1644 domo
1110 1569 1365 1643 vicecomitum
1381 1571 1581 1668 Mediolani,

410 1691 473 1784 qui
499 1690 672 1765 exaltavit
698 1690 847 1784 stirpem
873 1710 978 1763 suam
1004 1688 1050 1763 ad
1075 1689 1278 1763 dominium
1297 1690 1391 1764 illius
1416 1691 1580 1787 civitatis,

409 1820 446 1887 et
470 1813 582 1886 altam
609 1811 804 1906 potentiam
832 1810 869 1883 in
899 1809 1133 1884 Lombardia:
1164 1817 1244 1884 erat
1274 1813 1431 1885 multum
1463 1813 1581 1886 bono-

410 1938 511 2006 ratus
535 1939 573 2006 et
597 1930 827 2021 lormidatus;
855 1929 947 2024 ideo,
974 1929 1121 2023 quando
1145 1931 1334 2004 dicebatur
1359 1936 1463 2005 tunc:
1490 1932 1581 2005 Car-

407 2052 535 2126 dinalis
567 2051 657 2126 dixit
688 2051 762 2144 sic3
797 2050 994 2124 cardinalis
1025 2050 1107 2124 lecit
1137 2050 1210 2143 sic⁴3
1241 2050 1510 2146 intelligebatur
1534 2052 1581 2126 de

407 2171 580 2247 cardinali
605 2172 803 2246 Octaviano
832 2171 878 2244 de
907 2170 1089 2244 Ubaldinis
1114 2189 1180 2264 per
1207 2171 1471 2245 excellentiam.
1499 2171 1582 2246 Fuit

409 2298 532 2367 tamen
565 2292 759 2386 epicureus
791 2310 836 2364 ex
872 2289 983 2386 gestis
1016 2297 1053 2363 et
1087 2289 1207 2364 verbis
1241 2291 1342 2384 eius;
1376 2312 1462 2365 nam
1492 2311 1579 2365 cum

408 2412 523 2486 semel
541 2412 699 2506 petiisset
715 2433 737 2484 a
759 2410 948 2506 ghibelinis
965 2409 1104 2483 Tusciae
1121 2418 1261 2485 certam
1279 2410 1443 2505 pecuniae
1460 2431 1580 2504 quan-

410 2535 548 2608 titatem
575 2553 642 2627 pro
667 2553 743 2605 uno
769 2533 875 2625 lacto,
900 2541 938 2607 ct
963 2551 1035 2605 uon
1060 2531 1284 2624 obtinuisset,
1306 2532 1471 2626 prorupit
1489 2532 1581 2604 indi-

409 2661 564 2751 gnanter
589 2661 626 2727 et
650 2653 743 2726 irate
767 2651 804 2724 in
829 2652 923 2725 banc
949 2670 1101 2725 vocem:
1128 2651 1157 2724 si
1178 2652 1385 2744 animarent,
1406 2671 1477 2747 ego
1495 2671 1598 2746 pery

409 2775 481 2848 didi
505 2774 621 2868 ipsam
646 2773 776 2846 millies
800 2793 867 2867 pro
892 2771 1091 2868 gbibelinis.
1120 2773 1162 2844 Et
1183 2772 1366 2846 concludit
1385 2771 1578 2846 Farinata:

408 2901 441 2966 ct
463 2896 555 2983 deplt
579 2895 664 2965 altri
687 2896 736 2965 mi
760 2896 879 2984 mocio,
906 2893 992 2985 quia
1019 2892 1125 2965 nimis
1156 2899 1251 2966 esset
1284 2892 1435 2986 longum
1470 2913 1580 2966 enar-

411 3033 496 3087 rare
526 3013 625 3087 viros
656 3013 867 3109 magnificos
896 3014 942 3087 de
972 3020 1070 3086 secta
1101 3013 1373 3106 epicureorum,
1404 3019 1441 3086 et
1470 3012 1579 3086 etiam

409 3139 504 3208 esset
528 3133 760 3208 inhonestum
787 3140 824 3208 et
845 3134 984 3207 malum
1003 3134 1213 3227 exemplum
1232 3132 1462 3206 audientibus
1488 3134 1581 3207 inla-

409 3273 512 3327 mare
537 3252 703 3327 bomines
729 3253 774 3326 de
799 3253 860 3326 tali
889 3253 1031 3345 baeresi,
1058 3252 1123 3324 nisi
1145 3252 1190 3324 sit
1206 3252 1355 3325 omnino
1377 3253 1577 3327 manifesta.

407 3375 461 3446 Ab
488 3379 578 3467 quot
603 3380 688 3447 sunt
714 3373 885 3465 baeretici,
907 3373 969 3467 qui
996 3372 1211 3446 simulanter
1229 3372 1399 3446 videntur
1416 3356 1580 3473 catholici

409 3493 542 3569 timore
560 3485 597 3586 (¹)
623 3495 681 3568 vel
701 3514 821 3589 poenae
838 3495 895 3568 vel
914 3492 1085 3566 infamiae!
1099 3533 1148 3546 -
1163 3496 1257 3566 Inde.
1276 3493 1340 3566 llic
1365 3493 1494 3567 ultimo
1510 3513 1580 3567 au-

409 3622 478 3708 tor,
498 3613 599 3687 linito
619 3634 791 3688 sermone
816 3634 885 3688 suo
910 3634 995 3687 cum
1022 3612 1192 3687 Farinata
1209 3613 1255 3686 de
1276 3613 1429 3688 materia
1456 3613 1583 3707 epicu-

409 3754 574 3827 reorum,
599 3753 698 3806 nunc
724 3733 923 3807 revertitur
951 3733 998 3807 ad
1023 3732 1285 3806 conferendum
1316 3752 1402 3806 cum
1433 3733 1582 3828 Virgilio

408 3854 455 3928 de
480 3853 589 3928 exilio
609 3874 688 3947 suo,
707 3854 806 3946 quod
831 3853 896 3927 sibi
914 3853 1132 3948 praedixerat
1157 3873 1268 3946 supra
1289 3854 1467 3929 Farinata.
1489 3853 1581 3928 llicit

407 3993 499 4069 ergo
523 3972 740 4046 continuans
764 3973 858 4046 dicta
882 3971 1064 4047 dicendis:
1095 3975 1175 4045 inde
1205 3976 1233 4045 s'
1247 3994 1379 4062 oreore,
1405 3974 1496 4047 idest
1520 3974 1581 4049 ille

408 4093 577 4167 Farinata
609 4092 738 4166 deinde
773 4093 826 4165 bis
859 4093 961 4166 dictis
996 4093 1147 4168 retraxit
1180 4114 1221 4166 se
1245 4093 1340 4166 intra
1373 4114 1511 4187 arcam,
1543 4101 1580 4168 et

408 4212 530 4306 posuit
544 4203 581 4304 (³)
610 4233 649 4287 se
673 4213 720 4286 ad
747 4212 937 4286 iacendum
964 4233 1049 4286 cum
1076 4213 1166 4306 aliis,
1191 4221 1224 4285 ct
1245 4218 1281 4286 to
1311 4217 1398 4286 notri
1424 4218 1439 4286 i
1466 4217 1579 4306 possi,

408 4332 500 4407 idest
526 4332 651 4424 redivi,
677 4337 777 4405 inocr
802 4336 825 4404 t'
837 4336 955 4405 arctico·
974 4339 1091 4424 poeto,
1117 4333 1209 4407 idest
1234 4353 1363 4407 versus
1388 4333 1577 4430 Virgilium

407 4453 470 4547 qui
490 4458 570 4528 erat
588 4460 663 4526 tam
679 4442 715 4544 (⁸)
741 4453 914 4545 antiquus
938 4460 1058 4548 poeta,
1079 4453 1142 4546 qui
1164 4453 1287 4529 lloruit
1306 4459 1473 4548 tempore
1492 4454 1578 4528 boni

406 4572 605 4665 Octaviani,
629 4575 844 4665 rtpcruondo
868 4594 894 4644 a
918 4575 998 4665 quel
1013 4576 1147 4665 portur
1171 4575 1231 4646 cte
1248 4577 1296 4646 mi
1308 4593 1424 4666 porco
1440 4576 1580 4666 ntndco,

813 4766 862 4772 —
879 4765 1230 4773 ——-———-—.
1239 4766 1286 4772 —..
1299 4767 1456 4773 .---.——
1465 4769 1474 4774 -
1483 4769 1577 4776 ——..

470 4861 496 4922 r)
514 4861 544 4911 xc.
561 4861 676 4911 venun
1052 4860 1081 4925 ρ)
1098 4862 1128 4912 1³.
1145 4861 1239 4912 omn
1255 4873 1337 4927 pm·
1352 4860 1404 4914 rot

471 4936 499 4999 ω
516 4941 571 4999 uo,
587 4941 752 5002 omn
1050 4937 1079 5002 (⁸)
1095 4940 1149 5000 rra,
1166 4939 1371 5004 mutnus
