4154 6546
450 795 521 859 212
848 804 1050 859 COMENTUM
1074 805 1224 859 INFERNI

452 955 489 1023 et
514 949 764 1042 passionatus:
792 948 888 1022 unde
912 948 1019 1024 dicit:
1043 951 1165 1040 peseto
1189 951 1350 1021 clt't'ntesi
1372 953 1481 1040 quelle
1501 952 1615 1023 mame

452 1073 592 1160 offense,
619 1090 714 1162 quae,
732 1069 819 1163 quia
842 1069 1079 1161 olienderant,
1105 1069 1187 1142 ideo
1207 1068 1355 1142 ollensae
1375 1078 1471 1163 sunt,
1500 1072 1615 1143 eldam

448 1191 476 1261 tt
500 1192 586 1279 vise,
617 1188 709 1263 idest
739 1188 908 1262 inclinavi
939 1189 1164 1263 intellectum
1193 1188 1400 1282 contusum,
1429 1212 1449 1262 e
1482 1197 1577 1262 taam
1593 1191 1619 1259 ’t

450 1311 541 1378 eaor·
577 1308 680 1378 bosso
711 1306 846 1381 scilicet
880 1307 1103 1402 stupetactus
1138 1308 1200 1381 tali
1231 1307 1364 1382 effectu
1399 1308 1616 1396 amantium,

446 1421 560 1516 fincte*
573 1429 598 1498 't
618 1433 733 1517 poeta,
751 1426 885 1500 scilicet
902 1425 1083 1522 Virgilius,
1105 1430 1154 1500 nti
1173 1430 1276 1518 desse,
1293 1430 1353 1499 clre
1368 1448 1489 1519 perse,
1507 1426 1610 1519 quasi

448 1545 563 1617 dicat:
591 1553 646 1618 est
672 1552 814 1618 tantum
840 1545 912 1618 sic:
941 1546 991 1618 ita
1019 1545 1102 1619 lacit
1125 1566 1242 1620 amor.
1269 1546 1312 1618 m
1337 1546 1437 1640 ponit
1463 1564 1613 1638 respon·

448 1665 587 1737 sionem
613 1687 718 1739 suam
744 1666 790 1739 ad
807 1665 1016 1759 petitionem
1037 1665 1181 1759 Virgilii,
1199 1665 1342 1739 dicens:
1362 1670 1402 1737 lo
1418 1667 1612 1753 cominciot,

448 1787 602 1874 otasso,
628 1784 728 1877 idest,
754 1786 802 1858 ab
828 1785 1004 1857 miserum
1030 1784 1195 1858 dolenter
1221 1785 1352 1876 resero,
1379 1789 1499 1875 quanti
1521 1786 1613 1857 dulci

448 1907 589 1994 suspirt,
603 1904 688 1996 quia
702 1903 796 1976 istud
813 1910 868 1977 est
879 1902 987 1976 dulce
1001 1923 1195 1993 venenum,
1210 1904 1332 1976 suavis
1346 1924 1466 1996 mors;
1484 1911 1613 1994 queam

448 2027 549 2112 (delo,
567 2023 657 2096 idest
673 2044 784 2114 quam
803 2022 933 2095 ardens
950 2029 987 2095 et
1003 2021 1244 2095 affectuosum
1262 2021 1495 2114 desiderium,
1513 2014 1614 2096 mend

449 2152 586 2214 nestore
611 2145 650 2214 ot
672 2145 836 2214 doloroso
856 2163 978 2232 passo,
1000 2140 1133 2214 scilicet
1150 2140 1277 2213 mortis
1300 2140 1468 2214 violentae
1493 2147 1531 2213 et
1556 2140 1613 2214 in-

450 2263 564 2354 samiS,
592 2256 654 2333 ubi
679 2260 828 2334 luerunt
854 2260 1008 2355 turpiter
1029 2259 1198 2354 jugulati,
1224 2266 1261 2332 et
1277 2259 1382 2332 dicit:
1402 2262 1543 2349 quando
1559 2262 1612 2330 rt·

448 2385 555 2471 spesi,
581 2381 666 2472 quia
692 2401 765 2452 non
789 2380 906 2472 potuit
931 2379 1050 2452 statim
1077 2378 1296 2471 respondere
1325 2378 1370 2450 ad
1400 2378 1608 2471 petitionem

450 2499 585 2592 Virgilii
611 2519 656 2570 ex
683 2499 792 2570 nimia
814 2498 1063 2591 compassione
1082 2496 1252 2569 turbante
1267 2516 1366 2570 enm.
1384 2497 1427 2570 Et
1449 2497 1506 2570 bic
1523 2504 1609 2569 nota

449 2617 547 2707 quod
574 2623 647 2687 tam
667 2616 834 2710 Virgilius
852 2636 963 2707 quarn
982 2616 1116 2687 Dantes
1132 2615 1200 2687 luit
1220 2635 1365 2688 summe
1386 2616 1610 2708 passionatus

450 2735 514 2806 ista
540 2734 705 2826 passione
731 2734 890 2823 amoris,
917 2732 997 2806 ideo
1015 2752 1145 2805 secure
1165 2732 1306 2806 conlert
1325 2754 1450 2806 secum
1468 2734 1513 2807 de
1530 2754 1611 2806 ma·

450 2852 538 2924 teria
566 2853 642 2924 ista.
669 2853 742 2925 Nec
768 2852 937 2946 Virgilius
963 2851 1170 2945 indignatur
1193 2852 1256 2944 qui
1281 2852 1366 2925 dicit
1385 2852 1422 2924 in
1447 2852 1611 2925 Buccoli-

448 2972 520 3043 cis:
557 2974 682 3043 Omnia
710 2974 812 3043 oirrett
833 2991 936 3041 eruor
961 2978 994 3041 et
1019 2973 1271 3042 corcedomus
1297 2974 1421 3042 atnort'.
1445 2970 1530 3042 Haec
1558 2977 1612 3043 est

448 3089 544 3160 enim
571 3091 777 3163 communis
801 3090 910 3183 pestis
935 3090 1100 3162 omnium
1126 3095 1330 3182 poetarum.
1349 3089 1611 3162 Verumtamen

449 3229 518 3301 ego
544 3208 601 3280 bic
627 3209 712 3280 satis
737 3208 903 3302 indignor
919 3208 965 3282 de
982 3209 1199 3300 quibusdam
1218 3207 1419 3280 dicentibus
1437 3208 1494 3280 bic
1515 3206 1612 3300 quod

448 3334 557 3398 antor
584 3347 655 3398 non
682 3327 837 3400 debebat
854 3346 991 3419 ponere
1008 3327 1075 3400 ista
1094 3327 1293 3400 trulatoria.
1312 3326 1506 3399 Considera
1530 3325 1559 3399 si
1577 3325 1612 3396 in

425 3447 508 3517 tali
535 3447 689 3519 materia
714 3453 824 3518 autor
849 3453 991 3538 poterat
1010 3439 1046 3536 (¹)
1075 3447 1172 3537 loqui
1198 3445 1353 3518 nobilius
1380 3452 1416 3518 et
1443 3445 1583 3519 melius

522 3570 588 3637 Pei
600 3569 647 3637 mi
658 3568 779 3637 riootsr‘
791 3586 815 3634 α
827 3569 892 3635 lor.
909 3567 979 3637 lsta
991 3572 1046 3637 est
1058 3565 1184 3656 quinta
1197 3584 1282 3658 pars
1295 3564 1475 3658 generalis
1489 3565 1524 3635 in
1538 3584 1611 3655 qua

448 3693 556 3759 autor
581 3687 668 3780 petit
689 3684 866 3757 declarari
887 3684 933 3756 de
956 3704 1029 3755 uno
1051 3683 1161 3755 dubio
1186 3703 1208 3754 a
1235 3682 1396 3775 predicto
1412 3683 1555 3774 spiritu3
1574 3691 1611 3755 et

450 3809 567 3899 primo
586 3805 685 3899 ponit
701 3803 903 3876 orationem
922 3823 1027 3875 suam
1045 3801 1090 3874 ad
1108 3801 1310 3896 praedictos,
1330 3802 1367 3873 in
1390 3822 1463 3894 qua
1490 3801 1610 3894 primo

448 3927 531 3999 lacit
556 3946 666 3997 suum
688 3921 900 4012 exordium,
921 3920 1081 3994 secundo
1103 3921 1324 4014 petitionem,
1351 3928 1387 3993 et
1412 3919 1610 4012 alloquitur

449 4046 560 4135 ipsam
580 4028 808 4115 Franciscam
835 4061 919 4132 quae
936 4040 1054 4132 primo
1075 4040 1195 4112 luerat
1219 4040 1340 4112 locuta
1361 4060 1497 4113 secum.
1520 4038 1611 4112 Dicit

447 4183 537 4257 ergo
552 4167 633 4253 :pot
650 4165 697 4234 mr'
712 4164 834 4233 riootsi
850 4181 873 4231 a
891 4163 959 4249 tor,
976 4159 1077 4251 idest,
1096 4166 1287 4252 postquam
1307 4158 1450 4231 locutus
1467 4157 1609 4230 sueram

449 4282 595 4376 Virgilio
621 4282 667 4355 de
692 4278 898 4353 miserando
924 4278 1054 4351 inlelici
1080 4297 1207 4350 amore
1231 4276 1387 4349 istorum
1405 4267 1455 4367 (²),
1475 4276 1610 4351 revolvi

448 4424 507 4473 me
527 4402 572 4474 ad
592 4421 656 4474 eos
675 4407 716 4471 ut
732 4399 961 4472 declararent
981 4395 1132 4489 denno,
1149 4398 1351 4488 eperta'io
1376 4417 1395 4466 e
1419 4397 1611 4483 comitatui,

446 4523 583 4611 supple,
610 4519 742 4609 dicere,
762 4526 910 4611 captans
935 4516 1233 4589 benivolentiam:
1260 4537 1281 4585 o
1308 4520 1505 4585 Francesca
1530 4517 1544 4584 t
1565 4515 1613 4584 toi

447 4643 594 4727 nrm-tiri,
622 4638 722 4728 idest,
751 4645 812 4710 tua
839 4637 933 4711 dura
958 4635 1194 4726 cruciamina,
1222 4636 1269 4705 mi
1290 4638 1402 4725 semro
1429 4634 1540 4719 msto,
1565 4649 1611 4703 ex

509 4904 535 4960 (Ἴ
552 4901 576 4950 S.
594 4904 720 4964 potuerat.
1092 4896 1119 4955 (¹)
1134 4897 1159 4946 s.
1176 4897 1299 4959 ignorum,
