4154 6546
866 768 1004 827 caurus
1028 770 1205 836 ouranos.
1552 756 1620 826 137

447 936 512 993 aru
526 909 550 991 e*
563 935 648 989 cosa
664 916 838 989 1111111-
850 919 902 988 Or
918 916 1141 989 discordum.
1168 915 1233 990 llic
1248 921 1359 990 autor
1375 914 1545 990 describit
1568 917 1624 991 in·

447 1035 599 1113 troitum
625 1034 672 1110 ad
697 1033 859 1129 primum
884 1034 1076 1129 circulum,
1094 1040 1132 1109 et
1156 1035 1276 1130 primo
1297 1034 1400 1132 tingit
1416 1038 1516 1129 quod
1541 1038 1625 1111 Vir-

445 1155 555 1254 gilius
579 1161 680 1230 totus
705 1155 922 1230 terrefactus
947 1155 1156 1230 invitaverit
1174 1148 1212 1247 (¹)
1238 1156 1395 1231 eumad
1421 1157 1533 1230 istum
1559 1158 1625 1232 de-

447 1294 631 1352 scensum.
649 1274 752 1350 Unde
768 1274 876 1349 dicit:
897 1277 1009 1348 tlmto
1022 1282 1139 1370 poeto,
1157 1274 1292 1350 scilicet
1308 1275 1489 1371 Virgilius,
1511 1295 1622 1370 quem

448 1395 693 1492 principaliter
708 1387 745 1488 (¹)
765 1395 944 1490 assumpsi
962 1396 1050 1468 mihi
1067 1395 1113 1469 ad
1133 1395 1350 1470 imitandum
1368 1396 1463 1470 inter
1480 1402 1624 1471 ceteros

447 1521 586 1612 postas,
613 1522 697 1598 actm
717 1518 877 1606 dmorto,
902 1514 1006 1608 idest,
1031 1514 1194 1609 pallidus,
1215 1508 1395 1607 comiam'd,
1413 1515 1551 1609 supple,
1568 1515 1623 1588 di-

448 1656 536 1713 cere
559 1635 660 1730 mihi,
685 1656 731 1709 or
753 1636 966 1709 discendiom
991 1656 1062 1727 quo
1085 1630 1146 1725 pot
1161 1638 1220 1708 nel
1234 1639 1325 1709 occo
1353 1638 1493 1729 mondo,
1519 1635 1621 1727 idest,

448 1756 496 1833 ad
529 1757 640 1831 istum
673 1755 840 1830 infimum
871 1762 1008 1830 statum
1043 1755 1235 1829 viciorum.
1267 1757 1311 1831 Et
1338 1756 1445 1830 dicit:
1476 1760 1512 1829 io
1543 1751 1623 1830 scrd

449 1879 580 1970 patrm,
606 1877 676 1951 hoc
700 1876 796 1970 dicit,
822 1875 909 1969 quia
926 1874 1097 1971 Virgilius
1113 1875 1233 1970 primo
1246 1867 1283 1968 (⁸)
1306 1876 1493 1971 descripsit
1514 1878 1623 1951 latine

450 1998 556 2072 1111111
582 1995 789 2089 materiam,
815 2001 853 2070 et
878 1994 989 2069 etiam
1016 1993 1102 2087 quia
1128 1994 1221 2070 ratio
1239 2015 1385 2091 semper
1401 1996 1511 2072 debet
1529 2017 1624 2091 prae·

449 2115 592 2210 cedere,
618 2138 637 2191 c
661 2118 819 2190 11111ναί
841 2117 998 2206 dcondo,
1024 2115 1111 2209 quia
1132 2116 1268 2192 scilicet
1284 2118 1484 2193 imitaberis
1509 2117 1623 2192 mein

450 2237 518 2313 ista
542 2235 796 2332 descriptione,
822 2241 860 2310 et
884 2235 936 2309 sic
960 2234 1035 2310 eris
1059 2236 1242 2310 secundus
1272 2237 1368 2312 inter
1392 2245 1518 2332 poetas
1543 2237 1624 2311 lati-

451 2376 528 2432 nos.
540 2359 646 2429 -nt
667 2359 713 2429 io.
740 2355 804 2430 llic
829 2361 939 2429 autor
954 2362 1080 2429 movet
1097 2356 1336 2449 quaestionem
1352 2344 1507 2453 ¹Virgilio
1526 2357 1624 2431 circa

453 2477 533 2555 eins
557 2477 741 2571 timorem,
767 2495 928 2572 arguens
944 2495 991 2550 ex
1009 2477 1079 2550 hoc
1096 2476 1195 2569 quod
1208 2465 1246 2567 (⁸)
1265 2497 1338 2552 non
1362 2477 1493 2552 debeat
1519 2477 1623 2571 sequi

450 2618 549 2673 enm.
576 2597 678 2673 Unde
702 2596 811 2672 dicit:
838 2603 871 2670 et
892 2599 929 2670 io
952 2599 1013 2669 cte
1029 2601 1078 2671 mi
1093 2601 1148 2691 sot
1166 2605 1309 2672 occorto
1328 2600 1386 2671 dcl
1399 2600 1529 2690 colore,
1554 2598 1625 2673 sci·

452 2717 537 2794 licet
560 2718 607 2792 de
630 2717 781 2814 pallore,
805 2720 905 2809 dissi,
930 2716 1066 2792 scilicet
1089 2718 1250 2815 Virgilio,
1267 2739 1364 2792 come
1388 2711 1507 2810 eard,
1532 2718 1624 2792 idest

452 2856 527 2932 qua
551 2838 758 2914 temeritate
781 2837 940 2932 veniam,
965 2859 1002 2911 se
1027 2845 1063 2911 ta
1077 2843 1234 2931 paventi,
1251 2839 1342 2914 idest
1352 2831 1390 2930 (ὓ)
1406 2840 1571 2934 pavescis
1587 2844 1624 2912 et

453 2956 628 3052 pallescis
652 2960 712 3031 elle
734 2960 825 3031 snott
840 2978 934 3031 esser
950 2961 1111 3052 confort>
1131 2962 1173 3043 ol
1184 2962 1255 3033 mio
1275 2961 1434 3033 duitor?
1455 2980 1541 3034 nam
1560 2980 1625 3032 su-

453 3076 578 3173 perius
601 3076 640 3150 in
664 3076 825 3152 secundo
850 3077 1009 3172 capitulo
1034 3077 1205 3173 Virgilius
1228 3079 1352 3175 arguit
1369 3099 1456 3153 eum
1473 3080 1520 3153 de
1546 3077 1625 3151 vili-

452 3203 529 3278 tato
553 3202 591 3273 et
614 3195 919 3292 pusillanimitate,
945 3205 983 3273 et
1011 3199 1178 3272 hortatus
1207 3199 1275 3272 luit
1306 3218 1393 3273 eum
1420 3197 1623 3294 magnifice.

452 3320 510 3393 ltd
526 3320 592 3393 elli.
618 3317 684 3392 llic
707 3317 808 3411 ponit
832 3319 1107 3412 responsionem
1133 3318 1270 3415 Virgilii
1286 3316 1333 3393 ad
1350 3338 1457 3392 suam
1483 3316 1626 3412 petitio-

455 3458 540 3515 nem
564 3437 709 3513 dioens:
726 3444 760 3511 et
773 3440 831 3511 elli
847 3460 871 3511 a
887 3461 955 3530 mc,
973 3439 1119 3532 scilicet,
1136 3440 1307 3536 Virgilius
1324 3439 1508 3534 respondit
1524 3439 1625 3531 milri,

454 3557 670 3634 utbreviter
684 3557 785 3650 dixit,
804 3557 904 3653 quod
921 3559 989 3635 iste
1008 3579 1124 3654 pavor
1140 3566 1178 3634 et
1193 3560 1310 3655 pallor
1327 3579 1401 3633 non
1424 3567 1626 3634 causantur

452 3679 490 3755 in
512 3698 561 3755 eo
584 3697 633 3754 ex
657 3678 803 3771 timore,
834 3679 898 3754 sed
927 3699 974 3754 ex
1008 3681 1270 3776 compassione,
1302 3701 1415 3775 quam
1446 3681 1556 3756 habet
1580 3682 1626 3756 de

453 3798 540 3875 virts
563 3796 765 3872 illustribus
780 3786 816 3890 (⁶)
842 3797 1024 3873 damnatis
1041 3800 1100 3873 ibi.
1119 3801 1211 3875 Dicit
1227 3820 1341 3897 crgo:
1360 3804 1565 3893 tonposcio
1583 3803 1627 3874 de

453 3921 613 4012 uocati,
637 3917 730 3993 idest
753 3919 922 4015 angustia
947 3920 1114 3995 virorum
1147 3923 1346 4017 clarorum,
1372 3923 1432 3995 cle
1459 3943 1526 3996 sou
1556 3941 1626 4014 pao

453 4035 525 4134 pto,
543 4039 682 4115 scilieet
705 4039 743 4112 in
766 4035 981 4135 isto'primo
1006 4041 1144 4116 circulo
1168 4042 1313 4136 luterni,
1333 4042 1464 4137 privati
1489 4050 1626 4118 aeterna

454 4159 592 4236 visione
616 4159 694 4254 Ilei,
719 4162 769 4233 mi
792 4162 933 4253 d‘mtnpe
956 4164 1015 4234 nel
1038 4164 1126 4253 viso,
1152 4161 1244 4236 idest
1268 4162 1460 4255 pretendit
1484 4163 1573 4236 mihi
1590 4163 1627 4237 in

455 4277 558 4374 facie,
583 4283 697 4372 patto
716 4282 825 4373 pieta,
851 4280 954 4375 idest,
980 4281 1283 4375 compassionem,
1308 4282 1368 4354 cle
1396 4289 1431 4354 tn
1454 4286 1542 4355 senti
1560 4303 1628 4374 per

455 4409 559 4495 cmo,
583 4401 686 4496 idest,
712 4421 825 4495 quam
852 4401 1024 4496 pietatem
1053 4409 1091 4475 tu
1118 4403 1229 4476 sentis
1245 4402 1325 4476 loco
1345 4401 1494 4496 timoris,
1513 4408 1550 4475 et
1566 4421 1629 4475 ac-

455 4520 542 4619 cipis
566 4541 635 4619 pro
660 4521 793 4597 timore
818 4528 956 4638 elnon
980 4522 1075 4597 bene
1097 4521 1226 4616 credis,
1244 4541 1331 4596 cnm
1349 4540 1422 4595 non
1440 4521 1630 4615 proveniat

516 4754 543 4819 (¹)
559 4753 589 4804 n
606 4753 767 4806 mutarent.
1101 4753 1128 4817 (V
1145 4760 1199 4819 tto,
1216 4755 1393 4820 prlnotpnlem.

517 4828 543 4889 (V
559 4833 615 4889 lto,
631 4829 739 4894 primns.
1100 4831 1127 4892 (¹)
1143 4831 1174 4881 B.
1190 4831 1315 4896 quonlam
1330 4845 1382 4882 non
1400 4830 1499 4881 debeat.

516 4904 544 4966 l'l
559 4904 591 4959 Β·
606 4905 672 4958 tuot
687 4906 709 4958 tl
725 4909 846 4971 1111111111.
1101 4906 1128 4967 (⁸)
1146 4912 1200 4966 tlt,
1216 4908 1262 4972 qni
1278 4912 1339 4959 sunt
1354 4908 1467 4958 damnati
1482 4907 1525 4956 ibi.
