4154 6546
452 772 522 836 222
846 782 1048 838 COMENTUM
1073 783 1223 838 lornant

449 927 543 1000 ulter
559 925 800 1022 -podragicam
816 919 871 1017 (¹):
899 926 996 1000 unde
1020 927 1111 1001 solet
1135 927 1228 1001 diei:
1258 946 1305 1001 rot
1328 930 1478 1004 donnons
1505 944 1523 1004 'e
1548 936 1615 1007 due

447 1048 601 1139 quw,
618 1051 656 1119 et
673 1045 725 1118 sic
740 1044 863 1118 omnia
883 1052 1071 1139 ponuntur
1085 1045 1132 1119 ad
1149 1046 1327 1122 rationem
1352 1068 1496 1144 eornm,
1520 1051 1614 1126 siout

447 1164 589 1240 dicebat
614 1165 763 1258 quidam
788 1165 952 1240 medicus
974 1165 1122 1258 quando
1139 1164 1283 1240 videhut
1304 1167 1464 1260 aliquem
1484 1170 1612 1245 laoere

448 1306 561 1359 unam
587 1283 888 1359 inordinationem
905 1284 944 1375 in
960 1284 1053 1377 cibo,
1073 1291 1175 1379 potu,
1192 1287 1250 1359 rel
1266 1287 1377 1359 coitu.
1394 1287 1487 1361 Dicit
1506 1309 1613 1385 ergo:

448 1409 485 1475 to
504 1408 664 1495 meppie,
690 1403 780 1478 idest
805 1404 908 1478 varin
931 1404 1062 1498 passio,
1086 1406 1112 1477 t·
1132 1409 1174 1498 so
1198 1407 1332 1495 tulare,
1352 1404 1443 1480 idest
1468 1408 1615 1501 latrare,

449 1543 543 1595 corne
560 1527 653 1614 nont,
665 1531 702 1598 et
718 1524 822 1597 dicit:
840 1527 889 1595 da
905 1526 983 1596 tuo
997 1526 1122 1596 de‘toti
1134 1528 1247 1617 sonno
1263 1543 1288 1595 o
1304 1526 1429 1598 dnltro
1445 1529 1615 1618 schemo,

450 1645 541 1717 idest
565 1643 866 1738 temperationem
880 1635 917 1734 (²)
945 1662 1050 1716 more
1073 1642 1334 1716 dimicantium.
1360 1644 1425 1718 llio
1445 1652 1500 1718 est
1516 1646 1613 1720 euim

453 1784 532 1837 mos
555 1762 797 1855 intirmorum,
815 1762 913 1854 quod
938 1761 1127 1835 credentes
1154 1761 1269 1835 vitare
1288 1762 1453 1837 dolorem
1475 1771 1542 1837 aut
1557 1785 1616 1838 re-

451 1884 572 1977 perire
596 1882 769 1975 quietern,
794 1901 893 1954 nuuc
922 1882 1074 1954 volvunt
1104 1899 1145 1954 se
1172 1900 1284 1973 super
1309 1882 1404 1955 latus
1430 1883 1615 1976 dextrum,

452 2022 549 2075 nuuc
572 2020 683 2096 super
712 2001 922 2092 sinistrum,
948 2006 985 2073 et
1009 2000 1078 2072 hoc
1108 2000 1223 2094 magis
1254 1999 1364 2073 habet
1394 2020 1536 2096 augere
1565 2004 1617 2076 eis

452 2140 609 2215 poeuam,
634 2119 722 2212 quia
746 2119 869 2193 omnia
895 2119 1061 2193 membra
1085 2119 1169 2192 laesa
1194 2137 1342 2192 neeesse
1367 2126 1422 2192 est
1448 2126 1489 2192 ut
1513 2140 1536 2193 a
1562 2122 1616 2193 la-

452 2243 542 2315 bore
566 2240 765 2333 quiescant,
790 2245 833 2311 ut
856 2237 973 2331 inquit
997 2237 1202 2311 Avioennn:
1228 2259 1246 2309 e
1274 2240 1288 2310 l
1316 2241 1434 2310 meet
1453 2242 1614 2331 prosam,

453 2362 543 2435 idest
566 2361 623 2434 isti
654 2357 821 2451 iulelioes,
852 2357 982 2453 gulosi,
1016 2356 1116 2450 viles,
1146 2376 1238 2448 quos
1268 2362 1376 2431 autor
1408 2359 1563 2452 appellat
1576 2349 1613 2447 (³)

453 2482 669 2573 prophanus,
690 2480 780 2552 idest
797 2494 870 2550 non
887 2496 1020 2569 sacros,
1042 2497 1116 2549 non
1131 2476 1370 2570 authenticos,
1387 2477 1540 2551 infames
1556 2478 1617 2579 lu7

451 2599 613 2693 giendos,
639 2617 732 2689 quos
757 2598 867 2669 homo
898 2596 1007 2669 debet
1032 2596 1148 2669 vitare
1180 2595 1272 2670 sicut
1296 2597 1615 2688 excomunicatos3

452 2719 681 2810 prophanum
707 2716 802 2788 euim
829 2714 960 2787 dicitur
985 2716 1113 2807 procul
1139 2735 1162 2788 a
1186 2717 1317 2810 phano,
1344 2717 1433 2791 idest
1457 2719 1612 2813 longea

452 2837 596 2929 templo.
627 2836 718 2909 Nam
750 2836 910 2928 phanum
941 2853 1072 2928 grteoe,
1104 2835 1214 2909 latine
1238 2839 1415 2931 templum
1431 2826 1484 2929 l‘);
1518 2837 1614 2911 uude

450 2975 546 3048 saepe
566 2973 670 3028 sacra
689 2952 867 3048 scriptura
892 2954 1008 3026 utitur
1026 2955 1138 3028 verbo
1153 2945 1189 3046 (⁵)
1209 2954 1449 3050 prophanare,
1468 2958 1614 3050 quando

450 3076 497 3148 illi
511 3075 663 3170 gentilos
675 3073 809 3148 inimici
819 3063 854 3165 (⁶)
869 3073 1004 3168 proprii
1022 3072 1086 3148 Dei
1103 3074 1283 3150 iaciebant
1296 3079 1471 3171 templum
1487 3085 1524 3151 et
1535 3080 1614 3152 looa

451 3202 487 3267 et
512 3213 597 3267 vasa
613 3183 650 3284 (⁷)
677 3211 782 3266 sacra
806 3193 956 3287 privata.
979 3192 1063 3267 ldeo
1087 3194 1182 3268 bene
1207 3194 1263 3267 isti
1287 3196 1406 3289 gulosi
1432 3198 1563 3271 ebriosi
1576 3187 1611 3288 (⁸)

451 3320 600 3406 possunt
619 3312 687 3386 dici
705 3313 880 3407 prophani
898 3313 960 3405 qui
975 3303 1011 3403 (⁹)
1030 3312 1174 3407 lugiunt
1193 3314 1272 3387 loca
1293 3316 1489 3408 autentica,
1507 3323 1544 3389 ot
1560 3315 1615 3388 di·

451 3442 538 3507 eunt
554 3434 652 3527 quod
669 3431 783 3505 tutius
808 3438 862 3504 est
886 3432 1107 3505 commorari
1121 3424 1173 3522 (Ὀ)
1201 3432 1238 3504 in
1264 3432 1425 3507 tabernis
1447 3455 1559 3527 quam
1578 3435 1614 3506 in

453 3553 604 3648 templis,
622 3552 708 3645 quia
725 3550 859 3643 templa
883 3568 980 3643 saepe
1005 3549 1256 3642 fulminantur,
1275 3551 1437 3624 tabernae
1450 3546 1502 3641 (¹⁴)
1525 3572 1615 3626 vero

452 3692 536 3748 rare
561 3670 619 3746 vel
644 3688 843 3762 uunquam.
874 3664 944 3742 Sed
969 3669 1175 3762 paulopost
1198 3687 1271 3741 non
1297 3669 1486 3743 inveniunt
1511 3669 1614 3761 quie-

451 3803 538 3885 tem,
564 3791 650 3884 quia
675 3791 833 3879 oolponsi
855 3807 985 3879 mesto,
1003 3786 1093 3860 idest
1110 3788 1261 3860 volvunt
1277 3807 1318 3861 se
1335 3788 1372 3861 in
1393 3790 1497 3880 lecto,
1515 3808 1612 3859 nuuc

452 3913 590 4007 supine,
617 3929 714 3982 nuuc
740 3906 919 4000 resupino.
934 3944 984 3958 —
1000 3907 1157 3993 meando
1184 3904 1288 3978 Nune
1313 3913 1421 3979 autor
1440 3897 1492 3997 (¹²)
1525 3905 1612 3996 quia

451 4030 605 4105 ostendit
630 4028 786 4123 qualiter
810 4025 991 4100 Cerberus
1016 4043 1056 4098 se
1073 4025 1229 4099 habebat
1244 4025 1291 4097 ad
1308 4025 1450 4098 animas
1467 4024 1613 4098 illorum

453 4153 683 4242 miserorum,
701 4166 798 4221 nuno
814 4145 969 4220 ostendit
994 4144 1180 4240 quomodo
1204 4164 1244 4218 so
1269 4144 1437 4218 habuerit
1452 4134 1504 4236 (θ)
1524 4164 1614 4239 erga

465 4293 555 4302 0——

512 4356 539 4417 (¹)
556 4356 586 4405 E.
605 4355 804 4418 podagraticam.
882 4349 912 4412 (⁸)
927 4351 961 4407 S..
980 4354 1025 4398 llo
1041 4362 1056 4398 o
1073 4348 1103 4397 Ε.
1120 4348 1317 4410 reparationem.
1399 4345 1426 4408 (¹)
1442 4347 1467 4397 S.
1484 4353 1565 4397 voest

512 4434 537 4494 l¹l
554 4433 578 4482 S.
596 4432 721 4495 templum
738 4430 840 4481 dieilur.
856 4427 937 4477 Unde.
1079 4425 1107 4485 (⁸)
1123 4424 1148 4473 S.
1165 4425 1248 4473 ulitur
1264 4425 1314 4473 hoe
1331 4424 1418 4473 verbo.

512 4508 539 4570 (⁸)
556 4513 609 4568 116,
627 4507 721 4557 inimici
739 4505 826 4568 populi
843 4504 898 4553 Del.
909 4501 978 4550 -E.
995 4499 1091 4550 lnlmlci
1108 4498 1154 4548 Del
1170 4503 1196 4548 et
1212 4498 1301 4561 populi
1317 4500 1356 4547 sui
1373 4498 1506 4548 iaciebant.

514 4587 540 4646 1⁷)
557 4586 587 4634 Ε.
605 4585 661 4634 loca
678 4595 750 4632 saera
766 4589 792 4632 el
808 4594 868 4631 rasa
885 4580 992 4642 privata.

512 4661 538 4723 (⁸)
555 4662 580 4709 S.
596 4666 623 4709 et
638 4659 731 4709 ebriosi
748 4663 861 4721 possunt.
872 4661 965 4715 -tlo,
982 4653 1067 4719 galal
1083 4658 1197 4716 ponunt

513 4738 539 4798 l')
556 4738 581 4785 S.
597 4749 613 4784 e
629 4736 659 4784 B.
675 4735 743 4798 qula.
1079 4728 1117 4789 (¹⁸)
1134 4729 1165 4778 F..
1182 4731 1287 4780 morari.

501 4812 538 4874 (¹¹)
556 4817 601 4861 llo
617 4824 632 4859 n
649 4811 679 4859 Ε.
695 4811 802 4859 tabem
818 4818 881 4858 raro
897 4819 965 4858 raro.
1083 4803 1122 4864 (“)
1140 4810 1194 4865 llo,
1210 4811 1287 4856 ntor
1302 4811 1405 4857 ostenso
1420 4802 1540 4867 aanor.

347 4940 360 4961 ,
502 4888 540 4951 (¹⁸)
557 4891 602 4938 tls
618 4899 633 4936 e
649 4886 679 4935 Ε.
696 4898 723 4935 se
740 4884 837 4933 habult.
