4154 6546
669 797 806 852 cunnos
831 796 987 852 uncinus
1012 798 1178 864 ournros.
1443 789 1513 855 525

341 951 471 1041 mutato
494 945 631 1017 d'Arnc
655 944 692 1014 in
719 942 972 1032 Bacctipltcrre,
999 941 1102 1035 quasi
1136 942 1242 1036 dicat,
1265 944 1329 1036 qui
1354 964 1401 1018 ex
1437 945 1515 1040 epi·

341 1085 450 1159 scopo
479 1062 673 1138 Florentiae
704 1061 821 1134 lactus
857 1068 912 1135 est
944 1061 1135 1156 episcopus
1164 1062 1391 1158 vicentinus,
1427 1086 1513 1139 nam

339 1186 460 1259 Arnus
485 1183 623 1257 fluvius
648 1180 777 1254 transit
803 1201 869 1276 per
895 1182 1129 1277 Florentiam,
1151 1184 1405 1279 Bachiglionus
1426 1205 1516 1260 vero

341 1326 407 1401 per
432 1302 644 1379 vicentiam.
671 1301 715 1375 Et
741 1301 798 1374 hic
825 1307 921 1396 nota,
948 1303 1046 1396 quod
1069 1310 1180 1377 autor
1205 1326 1279 1378 non
1304 1305 1382 1381 siue
1400 1296 1522 1399 qnare

339 1425 509 1500 describit
523 1423 644 1519 ipsum
660 1422 779 1496 taliter
799 1421 847 1495 ab
865 1421 933 1495 ista
955 1423 1277 1517 transmutatione3
1298 1442 1384 1498 nam
1405 1425 1516 1501 debes

341 1547 445 1639 scire,
477 1543 576 1637 quod
601 1543 715 1617 semel
731 1535 768 1632 (¹)
796 1541 985 1636 episcopus
1011 1543 1185 1638 Andreas,
1211 1564 1297 1617 cum
1324 1546 1517 1639 predicas-

267 1652 270 1657 ’
341 1672 396 1740 set
421 1663 570 1761 egregie
595 1662 730 1757 populo
756 1681 838 1753 sno,
864 1660 954 1734 dixit
979 1661 1016 1733 in
1041 1661 1128 1735 fine:
1155 1664 1184 1736 Ο
1211 1652 1354 1737 Domini
1380 1671 1417 1739 et
1441 1665 1515 1740 Do·

342 1785 461 1877 minae,
494 1783 539 1856 sit
572 1781 675 1856 vobis
701 1779 1000 1855 recommendata
1028 1801 1163 1854 monna
1188 1783 1333 1877 Thessa,
1359 1790 1513 1880 cognata

342 1925 437 1998 mea,
464 1922 548 1997 qnae
580 1900 677 1975 vadit
707 1901 890 1994 Romam3
916 1921 1001 1973 nam
1035 1900 1072 1973 in
1104 1901 1258 1978 veritate
1292 1903 1321 1976 si
1353 1904 1419 1980 luit
1449 1924 1515 1999 per

342 2023 613 2118 tempusculum
630 2018 716 2094 satis
729 2040 825 2115 vaga
841 2027 879 2094 et
895 2018 1079 2114 placibilis,
1094 2041 1193 2095 nunc
1206 2028 1261 2096 est
1272 2022 1368 2097 bene
1387 2043 1516 2098 ernen-

340 2144 449 2236 data;
477 2141 557 2216 ideo
591 2139 689 2213 vadit
719 2137 765 2213 ad
796 2138 1070 2233 indulgentiam.
1104 2140 1180 2214 Hoc
1213 2142 1316 2235 scito,
1347 2141 1516 2216 dominus

340 2266 497 2337 Thomas
523 2261 569 2335 de
595 2258 718 2332 llodiis
743 2257 857 2331 irater
883 2258 974 2351 eius,
1003 2279 1159 2355 magnus
1179 2260 1324 2354 jurista,
1351 2282 1424 2335 non
1451 2284 1516 2338 va-

340 2383 418 2457 lens
445 2378 599 2453 ulterius
626 2379 724 2451 lerre
748 2375 899 2470 ineptias
925 2375 1016 2470 eius,
1043 2383 1079 2451 ct
1105 2377 1192 2470 quia
1210 2381 1398 2455 crescebat
1423 2381 1516 2457 inla-

340 2502 413 2576 mia
439 2499 526 2594 vitii,
555 2496 652 2572 dedit
677 2517 828 2592 operam
856 2495 1055 2591 prudenter
1082 2497 1179 2591 quod
1204 2505 1515 2576 transmutaretur

341 2621 378 2695 in
404 2619 615 2714 episcopum
643 2616 866 2691 vicentinum
897 2636 964 2709 per
989 2636 1119 2710 papam
1144 2617 1335 2693 Nicolaum
1366 2620 1412 2694 de
1444 2623 1524 2742 Ur3

342 2735 449 2832 sinis;
476 2737 557 2812 ideo
581 2735 690 2810 dicit:
721 2738 781 2808 cte
809 2737 872 2808 dcl
900 2755 1003 2807 servo
1033 2737 1087 2808 ἀί
1103 2740 1209 2827 servi,
1244 2736 1334 2812 idest
1365 2760 1387 2813 a
1420 2761 1513 2836 papa

342 2879 506 2952 romano,
533 2857 596 2950 qui
621 2855 745 2930 scribit
770 2876 811 2930 se
836 2875 986 2929 servum
1011 2876 1206 2930 servorum
1229 2857 1317 2932 Dei:
1340 2880 1451 2953 quem
1471 2861 1516 2935 ti-

342 2981 460 3054 tulum
487 2976 688 3073 Gregorius
714 2977 740 3070 l,
767 2975 894 3050 doctor
920 2975 1079 3050 eximius
1103 2975 1222 3069 primo
1248 2976 1442 3053 adiuvenit.
1471 2980 1516 3053 Et

341 3100 436 3195 dicit,
462 3097 560 3191 quod
587 3102 713 3191 postea
740 3102 911 3170 mortuus
936 3103 991 3169 est
1012 3094 1074 3188 ibi,
1092 3095 1190 3169 unde
1214 3095 1300 3170 dicit
1324 3098 1430 3172 valde
1447 3099 1516 3173 ob·

341 3241 472 3295 scure:
498 3221 598 3309 dove,
625 3216 716 3292 idest
742 3216 778 3288 in
806 3237 880 3308 qua
906 3215 1079 3309 vicentia,
1106 3207 1215 3288 losctd
1241 3218 1365 3290 timul
1381 3222 1516 3310 proten⁸

340 3344 449 3432 nervi,
475 3337 565 3413 idest
597 3337 693 3411 male
725 3341 896 3410 extensos
913 3325 963 3427 (²).
995 3336 1071 3408 Hoc
1095 3334 1206 3428 aliqui
1233 3344 1422 3431 exponunt
1446 3338 1509 3432 sic,

339 3462 473 3537 scilicet
498 3459 597 3553 quod
626 3455 729 3532 nervi
763 3475 839 3550 prae
855 3445 891 3548 (³)
926 3454 1053 3530 dolore
1083 3454 1333 3530 extenduntur
1364 3457 1401 3530 in
1432 3478 1515 3533 mo-

340 3581 467 3672 riente,
494 3585 531 3670 et
556 3577 607 3651 sic
633 3574 778 3650 videtur
804 3575 897 3649 velle
922 3574 1058 3670 dicere,
1084 3575 1257 3669 quodibi
1287 3578 1384 3651 male
1413 3598 1515 3653 mor-

338 3709 425 3776 tuus
451 3706 516 3793 est,
543 3697 638 3771 sicut
665 3695 761 3770 male
786 3694 940 3770 vixerat.
967 3694 1035 3769 nni
1059 3706 1149 3771 vero
1173 3695 1299 3771 dicunt
1316 3696 1415 3791 quod
1435 3705 1516 3772 erat

340 3819 513 3916 prodigus
538 3804 592 3911 (⁴),
618 3822 655 3890 et
680 3814 731 3889 sic
758 3814 916 3889 habebat
945 3835 1080 3890 nervos
1110 3816 1207 3891 male
1236 3823 1416 3890 extensos.
1444 3816 1515 3892 Sed

339 3949 440 4016 certe
469 3936 580 4012 credo
613 3933 714 4028 quod
742 3933 910 4008 subtilius
941 3941 1051 4009 autor
1082 3936 1254 4029 loquatur
1283 3934 1353 4029 hic,
1380 3934 1516 4010 scilicet

340 4058 386 4134 de
411 4076 526 4132 nervo
551 4053 710 4150 genitali.
739 4053 850 4127 Nervi
875 4053 973 4128 enim
992 4052 1030 4129 in
1046 4053 1194 4128 luxuria
1211 4054 1369 4128 naturali
1386 4061 1516 4129 exten-

340 4177 479 4252 duntur
513 4173 608 4248 licite
641 4179 678 4248 et
710 4171 895 4268 legiptime
926 4193 1013 4247 cum
1048 4173 1176 4247 debitis
1211 4173 1514 4267 circumstantiis3

341 4296 404 4373 sed
428 4297 467 4370 in
491 4293 640 4368 luxuria
666 4291 874 4386 innaturali,
904 4293 1013 4386 male,
1043 4293 1224 4387 nequiter,
1254 4300 1292 4367 et
1316 4295 1514 4389 nepharie3

339 4417 420 4492 ideo
433 4400 470 4508 (⁵)
505 4415 584 4488 vult
617 4412 740 4487 dicere
770 4411 869 4505 quod
900 4411 967 4512 iste
1000 4412 1063 4506 qui
1100 4413 1195 4487 male
1229 4412 1384 4506 vixerat,
1417 4414 1515 4488 male

339 4548 509 4614 mortuus
529 4525 565 4627 (⁶)
605 4533 642 4607 in
679 4532 826 4606 inlamia
867 4539 904 4606 et
943 4531 1167 4627 turpitudine
1206 4553 1298 4626 sua;
1331 4540 1369 4607 et
1405 4533 1513 4607 dicit:

397 4753 424 4813 ζ’)
441 4752 471 4801 Ε.
487 4752 567 4801 semel
583 4752 630 4801 istc
647 4750 791 4814 episcopus.
1012 4748 1040 4810 (¹)
1057 4749 1088 4799 E.
1103 4753 1221 4798 extensos
1236 4761 1337 4798 nervos.
1355 4747 1420 4799 lior.

399 4826 425 4889 θ)
444 4831 497 4886 lic,
514 4840 562 4890 pro
579 4825 680 4878 dolore.
1013 4825 1040 4888 (⁸)
1055 4825 1086 4874 Ε.
1104 4825 1265 4889 podagricus.

398 4903 426 4965 (¹)
443 4902 473 4953 E·
491 4907 638 4967 properea.
1011 4900 1041 4964 (⁸)
1057 4904 1111 4962 ns,
1127 4905 1248 4952 mortuus
1263 4905 1310 4952 en.
