4154 6546
582 773 630 842 72
975 785 1178 839 domnorum
1202 785 1353 839 mrsnm

581 931 747 1005 omnium
782 937 999 1023 creatorem,
1030 928 1107 1003 sive
1143 929 1339 1023 Christum,
1367 931 1426 1002 cte
1458 936 1494 1002 to
1522 932 1571 1002 mi
1599 920 1750 1003 naemtd

580 1053 668 1125 dove
691 1072 736 1123 or
759 1053 889 1141 moesti,
909 1049 1044 1123 scilicet
1065 1069 1132 1146 por
1156 1048 1343 1124 Internum
1368 1055 1406 1124 et
1431 1045 1751 1146 Purgatoriumsi

580 1174 678 1245 cd'io
704 1175 828 1262 oswio
852 1174 889 1245 lo
907 1177 1016 1263 porto
1039 1173 1078 1243 di
1100 1191 1168 1243 eon
1192 1171 1323 1261 Pietro,
1348 1169 1441 1245 idest
1463 1177 1607 1266 portam
1637 1171 1751 1247 Para-

580 1291 657 1385 disi,
689 1293 793 1387 cujus
828 1296 951 1365 custos
971 1285 1008 1381 (¹)
1038 1289 1186 1384 ponitur
1210 1289 1352 1384 Petrus,
1377 1312 1397 1363 c
1420 1294 1518 1364 color
1547 1294 1607 1365 cde
1636 1298 1671 1364 tu
1695 1293 1751 1384 soi

581 1417 719 1483 cotesto
743 1413 852 1500 oresti,
876 1408 968 1483 idest
998 1407 1129 1502 tristes,
1156 1408 1291 1483 scilicet
1314 1409 1506 1485 damnatos
1529 1409 1749 1485 eternaliter

581 1530 619 1604 in
648 1530 802 1604 lnierno.
832 1529 937 1603 Nunc
968 1528 1045 1603 redi
1074 1548 1208 1623 supra:
1239 1524 1335 1602 nond
1365 1533 1464 1603 cd't'o
1490 1535 1604 1624 [noya
1633 1536 1750 1620 questo

580 1652 681 1721 mole.
712 1648 753 1725 ln
781 1648 852 1722 hoc
883 1647 998 1743 tangit
1027 1667 1178 1720 causam
1207 1646 1353 1722 finalem
1383 1648 1492 1743 hujus
1517 1648 1648 1744 operis,
1673 1648 1751 1722 sive

580 1768 683 1842 istius
702 1767 796 1860 libri,
814 1766 950 1840 scilicet
972 1764 1020 1839 ad
1045 1764 1259 1861 fugiendum
1285 1765 1377 1840 vicia
1402 1773 1439 1841 et
1462 1773 1611 1862 peccata
1635 1768 1673 1841 in
1698 1787 1749 1861 se,

580 1894 619 1962 et
643 1887 679 1959 in
696 1887 792 1960 aliis:
810 1907 830 1958 e
848 1887 991 1977 peoora,
1011 1883 1146 1958 scilicet
1161 1883 1432 1959 damnationem
1458 1893 1648 1982 aeternam,
1665 1908 1749 1982 quae

580 2006 747 2101 sequitur
778 2005 826 2080 ad
850 2004 947 2079 vitia.
973 2005 1017 2077 Et
1047 2003 1168 2077 subdit
1197 2003 1369 2079 effectum
1394 2006 1575 2100 petitionis
1606 2007 1748 2082 dicens:

580 2129 673 2199 nitor
697 2128 729 2198 si
752 2145 876 2215 mosee,
894 2124 985 2198 idest
1001 2130 1089 2196 tunc
1113 2123 1223 2217 coepit
1240 2114 1277 2215 (²)
1303 2122 1524 2201 descendere
1548 2126 1595 2200 ad
1619 2146 1750 2221 specu-

579 2246 753 2321 lationem
779 2244 950 2319 vitiornm
976 2250 1201 2336 conceptam.
1219 2244 1264 2315 Et
1285 2243 1336 2317 sic
1358 2244 1494 2318 claudit
1509 2246 1671 2340 primum
1689 2268 1752 2322 ca·

582 2365 738 2460 pitulum
764 2363 988 2459 prooemiale.

645 2613 674 2676 (¹)
691 2614 717 2665 S.
733 2618 772 2664 est
788 2619 874 2665 custos
889 2619 993 2664 sanctus
1008 2615 1109 2665 Petrus.
1317 2614 1347 2677 (¹)
1362 2614 1389 2667 s.
1404 2617 1517 2678 inempti,
