4154 6546
580 779 603 844 2
1037 795 1288 850 mraouucrro.

578 934 734 1012 efficitur
758 946 801 1011 ut
825 937 1148 1012 illustrissimorum
1174 941 1289 1013 virtus
1315 941 1473 1016 extincta
1497 942 1661 1016 virorum
1684 943 1746 1017 fiat

577 1063 755 1150 perpetuo
781 1056 952 1151 rediviva,
971 1057 1068 1131 tubae
1092 1059 1243 1154 poeticae
1267 1061 1448 1155 preconio
1475 1068 1591 1135 totum
1618 1062 1747 1157 praedi·

577 1184 658 1250 nata
682 1177 913 1271 peroratam,
944 1178 1050 1273 eujus
1068 1162 1139 1272 ope
1152 1171 1192 1269 (¹)
1222 1200 1320 1254 nuuc
1339 1187 1475 1275 egeret
1491 1171 1527 1272 (²)
1552 1180 1745 1256 illustrium

577 1288 893 1388 tinorum-lamae)
912 1298 1109 1393 majorum,
1123 1299 1200 1393 jam
1222 1299 1258 1374 in
1275 1306 1442 1394 tempore
1457 1301 1690 1397 semisepulta
1707 1291 1743 1391 (⁸)

577 1417 729 1512 penuria
763 1424 974 1512 poetarum,
1004 1438 1164 1512 quorum
1200 1420 1322 1514 copia,
1353 1422 1444 1515 prob
1469 1420 1614 1515 dolori,
1640 1427 1747 1494 aetate

578 1545 700 1612 nostra
726 1537 850 1610 rarior
868 1544 922 1611 est
948 1537 1097 1631 soenice;
1123 1536 1233 1613 loenix
1258 1528 1436 1634 siquidem
1464 1540 1570 1616 troica
1591 1540 1627 1614 in
1644 1540 1746 1631 orbe,

577 1665 614 1731 et
638 1658 675 1730 iri
700 1656 807 1731 unica
832 1655 1149 1752 regione'reperiri
1166 1657 1300 1732 dicitur·
1314 1679 1336 1733 a
1352 1660 1493 1755 magnis
1513 1659 1745 1754 sapientibus,

577 1778 659 1852 licet
696 1776 799 1850 nobis
837 1776 984 1871 ignota3
1017 1783 1124 1870 poeta
1157 1797 1246 1852 vero
1280 1779 1348 1852 bac
1381 1786 1594 1874 tempestate
1626 1779 1747 1852 nullus

577 1916 734 1990 usquam
754 1896 974 1990 agnoscitur.
989 1896 1166 1990 Tuorum,
1180 1897 1343 1992 inquam,
1364 1898 1483 1972 inclita
1503 1905 1606 1993 gesta
1626 1898 1745 1972 omnis

577 2017 731 2089 eximius
757 2021 857 2088 vates
883 2014 1073 2088 materiam
1100 2015 1250 2089 haberet
1266 2007 1302 2107 (⁵)
1324 2015 1561 2091 uberrimam.
1584 2018 1628 2089 Ut
1646 2018 1743 2090 enim

576 2136 816 2231 perstringam
842 2134 999 2228 plurima
1024 2135 1161 2228 paucis,
1190 2140 1285 2209 azzo
1315 2137 1455 2230 primus
1490 2133 1632 2210 inclitus
1657 2136 1743 2210 olim

576 2256 755 2348 Princeps,
781 2254 899 2327 lorma
924 2254 1097 2348 corporis,
1122 2254 1233 2327 animi
1259 2255 1394 2329 virtute
1418 2256 1643 2350 praepollens,
1669 2257 1745 2350 pri-

576 2396 658 2448 mus
700 2372 929 2448 feracissima
970 2372 1128 2447 Ferariae
1165 2373 1405 2468 principatum
1448 2375 1613 2469 adeptus,
1650 2376 1744 2448 anti·

575 2493 758 2587 quissimae
781 2493 949 2584 Mantuae,
974 2511 1057 2584 quae
1082 2492 1228 2567 Marone
1248 2493 1460 2566 Latinorum
1486 2494 1684 2567 clarissimo
1705 2486 1740 2584 (⁶)

575 2613 710 2708 gaudet
734 2611 896 2704 alumno,
921 2618 1103 2705 protector
1129 2612 1311 2707 egregius,
1333 2614 1460 2687 nobilis
1476 2613 1631 2688 Veronae
1648 2614 1744 2709 regi-

576 2753 663 2807 men
684 2732 751 2806 sibi
776 2737 905 2826 sponte
928 2730 1113 2825 collatum,
1137 2730 1201 2806 sed
1221 2752 1307 2806 mox
1329 2733 1363 2805 vi
1382 2738 1418 2807 et
1435 2733 1564 2808 lraude
1583 2735 1741 2807 bostium

575 2853 707 2947 injuste
720 2851 1022 2945 extortum,justa
1035 2849 1089 2923 ira
1102 2856 1139 2925 et
1152 2849 1394 2946 indignatione
1404 2851 1574 2944 fremens,
1584 2854 1743 2946 equestri

576 2975 689 3046 llarte
714 2969 850 3044 collatis
870 2969 990 3065 signis,
1007 2969 1142 3043 infestis
1161 2969 1323 3064 partibus
1343 2968 1538 3064 debellatis
1559 2978 1633 3045 tam
1656 2995 1744 3067 pru-

575 3092 703 3165 denter
728 3109 839 3182 quam
866 3095 1031 3182 potenter
1057 3087 1249 3182 resumpsit
1274 3088 1462 3182 amissum,
1487 3089 1549 3163 ubi
1575 3092 1744 3187 egregio-

577 3229 660 3282 rum
697 3227 852 3303 operum
890 3214 927 3280 et
957 3206 1040 3279 vitae
1077 3207 1187 3282 finem
1209 3197 1244 3298 (⁷)
1276 3207 1425 3282 feliciter
1457 3209 1602 3302 posuit·
1617 3211 1744 3285 :lidro-

575 3312 751 3403 vairdinus
769 3334 774 3343 '
792 3328 872 3423 ejus
913 3327 1193 3422 primogenitus,
1230 3327 1486 3422 magnanimus
1524 3328 1743 3422 adolescens,

573 3432 1037 3522 biarchidnatus'lincbonan
1064 3446 1209 3518 tituluni
1235 3446 1451 3539 promeruit,
1477 3447 1659 3520 militantis
1677 3450 1744 3523 Ec-

576 3550 693 3641 'clesiae
708 3556 872 3639 nostibus
885 3564 1127 3658 triumphatis
1141 3562 1178 3636 in
1194 3564 1271 3657 ipso
1287 3565 1378 3638 tiore
1398 3565 1601 3660 juventutis
1626 3567 1744 3640 extin-

575 3694 667 3780 ctus,
683 3686 795 3760 decus
820 3685 960 3779 insigne
984 3682 1126 3756 virtutis
1152 3671 1202 3777 (⁸),
1233 3682 1375 3756 eximia
1395 3683 1544 3778 pietatis.
1563 3690 1659 3758 ⁴-izzo
1684 3708 1742 3761 se-

577 3807 730 3897 cunduS,
748 3804 912 3900 ejusdem
923 3803 1046 3898 ‘primi
1060 3801 1220 3875 almonis
1237 3801 1349 3894 nlius,
1366 3802 1422 3875 vir
1436 3809 1610 3877 strenuus
1635 3805 1741 3898 bello,

576 3908 736 4019 prodam
763 3922 922 4015 oonsilio,
951 3942 1114 3996 romaum
1148 3926 1397 4016 propugnator
1428 3921 1607 4016 Ecclesiae,
1642 3925 1738 4000 velut

576 4048 660 4119 olim
687 4063 849 4118 romanae
865 4042 1038 4116 libertatis
1062 4041 1204 4115 divinus
1216 4041 1413 4135 ille-Scipio
1430 4043 1546 4116 vietor
1561 4043 1742 4117 Hanniba-

576 4166 627 4257 lis,
644 4163 811 4238 domitor·
824 4161 1061 4257 (anagnis,
1085 4160 1195 4235 iuba
1214 4160 1399 4255 liberator,
1421 4163 1626 4238 tremendas
1647 4167 1743 4239 vires

576 4283 837 4357 insolentissimi
855 4279 1017 4357 Fedtlricl
1031 4279 1191 4375 secundi,
1208 4279 1274 4375 qui
1287 4302 1362 4355 nou
1375 4281 1496 4356 minus
1515 4285 1660 4379 triginta
1678 4308 1743 4358 an-

576 4426 708 4479 norum
733 4403 1136 4511 curriculoromanam·
1151 4401 1280 4475 aillixit
1295 4401 1504 4497 Ecclesiam,
1524 4425 1635 4497 quam
1655 4405 1741 4478 olim

636 4677 662 4738 (¹)
679 4677 709 4725 E.
725 4690 740 4726 e
756 4674 886 4738 S.''o'pere.
1300 4673 1328 4738 (¹)
1346 4675 1376 4726 E.
1393 4683 1478 4740 egent.

636 4751 666 4815 (’)
683 4754 713 4802 E.
730 4753 805 4803 lacta.
1304 4753 1331 4814 (¹)
1348 4754 1378 4804 E.
1396 4755 1451 4806 lere
1467 4757 1575 4820 sepulta.

636 4831 662 4891 (⁸)
680 4830 750 4879 Mur.
767 4829 852 4878 habet.
1291 4827 1330 4891 ·(')
1344 4828 1377 4879 E.
1393 4830 1605 4882 drflmimornm.

637 4908 665 4968 (¹)
681 4907 706 4956 S.
723 4907 825 4957 seriem.
1304 4905 1332 4966 (³)
1351 4907 1382 4956 E.
1397 4914 1422 4958 et
1439 4908 1547 4959 eximie.
