4154 6546
870 745 1007 802 esurus
1032 714 1194 803 ruamus.
1546 736 1616 803 123

448 903 488 970 tu
514 894 618 990 petis,
642 893 731 967 fient
756 891 818 965 tibi
845 891 1034 965 manifesta
1061 899 1158 985 tunc,
1185 893 1325 991 quoodo
1345 895 1406 975 noi
1426 896 1617 985 sonorem

447 1019 473 1089 li
495 1018 608 1089 nostri
627 1017 740 1107 possi,
765 1010 857 1086 idest
881 1031 968 1085 cum
995 1011 1172 1087 hciemus
1198 1032 1353 1105 moram,
1378 1033 1420 1085 su
1447 1015 1484 1084 lo
1519 1015 1619 1087 histo

446 1138 566 1211 rinero
582 1134 820 1221 d’thoronte,
837 1130 940 1222 idest,
953 1150 1064 1233 super
1082 1130 1197 1225 ripam
1221 1129 1379 1204 huminis
1395 1130 1618 1224 Acherontis,

448 1253 511 1351 qui
534 1259 592 1327 est
616 1271 705 1326 vere
730 1249 849 1323 tristis.
872 1248 1039 1323 Acheron
1056 1249 1154 1324 enim
1172 1250 1304 1323 dicitur
1323 1250 1402 1325 sine
1425 1251 1555 1345 salute,
1572 1251 1620 1347 ab

447 1393 485 1465 o,
511 1371 610 1465 quod
634 1371 801 1459 estsine,
827 1370 999 1459 etohcre,
1026 1368 1124 1460 quod
1152 1375 1208 1442 est
1232 1372 1327 1443 soloe
1339 1361 1388 1460 (¹).
1407 1370 1476 1443 Sed
1503 1389 1621 1464 quare

450 1489 622 1585 Virgilius
653 1486 813 1562 retardat
842 1494 880 1560 et
908 1485 1028 1561 dillert
1058 1487 1179 1561 iacere
1211 1488 1315 1561 islam
1347 1488 1620 1587 responsionem
1696 1496 1700 1503 '

451 1607 603 1685 autori?
627 1606 736 1680 Forte
763 1611 806 1678 ut
834 1604 1030 1679 admoneat
1054 1624 1142 1680 eum
1168 1606 1267 1699 quod
1292 1606 1456 1679 eundum
1486 1613 1541 1681 cst
1566 1612 1622 1703 tar

452 1727 524 1803 cite
548 1733 586 1801 et
609 1746 694 1799 cum
721 1723 1033 1818 praemeditatione
1049 1724 1096 1797 ad
1112 1725 1207 1798 istud
1224 1725 1385 1819 primum
1403 1726 1620 1823 principium

453 1844 597 1920 lniemi.
630 1844 674 1916 Et
707 1842 828 1916 subdit
861 1841 1034 1917 ellectum
1066 1843 1161 1916 illius
1192 1844 1444 1937 responsionis,
1470 1853 1507 1919 et
1538 1845 1622 1920 dicit

453 1964 552 2061 quod
577 1960 785 2037 verecunde
810 1960 995 2035 obmutuit
1021 1962 1202 2055 usquead
1224 1962 1372 2038 humen.
1391 1963 1482 2055 Dicit
1506 1983 1620 2061 erg03

452 2086 534 2159 olor
552 2085 601 2155 mi
616 2084 722 2155 omri
739 2082 825 2171 infin
838 2083 877 2151 ol
888 2082 1006 2171 lione,
1019 2079 1153 2153 scilicet
1172 2081 1269 2175 quod
1288 2101 1361 2154 non
1378 2082 1446 2156 ieci
1464 2082 1621 2175 verbnm

453 2221 572 2296 usque
596 2221 672 2295 quo
695 2199 974 2295 perveniremus
998 2197 1044 2270 ad
1077 2197 1193 2293 ripam
1226 2201 1450 2294 Acherontis,
1480 2222 1546 2273 con
1569 2203 1621 2290 pli

452 2323 547 2395 occisi
562 2322 773 2411 nerpoprrosi
788 2339 807 2389 c
823 2320 928 2407 hassi,
950 2322 988 2390 et
1004 2336 1090 2390 ecoe
1107 2338 1240 2408 quare:
1259 2321 1413 2405 emendo
1430 2322 1488 2392 nol
1502 2322 1571 2392 mio
1583 2311 1620 2411 (²)

452 2443 511 2517 dir
534 2443 561 2515 li
573 2443 667 2534 fosse
682 2458 806 2528 mooe,
823 2435 958 2510 scilicet
979 2455 1026 2509 ne
1047 2455 1165 2509 essem
1180 2426 1217 2526 (³)
1239 2435 1346 2509 nimis
1364 2438 1540 2511 molestus
1554 2437 1623 2534 sibi

453 2579 501 2649 er
517 2555 791 2652 importunitate
808 2555 865 2629 vel
884 2553 1098 2627 festinantia.
1113 2554 1175 2627 Est
1191 2561 1316 2629 autem
1335 2556 1392 2630 hic
1409 2556 1624 2653 notandum,

454 2699 501 2755 ne
516 2677 713 2774 procedam
729 2676 887 2750 obscure
904 2673 1000 2748 circa
1017 2674 1127 2747 istum
1148 2675 1339 2749 transitum
1363 2674 1509 2770 luterni,
1526 2676 1625 2769 quod

454 2797 542 2872 olim
567 2797 604 2869 in
629 2795 750 2870 medio
775 2793 896 2886 ltaliae,
922 2793 959 2865 in
985 2792 1135 2888 regione
1152 2793 1371 2888 Campaniae,
1398 2795 1433 2867 in
1452 2815 1503 2868 >ea
1520 2801 1625 2890 parte

455 2935 540 3011 quae
564 2914 670 2989 hodie
694 2918 849 2987 vocatur
873 2912 987 2985 Terra
1016 2911 1161 3004 laboris,
1192 2933 1265 2986 non
1296 2914 1403 3009 longe
1428 2935 1451 2987 a
1476 2911 1625 3007 Neapoli

455 3033 613 3125 ciuitate,
629 3031 723 3105 sicut
741 3029 866 3104 scribit
889 3029 1060 3126 Virgilius
1077 3030 1114 3103 in
1131 3036 1184 3104 νιο
1202 3038 1239 3104 et
1260 3030 1297 3102 in
1314 3037 1391 3126 vu⁰,
1408 3031 1476 3104 luit
1500 3031 1626 3129 civitas

456 3155 661 3239 Cumarum
686 3149 723 3224 in
738 3148 866 3222 humili
883 3149 986 3223 colle.
1004 3148 1057 3222 lbi
1069 3136 1107 3241 (⁸)
1125 3148 1193 3222 luit
1215 3150 1419 3224 maximum
1447 3152 1624 3245 templum

456 3270 581 3363 sibillos
605 3267 791 3361 Cumanas,
824 3267 861 3340 in
890 3268 968 3362 ripa
999 3268 1101 3342 lacus
1135 3267 1199 3360 qui
1224 3267 1341 3341 dictus
1366 3275 1421 3343 est
1446 3268 1625 3361 Avernus,

456 3388 563 3465 cuius
586 3387 741 3484 parietes
760 3385 880 3462 adhuc
899 3386 1006 3461 hodie
1023 3393 1199 3481 apparent
1214 3387 1277 3461 alti
1290 3377 1326 3478 (ὅ)
1345 3388 1409 3462 sed
1428 3387 1540 3461 nimia
1561 3407 1626 3463 ve-

457 3513 591 3599 tustate
615 3505 794 3599 semiruti,
819 3524 888 3595 nec
913 3505 1050 3579 habitat
1074 3504 1204 3598 aliquis
1229 3504 1277 3579 ibi
1303 3506 1370 3579 uisi
1391 3507 1489 3600 quod
1514 3506 1626 3581 variae

456 3646 543 3713 aves
576 3625 714 3701 iaciunt
738 3612 865 3698 nidum
891 3644 1002 3696 suum
1015 3647 1026 3717 ;
1059 3631 1096 3697 et
1126 3623 1253 3699 ineolae
1286 3624 1433 3698 illorum
1460 3626 1625 3721 locorum

400 3790 406 3797 ·
456 3745 577 3835 adhuc
588 3744 784 3818 ostendunt
796 3742 1008 3837 speluncam
1022 3741 1134 3837 ipsius
1150 3741 1281 3817 Sibillae
1294 3733 1330 3835 (θ)
1346 3745 1442 3819 intra
1461 3744 1625 3833 domum.

457 3866 520 3941 Esl
543 3869 671 3940 autem
696 3861 754 3936 hic
771 3862 872 3936 lacus
888 3861 1056 3937 Avernus
1076 3862 1282 3937 celebratus
1299 3863 1521 3959 carminibus
1538 3882 1627 3958 pue.-

459 3991 594 4078 tarum,
619 3981 684 4069 ubi
708 3980 834 4056 dicunt
859 3981 970 4055 luisse
994 3980 1209 4072 descensum
1236 3982 1282 4055 ad
1299 3982 1443 4079 lrrleros,
1465 3984 1552 4077 quia
1567 3983 1627 4075 hic

459 4103 561 4193 locus
584 4108 667 4191 erat
682 4099 873 4194 horribil‘u,
891 4106 928 4185 et
943 4099 1114 4194 pestilens
1131 4101 1317 4196 multiplici
1335 4103 1485 4178 ratione.
1504 4103 1627 4205 Primp

461 4240 622 4329 uamqsse
641 4221 747 4311 lacus
771 4225 826 4295 ost
847 4218 953 4331 parvi
979 4218 1157 4317 circuitus¹
1176 4227 1213 4293 et
1233 4220 1515 4296 circumcinctus
1539 4242 1627 4297 con-
1691 4316 1697 4329 x

461 4337 571 4412 tinnis
582 4338 745 4432 collibus,
762 4341 800 4411 et
811 4335 898 4411 olim
912 4343 993 4411 erat
1009 4337 1257 4412 circumdatus
1274 4338 1372 4412 silvis
1388 4338 1480 4414 adeo
1496 4340 1626 4434 densis,

521 4534 551 4601 (¹)
566 4536 664 4602 nomn
679 4551 697 4588 o
712 4537 744 4586 dt
759 4523 831 4613 ἔχῃ,
847 4536 941 4598 dolori,
957 4550 972 4587 c
989 4529 1070 4602 piar,
1086 4543 1246 4596 coneniezo
1257 4536 1344 4588 dall’oe
1366 4539 1498 4607 privativa,
1509 4552 1525 4589 e
1536 4531 1627 4605 χᾳρά,

486 4668 491 4677 ’
521 4687 827 4752 molemonium.
953 4688 980 4752 ρ)
998 4695 1052 4751 ns,
1068 4693 1144 4742 uros.

521 4763 549 4827 (l)
564 4763 591 4815 8.
607 4765 659 4816 obt.
953 4766 981 4829 (¹)
997 4767 1028 4817 B.
1044 4767 1112 4828 allas,
1127 4765 1267 4841 pflffllmlt
1284 4769 1409 4835 resumis
1425 4767 1582 4843 mirppw.

522 4838 550 4902 θ)
565 4839 591 4892 S.
606 4842 685 4905 tpnus
700 4840 800 4924 sibylla
816 4839 946 4911 Oampno.
