4154 6546
569 770 640 837 524
958 779 1161 835 courmruu
1185 779 1336 831 manum

568 928 698 1000 morbo
724 946 808 999 cum
835 925 912 1018 nro,
928 902 1044 996 'muro
1070 923 1221 997 tuissent
1247 922 1366 996 traam
1392 923 1549 996 nammis
1566 921 1660 1019 {gns
1676 913 1738 1015 cn

568 1065 658 1138 quas
679 1044 707 1118 si
727 1043 798 1117 vivi
815 1043 1036 1138 effugerunt,
1051 1042 1187 1115 mortui
1205 1062 1278 1115 non
1296 1041 1453 1116 evadent
1471 1042 1541 1135 bic,
1560 1041 1629 1114 uisi
1645 1041 1740 1115 forte

566 1165 662 1238 bona
688 1161 874 1259 poenitudo
899 1161 1096 1236 extinxerit
1110 1152 1148 1252 (²)
1173 1182 1270 1256 aqua
1297 1163 1547 1257 lacrymarum
1573 1167 1613 1235 et
1638 1179 1742 1234 com-

566 1283 780 1379 punctionis.
807 1284 859 1355 Er
886 1283 956 1356 hoc
980 1287 1105 1355 autem
1133 1281 1271 1355 incurri
1297 1281 1450 1376 capitale
1469 1280 1596 1355 odium
1617 1287 1654 1355 et
1671 1279 1743 1352 ini-

566 1404 740 1478 micitiam
768 1402 992 1495 multorum3
1013 1401 1076 1475 sed
1100 1400 1222 1474 divina
1243 1401 1382 1494 iustitia
1408 1420 1470 1474 me
1496 1407 1624 1474 contra
1653 1399 1756 1511 istos!

566 1524 688 1596 hostes
714 1529 855 1593 naturae
880 1522 953 1593 buc
982 1539 1102 1612 usque
1121 1519 1277 1615 benigne
1293 1519 1525 1614 protexit-
1538 1524 1571 1591 E
1586 1520 1738 1591 oederoi.

567 1641 632 1714 Hic
661 1660 721 1713 ser
753 1641 951 1715 Brunettus
982 1638 1145 1713 nominat
1172 1638 1285 1711 alium
1322 1637 1496 1712 clericum
1527 1637 1737 1732 proeiatum.

568 1760 621 1833 Ad
653 1759 757 1833 cuius
786 1758 1029 1853 cognitionem
1061 1756 1145 1830 volo
1176 1762 1214 1831 te
1247 1757 1341 1831 scire
1369 1778 1455 1832 cum
1489 1777 1562 1831 non
1594 1743 1754 1831 modici*

568 1879 657 1972 risu,
682 1877 781 1971 quod
806 1877 873 1950 iste
903 1876 1048 1970 spiritus
1078 1876 1145 1949 suit
1176 1875 1263 1950 civis
1293 1877 1517 1971 florentinus,
1550 1883 1659 1951 natus
1692 1876 1741 1950 de

567 1997 701 2090 Modus,
729 1996 918 2090 episcopus
943 1995 1145 2088 Florentiae,
1173 1996 1237 2090 qui
1253 2003 1406 2070 vocatus
1432 2003 1487 2071 est
1512 1986 1739 2089 taurensi).
1850 2086 1854 2095 Ι

567 2117 639 2192 lste
664 2115 811 2209 quidem
839 2114 895 2186 vir
921 2113 1071 2208 simplex
1099 2119 1136 2188 et
1162 2114 1295 2208 fatuus,
1316 2135 1413 2209 saepe
1438 2115 1582 2210 publice
1608 2115 1741 2211 praedi-

568 2237 675 2310 cabat
700 2234 833 2328 populo
859 2234 981 2307 dicens
1007 2234 1122 2307 muita
1147 2233 1364 2326 ridiculosa3
1383 2233 1478 2308 inter
1495 2235 1566 2309 alia
1584 2234 1739 2328 dicebat,

568 2355 665 2449 quod
687 2352 913 2449 providentia
930 2352 994 2426 Dei
1011 2358 1090 2427 erat
1108 2353 1233 2426 similis
1251 2353 1359 2446 muri,
1379 2353 1441 2446 qui
1458 2360 1559 2428 stans
1577 2375 1689 2449 super
1702 2341 1738 2445 (⁸)

567 2474 673 2547 trabe
702 2471 799 2549 videt
827 2491 1073 2566 quecumque
1106 2479 1288 2567 geruntur
1317 2472 1386 2546 sub
1416 2492 1455 2547 se
1484 2473 1522 2546 in
1554 2473 1677 2565 domo,
1703 2479 1741 2547 et

568 2611 677 2666 nemo
703 2590 800 2664 videt
826 2611 924 2664 eum.
950 2590 1101 2664 Dicebat
1133 2592 1255 2685 etiam,
1285 2591 1384 2683 quod
1414 2592 1532 2687 gratia
1563 2592 1627 2665 Dei
1658 2599 1739 2666 erat

568 2710 663 2784 sicut
687 2716 828 2784 stercus
843 2700 880 2799 (⁵)
906 2729 1113 2802 capramm,
1140 2709 1238 2803 quod
1263 2709 1396 2783 cadens
1426 2709 1474 2784 ab
1503 2710 1576 2785 alto
1602 2710 1677 2783 ruit
1700 2709 1738 2783 in

568 2828 730 2903 diversas
755 2834 877 2920 partes
901 2827 1104 2922 dispersum
1121 2819 1170 2920 (⁸).
1190 2829 1361 2903 Similiter
1378 2828 1531 2923 dicebat,
1549 2829 1647 2921 quod
1673 2849 1740 2924 po-

569 2948 681 3022 tentia
706 2946 825 3020 divina
851 2953 930 3020 erat
959 2946 1163 3041 immensa3
1197 2947 1294 3042 quod
1328 2950 1454 3023 volens
1483 2948 1740 3023 demonstrare

569 3068 738 3161 exemplo
763 3066 965 3159 manifesto,
992 3067 1139 3143 tenebat
1168 3087 1327 3163 granum
1363 3087 1462 3162 rapae
1494 3067 1539 3141 in·
1564 3087 1678 3141 manu
1702 3071 1740 3141 et

567 3188 731 3263 dicebat:
761 3186 856 3260 bene
882 3185 1020 3279 videtis,
1045 3206 1157 3279 quam
1184 3187 1380 3281 parvulum
1407 3186 1452 3260 sit
1477 3186 1584 3261 istud·
1600 3207 1740 3283 granu·

568 3308 646 3381 ium
672 3312 710 3379 et
734 3305 935 3397 minutum;
957 3303 1086 3378 deinde
1102 3304 1318 3379 extrahebat
1334 3306 1381 3379 de
1398 3304 1467 3377 sub
1485 3325 1600 3400 cappa
1621 3305 1740 3379 mani·

569 3447 669 3501 mam
696 3445 834 3519 rapam,
860 3424 1004 3497 dicens:
1023 3443 1109 3497 ecce
1135 3444 1246 3517 quam
1274 3423 1448 3496 mirabilis
1473 3424 1633 3517 potentia
1660 3424 1738 3520 Dei,

569 3545 632 3639 qui
658 3564 703 3617 en
730 3542 868 3616 tantiiio
893 3542 1032 3615 semine
1048 3530 1178 3633 facitt⁷i
1199 3548 1341 3615 tantum
1363 3540 1537 3615 fructum.
1557 3544 1628 3618 Isto
1648 3563 1739 3640 ergo

568 3683 725 3758 magnus
755 3660 941 3734 bestionus
955 3649 991 3751 (⁸)
1019 3680 1042 3733 a
1067 3666 1212 3753 natura,
1242 3660 1432 3733 laborabat
1464 3660 1532 3735 isto
1562 3662 1650 3735 vitio
1674 3662 1758 3758 le
1865 3676 1871 3689 ·

569 3782 744 3857 stialitatis
769 3786 896 3854 contra
922 3787 1104 3853 naturam.
1132 3780 1235 3852 Nunc
1261 3778 1389 3852 ordina
1411 3779 1462 3852 sic
1480 3780 1635 3873 literam,
1654 3799 1740 3874 quae

569 3908 625 3976 eat
652 3901 738 3974 satis
769 3899 944 3975 intricata.
975 3897 1067 3971 Dicit
1097 3898 1156 3970 ille
1189 3898 1387 3973 Brunettus
1416 3898 1546 3971 Danti:
1578 3906 1613 3971 et
1627 3903 1737 3991 -poto‘,

568 4021 658 4097 idest
672 4012 722 4111 (⁹),
755 4026 792 4092 et
826 4025 865 4091 tu
900 4024 1057 4111 poteras,
1090 4019 1242 4106 cedma,
1267 4015 1358 4089 idest
1384 4016 1510 4090 videre
1535 4017 1584 4091 ibi
1614 4018 1652 4091 in
1676 4018 1736 4093 illa

569 4139 677 4215 turba
697 4139 917 4232 animarum,
936 4156 1019 4232 quae
1036 4136 1210 4211 velociter
1227 4156 1381 4211 currens
1395 4137 1472 4230 jam
1492 4137 1652 4210 muitum
1669 4137 1738 4211 ab·

568 4265 776 4336 sanaverat
808 4279 848 4333 se
880 4279 903 4332 a
940 4263 1135 4351 conspectu
1170 4276 1312 4331 eorum.
1347 4256 1432 4331 ldeo
1465 4257 1516 4332 sic
1549 4258 1737 4352 loquitur:

568 4383 670 4470 colui,
695 4378 828 4453 sciiiret
854 4378 1063 4472 episcopum
1090 4376 1297 4468 Andream3
1324 4383 1361 4450 et
1385 4375 1486 4449 dicit:
1504 4378 1564 4449 cie
1584 4381 1625 4470 so
1642 4374 1739 4452 tras-
1782 4408 1786 4423 ·

631 4565 658 4625 (¹)
674 4568 727 4624 tto,
744 4562 854 4613 flammis
870 4563 959 4626 igneio
1125 4561 1153 4626 Ρ)
1169 4562 1199 4612 E.
1215 4562 1351 4613 extinxerit
1367 4575 1411 4612 am
1426 4575 1501 4627 aqua.

631 4638 658 4700 (⁸)
675 4642 728 4697 tm,
744 4638 879 4701 episcopua
895 4638 1020 4688 Andrau

631 4713 657 4774 (⁸)
674 4713 704 4762 E.
720 4713 768 4762 anb
784 4713 883 4763 trabem
900 4714 967 4764 unet
984 4711 1108 4777 quidquid
1124 4712 1172 4763 tub
1188 4725 1215 4763 aa
1232 4713 1332 4777 geritur
1347 4715 1373 4763 iu
1390 4713 1477 4765 domo.

631 4788 881 4850 tartaronum
1126 4787 1223 4852 tino
1241 4789 1383 4851 mmmm.
1515 4789 1676 4852 nimam.
1737 4754 1744 4765 ’

631 4864 660 4925 ff)
675 4866 705 4914 Ε.
723 4866 865 4915 bestiarius.
1125 4864 1153 4928 Ρ)
1168 4865 1200 4915 B.
1216 4864 1290 4924 idest,
1308 4865 1382 4928 quoti
1399 4869 1427 4914 tn
1443 4870 1554 4928 potera.
