4154 6546
599 819 668 887 184
991 822 1195 881 counnrurr
1220 822 1371 881 ruamur

596 1181 761 1249 cnutus
787 1181 984 1262 QUINTUS,
1006 1185 1042 1247 in
1065 1200 1125 1264 quo
1151 1184 1267 1247 tractat
1292 1178 1331 1244 dc
1352 1178 1485 1244 secondo
1507 1177 1621 1244 otredo
1635 1178 1689 1244 udi
1697 1199 1761 1261 pc-

671 1295 803 1359 niuntur
824 1293 981 1359 mendosi
1002 1314 1024 1358 a
1044 1297 1133 1358 vetto
1154 1289 1310 1373 infamati
1327 1291 1475 1371 percussi
1503 1294 1533 1354 et
1554 1289 1686 1368 deducti,
1709 1291 1763 1355 udi

672 1407 815 1472 mminot
831 1404 931 1470 Poris
946 1404 985 1470 dc
1002 1403 1108 1488 Troyo
1123 1408 1153 1469 et
1170 1401 1354 1467 Tsistanum
1368 1406 1398 1466 et
1413 1400 1525 1466 multos
1541 1399 1637 1480 ulios;
1651 1402 1688 1466 in
1701 1402 1764 1482 fine

671 1518 814 1583 nominat
835 1516 994 1582 desinam
1015 1515 1224 1583 Franciscom
1245 1519 1275 1579 et
1297 1512 1437 1580 Pouhtm
1458 1513 1497 1579 de
1518 1510 1683 1579 Ravenna.

678 1825 818 1994 Cos}
834 1920 957 1992 discut
971 1898 1029 1990 dcl
1042 1919 1175 1990 cercitto
1188 1919 1352 2009 primore.
1375 1917 1573 2008 Postquam
1595 1916 1633 1989 in
1654 1936 1765 2011 supe-

599 2039 686 2112 riori
696 2031 732 2131 (¹)
751 2038 909 2133 capitulo
921 2045 1031 2112 autor
1043 2043 1168 2132 noster
1180 2037 1348 2111 tractavit
1360 2036 1407 2112 de
1418 2037 1538 2129 primo
1554 2037 1694 2111 circuio
1706 2039 1765 2110 tn-

598 2159 702 2252 ierni,
715 2159 752 2232 in
765 2179 841 2252 quo
857 2162 1046 2252 ponuntur
1060 2148 1096 2247 (²)
1112 2156 1218 2250 pueri
1231 2156 1441 2229 innocentes
1457 2162 1495 2229 et
1507 2155 1576 2228 viri
1593 2156 1763 2246 illustres,

598 2298 697 2352 nunc
721 2282 990 2370 consequenter
1003 2267 1038 2367 (³)
1054 2276 1091 2348 in
1116 2275 1185 2348 isto
1197 2274 1324 2367 quinto
1343 2274 1502 2368 capitulo
1518 2273 1687 2348 describit
1703 2293 1763 2348 se·

598 2395 762 2470 cundum
784 2397 966 2471 circulum
993 2394 1138 2488 Inferni,
1164 2394 1200 2466 in
1214 2413 1289 2485 quo
1303 2398 1481 2466 tractatur
1495 2381 1532 2483 (⁴)
1547 2391 1764 2467 deiuxuriae

599 2514 703 2605 vicio,
729 2520 766 2588 et
796 2515 1075 2588 luxuriosorum
1102 2512 1287 2607 supplicio.
1318 2511 1362 2584 nt
1389 2516 1507 2606 potest
1535 2510 1642 2585 dividi
1669 2513 1764 2586 istud

598 2631 799 2726 capitulum
818 2632 854 2703 in
873 2633 1037 2725 quinque
1053 2639 1177 2725 partes
1193 2633 1396 2726 generales,
1414 2631 1629 2724 inquorum
1647 2632 1765 2726 prima

598 2756 730 2824 tractat
754 2749 800 2824 de
826 2750 975 2824 introitu
1002 2751 1105 2824 istius
1122 2750 1271 2824 secundi
1289 2749 1415 2824 circuli
1433 2756 1470 2825 et
1494 2750 1541 2826 de
1559 2751 1685 2845 judice
1701 2752 1765 2844 qui

600 2869 784 2964 reperitur
810 2868 847 2941 in
872 2870 948 2962 ipso
966 2868 1127 2942 introitu.
1146 2870 1186 2941 in
1203 2868 1364 2942 secunda
1390 2875 1522 2942 tractat
1542 2870 1579 2942 in
1603 2871 1765 2966 generali

598 2990 645 3077 de
671 3009 765 3082 pena
795 2988 1087 3080 luxuriosorum,
1120 2988 1192 3060 ibi:
1230 2991 1282 3060 Or
1314 2991 1555 3062 incommuta.
1592 2990 1631 3063 ln
1661 2991 1765 3064 tertia

599 3114 730 3182 tractat
760 3108 797 3180 in
826 3107 971 3202 speciali
1000 3108 1048 3181 de
1077 3107 1296 3201 quibusdam
1329 3109 1499 3202 antiquis,
1529 3110 1593 3203 qui
1623 3111 1767 3185 labora·

600 3234 735 3302 verunt
764 3228 833 3303 isto
865 3228 996 3301 morbo
1029 3219 1078 3320 (⁵),
1111 3227 1182 3301 ibi:
1213 3233 1246 3300 li
1272 3249 1368 3301 come
1394 3232 1409 3300 i
1435 3233 1526 3320 prat.
1562 3230 1602 3302 ln
1635 3235 1766 3323 quarta

599 3352 730 3422 tractat
755 3346 801 3420 de
826 3347 1045 3441 quibusdam
1073 3347 1268 3441 modernis,
1287 3349 1357 3421 ibi:
1377 3353 1503 3422 Poscio
1528 3352 1613 3422 ct’i'
1627 3352 1709 3428 etti.
1728 3350 1766 3421 ln

599 3467 727 3560 quinta
748 3472 871 3541 movet
889 3487 1002 3540 unam
1020 3468 1249 3559 questionem
1266 3468 1371 3543 atteri
1389 3468 1550 3542 duorum
1572 3470 1765 3563 spirituum

600 3587 698 3661 circa
723 3586 915 3660 materiam
943 3593 1131 3659 narratam
1149 3587 1364 3680 peripsum,
1383 3588 1454 3660 ibi:
1482 3593 1548 3661 Pot
1572 3592 1620 3661 mi
1634 3593 1766 3661 riootsi.

599 3707 687 3780 dliae
711 3713 832 3801 partes
864 3705 1105 3799 particulares
1135 3705 1310 3798 patebunt
1335 3706 1576 3781 discurrendo
1601 3727 1668 3801 per
1693 3707 1767 3779 sin-

602 3830 718 3924 gulas.

674 3947 726 4019 nd
752 3946 908 4039 primam
935 3964 1025 4040 ergo
1045 3944 1126 4019 dico
1143 3944 1242 4038 quod
1258 3952 1369 4018 autor
1385 3945 1556 4020 describit
1575 3947 1763 4020 introitum

600 4066 647 4139 ad
672 4063 874 4138 secundnm
900 4063 1093 4157 circulum,
1115 4070 1152 4138 et
1176 4065 1393 4139 continuans
1408 4085 1449 4139 se
1465 4066 1511 4139 ad
1528 4064 1768 4160 praecedentia

600 4185 707 4262 dicit:
734 4176 805 4257 cosi
820 4186 956 4274 diocesi,
974 4183 1120 4277 scilicet,
1138 4184 1232 4258 sicut
1248 4185 1385 4259 dictum
1403 4193 1468 4278 est,
1486 4206 1573 4260 cum
1593 4187 1670 4260 solo
1687 4186 1769 4259 Vir—

601 4306 698 4403 gilio,
724 4307 782 4378 dcl
812 4307 946 4377 ceretto
971 4306 1140 4396 primae,
1171 4304 1273 4398 idest,
1307 4305 1427 4399 primo
1461 4306 1605 4398 interni,
1631 4303 1691 4398 pid
1715 4310 1772 4380 net

601 4429 762 4516 seconde
794 4424 896 4516 idest,
929 4422 1080 4497 interius
1114 4424 1151 4496 in
1181 4424 1384 4498 secundum
1414 4425 1595 4499 circulum
1626 4427 1769 4518 interni,

662 4678 690 4740 (¹)
706 4678 732 4727 S.
749 4679 906 4741 precedenti
923 4678 1044 4741 capitulo.
1054 4678 1123 4727 -Ε,
1139 4679 1267 4740 superiori
1284 4683 1357 4741 purte
1373 4683 1458 4730 antor.

662 4754 691 4812 (¹)
708 4758 762 4811 tta,
779 4753 931 4814 puniuntur.
1118 4751 1147 4815 (¹)
1164 4753 1195 4802 B.
1211 4754 1394 4804 convenienter
1409 4756 1436 4804 tn
1452 4760 1509 4806 toto
1524 4757 1623 4820 quinto.

664 4828 693 4966 (a),
707 4832 919 4957 ythmum-
932 4829 962 4878 E.
980 4834 1124 4880 tractantur
1140 4828 1251 4879 luxum
1266 4830 1327 4881 vitta
1341 4835 1369 4881 et
1386 4830 1581 4883 luxuriosorum
1596 4833 1724 4897 snppttttn.
