4154 6546
798 800 1052 857 INTRODUGHO.
1467 797 1512 866 17

409 944 564 1019 monuo
599 942 740 1017 anonis
775 950 832 1018 ert
866 946 1028 1040 optima3
1067 947 1219 1023 intendit
1254 941 1352 1025 erum
1391 954 1514 1031 tacere
1611 932 1613 937 ’

337 1063 524 1139 hominem
543 1055 583 1155 (¹)
607 1061 760 1157 bonum,
784 1062 871 1156 quia
896 1061 1047 1140 intendit
1071 1073 1151 1142 tum
1177 1075 1280 1144 metu
1305 1090 1511 1167 poenarum,

337 1193 418 1259 tum
435 1180 690 1258 exhortatione
715 1182 953 1276 premiorum
980 1185 1146 1262 homines
1172 1208 1349 1265 revocare
1368 1189 1415 1265 ad
1434 1191 1514 1266 cul-

338 1312 421 1379 tum
443 1302 600 1396 uranus,
615 1320 824 1397 proponens
841 1303 1016 1399 supplicia
1033 1305 1154 1381 debita
1173 1307 1274 1382 viciis
1299 1301 1337 1384 et
1361 1311 1513 1406 premia

338 1423 460 1500 debita
483 1421 705 1514 virtutilms3
730 1420 816 1495 mm
840 1420 1045 1498 &undum
1069 1426 1286 1502 sententiam
1309 1420 1511 1523 Horatiifflz

542 1584 698 1659 oneret
713 1604 864 1677 peccam
887 1586 969 1659 boae
992 1589 1127 1661 aetatu
1151 1608 1286 1682 amore,

541 1704 697 1779 oneret
711 1725 862 1798 pecare
885 1707 971 1779 muli
991 1708 1181 1800 [umidior
1199 1731 1325 1802 pmtoe.

339 1890 495 1967 Intendit
523 1890 649 1986 itaque
678 1890 904 1987 gravissimis
927 1893 1044 1987 poenis
1077 1894 1249 1972 mordere
1274 1897 1440 1993 niciosus,
1475 1906 1513 1975 at

338 2010 518 2087 altissimis
540 2009 702 2106 premiis
725 2012 910 2087 honorare
934 2012 1128 2108 virtuosos,
1153 2022 1191 2090 et
1223 2036 1311 2091 cum
1343 2017 1414 2093 hoc
1445 2017 1512 2093 sibi

337 2130 403 2227 ipsi
426 2135 645 2227 perpetuam
669 2129 826 2226 gloriam
850 2150 1068 2228 propagare.

408 2250 550 2326 Utilitas
573 2256 631 2326 est
654 2249 817 2324 maxima
842 2257 880 2325 et
907 2249 1257 2349 desiderabilissima,
1287 2255 1422 2331 scilieet
1450 2253 1515 2332 eo·

337 2371 450 2469 gnitio
486 2372 661 2446 humanae
693 2366 881 2465 felicitatis,
920 2370 1004 2446 lieet
1040 2371 1111 2446 sint
1141 2372 1310 2468 plurime
1341 2375 1513 2452 utilitates

337 2489 590 2587 partmularea,
615 2488 679 2565 sed
703 2491 833 2565 omnes
852 2495 939 2564 sunt
961 2498 1111 2586 propter
1130 2491 1249 2589 istam
1266 2492 1304 2569 et
1328 2494 1514 2570 reducun-
1612 2590 1617 2600 ἡ

339 2617 401 2686 tur
424 2610 473 2687 ad
496 2609 616 2684 istam

410 2728 520 2805 liber
554 2728 624 2804 iste
660 2727 877 2823 supponitur
912 2728 1013 2803 omni
1048 2730 1143 2825 parti
1180 2731 1437 2828 philesophiae3
1474 2741 1514 2810 et

206 2842 212 2859 ’“
338 2849 458 2945 primo
482 2847 631 2941 Ethicae,
655 2846 694 2921 in
719 2852 901 2941 quantum
935 2854 1068 2923 tractat
1092 2848 1139 2924 de
1162 2850 1305 2925 acubus
1329 2851 1511 2948 humanis,

337 2976 426 3065 puta
450 2967 498 3044 da
521 2965 623 3042 viniis
646 2972 686 3041 et
708 2965 925 3041 virtutibus:
949 2967 1201 3065 Metaphysicoe
1230 2976 1268 3044 et
1292 2970 1515 3067 Theologiae,

339 3090 377 3164 iu
392 3094 574 3184 quantum
590 3092 724 3163 traam
736 3076 775 3178 (³)
792 3086 839 3161 de
854 3086 932 3162 Deo
953 3094 991 3162 et
1006 3088 1215 3163 substantiis
1231 3089 1418 3184 separatis,
1435 3089 1513 3166 sive

337 3207 500 3306 angelisz
526 3212 566 3283 et
594 3205 779 3282 interdum
796 3205 969 3303 Physieae,
988 3207 1163 3300 quoniam
1177 3195 1215 3300 (⁸)
1236 3208 1373 3283 scilicet
1397 3208 1512 3283 inter·

338 3329 426 3406 serit
449 3326 619 3424 quaedam
643 3326 848 3401 naturalior
874 3332 1000 3401 tamen
1022 3327 1192 3422 proprius
1204 3318 1244 3419 (Β)
1269 3334 1307 3403 et
1330 3327 1512 3422 principa·

337 3449 409 3524 lius
432 3446 649 3545 supponitur
672 3446 821 3540 Ethicae,
846 3452 888 3520 ut
912 3467 979 3541 per
1003 3466 1045 3522 se
1068 3453 1178 3543 patet.

399 3566 508 3647 ,libri
532 3565 660 3640 titulus
684 3571 740 3640 ast
764 3564 868 3640 talis:
893 3565 1019 3661 Incipit
1044 3565 1162 3661 prima
1193 3565 1342 3642 Cantica
1367 3566 1512 3643 Comoe·

337 3688 406 3764 dire
437 3685 563 3762 Daulis
594 3683 791 3780 llldigherii
823 3690 940 3780 poetae
972 3684 1189 3781 Florentini„
1213 3685 1250 3760 in
1275 3706 1349 3780 qua
1375 3693 1512 3762 macte

338 3814 399 3882 tur
410 3797 450 3900 (θ)
468 3805 516 3882 tle
531 3803 688 3879 lnlerno.
706 3804 746 3877 ln
768 3804 839 3878 hoe
861 3803 977 3898 titulo,
994 3804 1114 3898 primo
1134 3805 1297 3902 tangitur
1313 3804 1415 3897 ordo,
1433 3804 1511 3878 sive

338 3947 450 4005 causa
473 3923 649 4018 formum,
672 3917 761 3999 cum
784 3922 918 3998 dicitur
949 3924 1091 4018 prima3
1126 3924 1292 4019 sequitur
1326 3921 1424 3997 euim
1453 3940 1512 3996 se·

337 4046 468 4123 cunda.
492 4044 548 4120 ald
572 4042 672 4139 quod
696 4041 898 4117 notandum
924 4042 1023 4135 quod
1054 4042 1173 4118 lorma
1205 4041 1309 4116 istius'
1340 4039 1424 4114 libri
1455 4045 1511 4115 est

337 4165 483 4262 duplex,
497 4163 634 4238 scilieet
649 4161 768 4236 torma
785 4167 963 4237 tractatus
978 4169 1016 4236 et
1032 4161 1152 4236 forma
1168 4159 1357 4236 tractandi.
1375 4159 1510 4234 Forma

337 4291 514 4362 uerutus
536 4289 594 4359 est
617 4280 831 4376 oompositio
855 4281 1072 4377 rhythmica,
1089 4281 1269 4357 suavitate
1283 4268 1508 4375 ¹eloquentie

337 4412 374 4481 et
397 4404 578 4502 gravitate
602 4401 790 4478 sententie
815 4399 969 4475 condita.
995 4399 1130 4475 Forma
1156 4400 1333 4475 tractandi
1352 4406 1407 4474 est
1425 4418 1508 4472 rno-

334 4524 403 4600 dus
427 4522 570 4622 mendi,
595 4528 634 4598 et
657 4521 750 4595 ordo
775 4541 888 4614 quem
913 4526 1046 4612 servat,
1064 4519 1127 4613 qui
1149 4525 1204 4593 est
1220 4518 1423 4612 multiplex,
1441 4515 1510 4590 sci-

398 4759 430 4823 (¹)
446 4758 473 4810 S.
489 4759 621 4810 laomloem
636 4769 692 4810 este
708 4756 815 4809 bouum
924 4753 956 4815 i'l
971 4754 997 4807 S.
1015 4756 1042 4806 ln
1057 4755 1187 4818 Eplatolia.

400 4837 430 4901 (ἢ
445 4837 476 4888 li.
493 4837 619 4888 mvii.
926 4833 954 4895 (⁸)
972 4838 1017 4885 tta
1033 4847 1049 4885 e
1065 4833 1089 4884 S
1104 4846 1121 4884 a
1137 4833 1167 4884 li.
1183 4831 1287 4897 wando
1302 4831 1409 4882 adlloet.

400 4912 431 4975 (³)
446 4911 478 4962 B.
492 4911 574 4976 prius
928 4907 958 4970 (¹)
975 4908 1005 4959 ll.
1021 4913 1123 4960 tractat.

470 5016 489 5064 ι,
1343 5058 1347 5065 ,
1357 5011 1370 5053 2
