4154 6546
782 813 919 873 caurus
944 816 1101 874 orciuos
1127 818 1287 873 rmrrus.
1547 800 1617 868 leo

453 967 550 1036 tatus
567 968 622 1035 est
647 982 868 1058 cognoscens
893 965 986 1038 banc
1012 984 1092 1038 esse
1119 970 1256 1037 terram
1284 962 1413 1036 totiens
1438 959 1504 1034 sibi
1530 960 1623 1034 lata-

452 1090 538 1156 tam.
567 1085 609 1156 Et
639 1085 697 1156 hin
732 1090 816 1158 nota
847 1105 959 1177 quam
995 1085 1089 1158 bene
1115 1084 1181 1158 ista
1208 1083 1304 1157 fictio
1333 1082 1499 1175 sequitur
1515 1075 1551 1173 (¹)
1576 1081 1621 1153 ad

451 1202 485 1275 id
512 1203 709 1297 quodiam
736 1203 872 1276 dictum
899 1211 954 1278 est
979 1204 1025 1277 de
1050 1204 1195 1297 harpiis.
1227 1205 1318 1275 Nam
1345 1202 1461 1276 Eneas
1487 1209 1542 1274 est
1567 1201 1622 1275 vir

452 1322 721 1418 magnanimus,
748 1323 924 1416 quidum
952 1324 1088 1399 recedit
1113 1345 1135 1398 a
1161 1323 1267 1397 Troia
1293 1329 1389 1396 terra
1418 1321 1621 1415 voluptatis,

451 1448 489 1515 et
513 1443 628 1519 tendit
652 1443 689 1517 in
714 1443 852 1517 ltaliam
887 1451 1024 1518 terram
1059 1443 1212 1537 virtutis,
1238 1442 1389 1516 avaritia
1419 1441 1540 1515 statim
1566 1442 1622 1514 in-

450 1563 568 1659 surgit
600 1564 636 1636 in
668 1583 755 1638 eum
788 1565 913 1638 volens
949 1564 1067 1658 ipsum
1101 1564 1276 1658 impedire
1305 1584 1326 1635 a
1362 1569 1436 1636 tam
1462 1562 1621 1657 glorioso

451 1683 647 1779 proposito,
665 1685 775 1777 quale
799 1692 881 1758 erat
906 1685 1060 1759 lundare
1086 1684 1279 1779 imperium
1305 1703 1563 1777 romanorum;
1585 1689 1622 1757 et

451 1804 536 1878 audi
568 1795 718 1897 quodl²l
751 1804 859 1877 dicit:
884 1805 1021 1879 divinat
1052 1805 1119 1879 sibi
1149 1804 1248 1898 quod
1281 1810 1479 1897 antequam
1513 1804 1623 1898 possit

452 1926 521 1999 boc
550 1924 740 2020 perlicere,
778 1926 945 1999 comedet
977 1946 1131 2020 mensas,
1158 1924 1262 2020 quasi
1286 1925 1397 1999 dicat:
1429 1943 1623 1999 consumes

453 2045 625 2139 quicquid
656 2044 817 2139 habebis,
852 2052 889 2119 et
921 2045 1081 2140 portabis
1106 2045 1229 2119 omnia
1255 2044 1458 2138 incomoda,
1484 2051 1520 2118 et
1551 2044 1623 2118 eris

454 2187 566 2240 senex
585 2165 822 2240 discurrendo
847 2185 913 2259 per
930 2166 1053 2239 omnia
1080 2165 1207 2258 maria,
1226 2173 1262 2239 et
1284 2174 1400 2240 terras
1417 2165 1511 2238 inter
1529 2171 1622 2238 tem-

454 2292 611 2380 pestates
648 2292 685 2360 et
725 2285 879 2359 labores.
919 2285 989 2358 Sed
1020 2286 1137 2359 Eneas
1175 2284 1432 2380 magnanimus
1470 2284 1625 2379 insurgit

455 2426 541 2479 oum
568 2405 644 2479 suis
668 2405 774 2479 sociis
800 2405 953 2481 torribus
978 2411 1106 2478 contra
1131 2404 1249 2498 istam,
1265 2411 1303 2478 et
1328 2404 1429 2499 lugat
1446 2410 1483 2479 et
1499 2405 1625 2498 expel-

457 2526 496 2598 lit
521 2548 542 2599 a
568 2546 619 2619 se,
638 2534 675 2600 et
700 2525 840 2601 sortiter
857 2524 1007 2621 negligit
1031 2524 1154 2598 omnia
1180 2524 1376 2598 infortunia
1402 2529 1438 2599 et
1463 2523 1624 2618 pericula

456 2652 492 2721 et
517 2667 662 2741 semper
686 2646 781 2719 bene
805 2650 936 2739 sperat,
959 2653 995 2720 et
1020 2666 1131 2720 omne
1155 2643 1355 2741 augurium
1381 2645 1561 2719 convertit
1587 2643 1623 2717 in

455 2768 605 2841 bonum.
632 2768 729 2862 Ergo
759 2766 853 2840 bene
877 2765 1011 2841 Celeno
1045 2786 1129 2861 quae
1159 2786 1305 2860 semper
1338 2767 1416 2840 vult
1441 2766 1563 2840 celare
1587 2776 1625 2840 et

455 2906 675 2961 oonserrare
703 2885 877 2979 quicquid
902 2886 1061 2980 Occipito
1091 2885 1293 2980 occupavit,
1319 2892 1356 2959 et
1386 2886 1486 2960 Aello
1520 2892 1624 2980 opta·

456 2996 565 3099 vitl³),
580 3014 635 3080 est
650 3006 807 3100 pessima
831 3006 940 3100 pestis
967 3005 1126 3079 maxime
1154 3015 1280 3082 contra
1297 3005 1507 3100 principem.
1538 3005 1620 3079 ideo

455 3125 723 3221 elegantissime
754 3126 924 3222 Virgilius
961 3126 1044 3200 dicit
1082 3126 1127 3197 lll
1152 3125 1317 3218 Eneidos,
1350 3124 1447 3219 quod
1481 3127 1622 3198 nullum

456 3251 662 3320 monstrum
693 3251 748 3319 est
780 3246 917 3322 tristius
948 3252 985 3320 et
1017 3246 1116 3319 nulla
1142 3245 1251 3341 pestis
1285 3245 1468 3319 crudelior
1497 3245 1627 3319 avibus

456 3366 542 3460 istis,
569 3373 606 3440 et
631 3367 730 3440 nulla
760 3366 814 3441 ira
846 3367 1001 3442 deorum
1028 3366 1129 3440 venit
1153 3366 1256 3461 peior
1288 3366 1335 3439 ab
1360 3365 1523 3460 interno,
1553 3365 1628 3440 istis

446 3485 553 3592 Lrisis,
580 3507 678 3560 nunc
712 3493 768 3560 est
801 3486 847 3560 ad
877 3486 1020 3561 literam
1051 3486 1284 3560 veniendum.
1318 3485 1409 3560 llicit
1439 3492 1570 3559 autor:
1598 3490 1629 3560 le

457 3607 567 3679 bruile
587 3610 699 3699 arpie,
718 3607 765 3680 ab
791 3606 935 3701 ellectu,
956 3607 1041 3700 quia
1068 3607 1258 3701 inquinant
1282 3625 1528 3701 quaeoumque
1546 3613 1627 3680 tan-

457 3732 551 3821 gunt
576 3733 918 3821 quantumcumque
948 3727 1144 3821 splendida,
1172 3731 1286 3821 [anno
1316 3731 1373 3801 lor
1405 3731 1488 3801 milo
1519 3731 1626 3821 quini,

458 3845 570 3919 etsie
595 3846 732 3920 iaciunt
758 3846 848 3920 lilios
873 3847 910 3919 in
935 3847 1129 3921 arboribus
1156 3847 1254 3942 istis,
1280 3854 1317 3922 et
1342 3867 1428 3922 ecce
1454 3868 1624 3944 magnam

458 3965 655 4061 potentiam
692 3966 844 4042 istarum
875 3966 1012 4061 avium,
1047 3970 1107 4039 cle
1136 3970 1340 4040 cornaroi
1374 3970 1518 4041 l'roiom
1540 3970 1627 4041 delle

458 4089 645 4179 Stolone,
669 4085 746 4161 istae
776 4086 903 4159 insulae
929 4093 1014 4160 sunt
1038 4086 1075 4159 in
1100 4087 1239 4161 Graecia
1257 4088 1293 4160 in
1311 4088 1429 4182 Epiro,
1450 4109 1534 4181 quae
1560 4108 1626 4161 vo-

457 4212 549 4280 cata
574 4212 661 4279 sunt
676 4194 932 4300 Etbinadesl‘),
951 4214 987 4280 et
1008 4207 1094 4281 olim
1113 4208 1250 4301 Plotoe,
1276 4215 1314 4282 et
1338 4207 1446 4282 dicit:
1472 4228 1539 4280 eon
1564 4210 1627 4280 tri-

456 4336 509 4400 sto
527 4330 701 4399 annuncio
718 4329 755 4399 di
767 4330 889 4420 futuro
913 4329 1046 4418 donam
1065 4327 1163 4422 quod
1182 4335 1305 4402 tamen
1322 4348 1542 4402 eonversum
1562 4327 1628 4400 init

457 4448 492 4520 in
519 4448 658 4521 bonurn
684 4446 898 4542 augurium,
924 4454 967 4520 ut
1000 4447 1073 4521 iam
1099 4449 1237 4522 dietum
1272 4455 1349 4522 est:
1376 4455 1412 4522 et
1438 4469 1535 4542 saepe
1559 4448 1628 4521 boc

458 4568 597 4661 accidit,
623 4567 710 4660 quia
727 4559 763 4660 (⁵)
790 4567 938 4661 quando
963 4567 1019 4640 vir
1045 4568 1229 4642 virtuosus
1259 4567 1403 4643 videtur
1428 4567 1566 4662 positus
1591 4568 1628 4641 in

458 4687 658 4761 maioribus
671 4687 852 4781 perieulis,
867 4695 954 4761 tuno
967 4686 1233 4799 appropinquat
1246 4687 1326 4760 finis
1336 4677 1374 4779 (⁶)
1388 4688 1568 4761 laborum.
1577 4726 1627 4740 -

520 4867 548 4930 (¹)
565 4867 596 4917 E.
613 4872 744 4932 sequatur.
935 4867 962 4931 Γ)
979 4867 1009 4918 B.
1025 4868 1095 4932 qulrl.
1309 4867 1336 4930 ζ’)
1352 4867 1383 4917 Ε.
1401 4866 1478 4918 bello
1493 4866 1613 4918 obtinuit·

521 4944 547 5004 (⁸)
565 4947 610 4995 lto
628 4957 643 4994 e
660 4944 689 4993 Ε.
707 4943 859 4996 Echinum
937 4943 965 5007 (⁸)
981 4943 1013 4994 E.
1028 4943 1098 5008 quod
1114 4944 1225 5009 qumdo.
1308 4942 1336 5008 Γ)
1353 4947 1407 5004 110,
1423 4941 1482 4994 fini!
1496 4941 1613 4994 librum.
