4154 6546
448 793 519 859 266
837 800 1040 855 conduntur
1064 801 1214 855 rnraunt

447 945 646 1039 dicitquod
663 945 809 1019 fortuna
827 964 900 1017 nan
917 949 1023 1017 curat
1036 935 1074 1034 (¹)
1094 943 1160 1017 sibi
1178 943 1225 1017 de
1242 943 1559 1019 lamentationibus
1572 936 1612 1036 (¹)

447 1065 649 1138 bominum.
677 1065 777 1138 Unde
800 1063 907 1138 dicit:
934 1084 993 1136 ma
1017 1066 1086 1136 clla
1109 1056 1187 1136 s’et
1211 1065 1312 1138 beatu
1336 1085 1355 1136 e
1378 1055 1433 1137 eid
1447 1084 1520 1137 twa
1536 1066 1613 1156 nde,

447 1186 537 1260 idest
562 1204 634 1259 nun
667 1184 811 1258 videtur
843 1183 974 1258 audire
1005 1182 1063 1257 vel
1095 1202 1241 1277 curare,
1276 1183 1362 1277 quia
1393 1204 1467 1256 uon
1496 1189 1615 1277 polest

447 1304 609 1397 recipcre
634 1303 838 1395 laesionem3
856 1301 929 1396 ipsa
956 1302 1060 1377 dico:
1087 1305 1200 1377 cont
1213 1305 1304 1377 altre
1324 1305 1438 1394 nnnc
1457 1309 1616 1377 trentm

446 1429 538 1514 licta,
563 1423 655 1498 idest
679 1442 764 1496 cum
791 1422 1044 1518 intelligentiis,
1070 1422 1157 1516 quia
1181 1423 1309 1519 angeli
1334 1423 1486 1497 luerunt
1500 1421 1614 1497 creati

446 1543 554 1615 simul
580 1560 666 1614 cum
692 1540 793 1615 coelis
808 1531 857 1635 (³),
884 1562 968 1634 quae
994 1541 1129 1616 babent
1156 1560 1307 1617 movere
1331 1548 1369 1616 ct
1392 1540 1615 1636 gubernare⁷

446 1661 557 1735 etita
583 1659 769 1735 inllnentia
794 1660 877 1734 coeli
903 1681 988 1753 quse
1014 1660 1123 1735 babet
1148 1680 1301 1735 movere
1315 1648 1352 1752 (⁴)
1377 1659 1500 1733 omnia
1525 1658 1616 1733 inle-

447 1780 561 1852 rinra:
589 1798 679 1874 ergo
704 1778 849 1853 fortuna
874 1778 943 1852 luit
967 1779 1077 1853 simul
1101 1787 1225 1853 creata
1250 1799 1336 1853 cum
1362 1779 1463 1853 coelis
1480 1784 1516 1853 et
1533 1798 1616 1852 mn·

448 1898 586 1971 turibus
611 1899 802 1972 coelorum.
830 1901 931 1988 Volat
953 1919 1019 1970 suc
1043 1920 1162 1990 apen,
1188 1898 1280 1972 idest
1304 1905 1423 1973 rotam
1448 1918 1533 1992 qum
1556 1904 1616 1972 at-

446 2018 618 2091 tribuitur
647 2017 804 2092 lcrtunae
818 2008 867 2110 (⁵),
894 2039 912 2090 e
936 2018 1037 2091 beata
1065 2021 1097 2091 si
1124 2020 1226 2109 node,
1253 2017 1357 2111 quasi
1390 2017 1497 2110 dicat,
1530 2017 1615 2093 lacit

446 2135 605 2210 cilicium
632 2157 741 2209 suum
759 2142 798 2210 et
813 2136 989 2231 permittit
1010 2137 1175 2212 hemines
1195 2137 1358 2212 ciamare
1370 2128 1408 2228 (θ)
1425 2144 1463 2210 et
1480 2138 1615 2211 latrare

447 2257 481 2328 in
508 2278 656 2330 vanum.
681 2257 781 2332 Unde
798 2263 884 2331 uota
901 2257 1000 2350 quad
1016 2257 1163 2331 fortuna
1180 2256 1311 2331 meritc
1329 2256 1510 2352 liguratur
1526 2276 1612 2331 curn

447 2384 546 2470 rcta3
572 2378 602 2450 si
628 2378 725 2451 enirn
752 2377 909 2472 applices
929 2377 1118 2452 candelam
1137 2383 1226 2450 rotae
1244 2396 1328 2469 quae
1344 2376 1518 2450 contiuuo
1535 2396 1614 2451 mo-

447 2502 578 2569 veatur
594 2488 643 2588 (⁷),
669 2517 767 2570 nunc
793 2497 977 2591 praestabit
991 2487 1128 2571 ¹lumen
1155 2495 1239 2569 buic
1263 2495 1367 2590 parti,
1386 2516 1483 2570 nuuc
1499 2496 1560 2590 illi,
1577 2502 1614 2572 el

447 2616 494 2688 ita
520 2615 605 2689 lacit
630 2616 816 2690 inlluentia
843 2617 935 2688 coeli.

523 2738 575 2809 Or
586 2737 830 2807 discendlamm
849 2735 919 2808 lsta
937 2740 992 2808 est
1009 2735 1134 2828 quinta
1151 2742 1189 2809 et
1210 2735 1337 2810 ultima
1353 2756 1436 2829 pars
1453 2752 1609 2830 genera-

447 2853 499 2945 lis,
513 2852 548 2925 in
567 2873 640 2947 qua
657 2859 765 2926 autor
782 2853 911 2948 agitet
928 2859 1059 2926 tractat
1076 2853 1237 2927 breviter
1254 2861 1291 2928 et
1307 2854 1490 2928 succincte
1504 2843 1541 2945 (⁸)
1562 2855 1609 2931 de

447 2992 554 3064 poena
586 2972 847 3047 iracundorum
883 2980 920 3048 et
951 2973 1216 3047 accidiosorum
1248 2974 1311 3067 qui
1343 2975 1548 3068 puniuntur
1577 2975 1614 3051 iu

447 3091 573 3183 quinto
586 3093 737 3167 circulo:
756 3098 794 3167 et
810 3093 928 3187 primo
938 3093 1108 3189 Virgilius
1121 3093 1247 3167 invitat
1262 3102 1432 3169 autorem
1446 3095 1493 3168 ad
1506 3095 1612 3169 istam

448 3213 637 3286 materiam
676 3214 969 3306 pertractandam
999 3213 1138 3288 dicens:
1173 3218 1225 3287 Or
1254 3217 1490 3288 ddccndicmo
1520 3218 1616 3288 omni

446 3355 469 3403 α
495 3336 658 3424 maculer
679 3337 786 3426 pieta
813 3336 903 3410 idest
930 3342 1159 3410 transeamus
1183 3335 1334 3410 interius
1358 3337 1405 3409 ad
1435 3336 1614 3411 maiorem

450 3475 606 3549 paenam,
620 3454 682 3527 ubi
699 3456 903 3549 puniuntur
921 3455 1060 3529 maiora
1074 3455 1166 3529 vicia
1188 3475 1300 3547 quam
1320 3456 1391 3528 siut
1407 3455 1561 3530 avaritia
1578 3461 1616 3530 et

447 3573 695 3669 prodigalitas3
710 3579 746 3648 et
763 3574 892 3666 probat
905 3572 1004 3667 quod
1016 3593 1089 3646 non
1102 3574 1325 3668 estamplius
1338 3573 1613 3647 immorandum

448 3696 543 3769 circa
562 3694 694 3768 dictam
713 3692 905 3768 materiam
925 3698 1072 3787 propter
1090 3693 1264 3787 temporis
1281 3692 1509 3784 brevitatem,
1527 3690 1614 3783 quia

446 3813 580 3888 scillcet
605 3813 677 3886 iam
705 3817 886 3886 steterunt
910 3811 948 3883 in
978 3810 1122 3884 lulerno
1140 3831 1205 3905 per
1225 3810 1458 3885 medietatem
1477 3808 1611 3900 noctis3

448 3934 544 4007 unde
569 3933 676 4006 dicit:
702 3921 763 4023 nid
787 3935 872 4022 anni
895 3934 995 4005 stella
1025 3934 1112 4004 cade
1141 3933 1200 4005 cte
1228 3934 1342 4004 salim
1364 3932 1542 4024 quand’to
1567 3935 1615 4003 mi

448 4053 564 4141 timasi,
590 4052 669 4123 vult
693 4049 815 4124 dicere
840 4050 877 4123 in
901 4050 1035 4125 ellectu
1056 4051 1155 4143 quod
1171 4050 1245 4125 iam
1262 4051 1481 4125 transiverat
1496 4048 1612 4143 prima

448 4170 621 4245 medietas
647 4168 773 4262 noctis,
790 4169 878 4262 quia
894 4171 1007 4244 stellae
1025 4190 1109 4263 quae
1126 4169 1371 4246 ascendebant
1386 4169 1424 4243 in
1441 4169 1615 4264 principio

448 4289 561 4364 noctis
586 4288 733 4382 quando
759 4288 905 4363 intrarit
929 4289 1115 4364 lnlernum
1143 4308 1241 4363 nunc
1264 4288 1411 4381 cadunt,
1433 4288 1524 4361 idest
1549 4307 1615 4362 va-

446 4410 535 4481 ‹lunt
563 4429 695 4483 versus
720 4429 905 4503 occasum,
924 4411 1010 4503 quia
1037 4410 1107 4484 iam
1127 4410 1375 4483 transiverunt
1389 4400 1425 4499 (⁰)
1452 4408 1613 4492 medium

509 4611 534 4668 (¹)
550 4609 576 4659 S.
593 4615 669 4659 curat
684 4611 716 4661 de
732 4611 963 4663 lamentationibus.
1068 4687 1073 4699 Ι
1108 4608 1150 4700 .(’)
1167 4615 1222 4666 stt.
1239 4611 1272 4660 tls
1288 4570 1517 4661 matottettorrtbua

509 4683 536 4820 t
551 4685 1090 4826 calcinariam·
1559 4793 1564 4807 .

509 4837 535 4896 (·)
553 4841 607 4896 llll,
624 4838 778 4888 clamarem
796 4854 899 4890 vanum.
1015 4841 1040 4900 (Ἴ)
1060 4839 1087 4888 Ε.
1105 4844 1233 4890 movetur.
1358 4833 1386 4897 θ)
1402 4835 1435 4886 lt·
1449 4814 1598 4885 ammte.

510 4913 584 4976 (lli.
602 4915 771 4965 arm-trema
786 4917 847 4978 lm
862 4916 944 4967 stella
960 4917 1085 4967 medium.
