4154 6546
798 790 935 846 murus
959 789 1088 844 NONUS.
1235 868 1240 875 Ι
1455 780 1525 848 309

360 938 446 1032 qnia
461 928 499 1028 (¹)
525 935 670 1010 finxerit
699 955 740 1010 se
764 935 918 1009 intrasse
943 934 1123 1008 circulum
1149 932 1252 1008 ludae
1275 933 1457 1029 infimum,
1485 944 1528 1010 nt

359 1057 494 1131 scilicet
523 1055 731 1131 ostenderet
760 1076 801 1131 se
831 1054 962 1130 vidisse
996 1061 1114 1127 totum
1146 1054 1329 1129 internum
1355 1077 1379 1130 a
1407 1057 1528 1151 primo

358 1176 494 1250 circulo
527 1175 716 1269 usquead
742 1175 925 1267 ultimum,
944 1174 1006 1247 ubi
1031 1180 1103 1248 stat
1126 1173 1258 1269 ludas;
1284 1175 1366 1249 ideo
1390 1196 1526 1252 conve-

360 1295 502 1369 nienter
518 1293 620 1390 lingit
637 1293 735 1387 quod
753 1294 820 1367 ista
839 1313 972 1389 magna
990 1313 1099 1389 maga
1113 1292 1298 1368 vocaverit
1313 1293 1474 1368 animam
1488 1287 1525 1387 θ)

361 1415 506 1511 Virgilii,
521 1415 585 1508 qui
603 1414 714 1489 etiam
737 1414 837 1488 novit
853 1420 971 1486 artem
989 1413 1169 1508 magicam
1183 1412 1218 1486 in
1236 1413 1400 1488 savorem
1415 1435 1525 1488 suurn

358 1534 404 1607 ad
420 1532 670 1608 suscitandum
690 1538 878 1606 mortuum
894 1552 959 1626 per
977 1531 1243 1605 invocationem
1257 1539 1294 1606 et
1311 1532 1526 1607 incantatio-

359 1674 456 1727 nem.
467 1653 559 1728 llicit
571 1672 677 1747 ergo:
691 1654 771 1742 puel
779 1646 817 1724 de
828 1653 856 1723 il
861 1645 925 1742 piel
934 1651 1037 1723 busco
1050 1654 1149 1723 luoco
1162 1653 1214 1723 e'l
1217 1646 1282 1743 piri
1294 1672 1433 1743 oscuro,
1441 1653 1528 1745 quia

359 1771 493 1846 scilicet
518 1776 573 1845 est
598 1769 715 1866 magis
739 1768 961 1863 longinquus
985 1790 1008 1843 a
1029 1770 1116 1863 lleo,
1137 1770 1201 1843 ubi
1218 1776 1274 1845 est
1289 1770 1446 1866 Lucifer,
1464 1772 1527 1847 ubi

360 1890 563 1985 puniuntur
584 1888 801 1983 proditores,
827 1888 915 1981 quia
939 1889 1159 1983 proditiones
1186 1889 1347 1965 maxime
1371 1889 1464 1964 liunt
1488 1891 1524 1964 in

360 2009 529 2104 obscuro,
556 2010 591 2082 in
618 2009 774 2101 occulto,
799 2014 838 2082 et
862 2008 963 2083 ideo:
990 2012 1023 2081 el
1048 2005 1113 2101 piri
1138 2013 1258 2084 tontum
1283 2014 1346 2084 dul
1376 2015 1440 2084 ciel
1468 2014 1527 2084 clte

362 2135 445 2203 uuo
459 2132 555 2220 pira,
571 2128 664 2202 idest
687 2148 710 2201 a
732 2127 827 2201 coelo
845 2127 1020 2221 empireo,
1039 2129 1137 2220 qnod
1158 2129 1302 2223 claudit,
1316 2136 1353 2204 et
1366 2131 1526 2205 eontinet

359 2249 494 2342 omnia,
512 2255 549 2322 et
575 2247 672 2322 ideo:
700 2248 764 2320 ben
787 2250 887 2338 so‚t'l
908 2251 1036 2338 curun,
1057 2242 1148 2340 perd
1174 2257 1205 2321 te
1225 2253 1268 2342 sa
1290 2255 1421 2343 uano,
1442 2252 1528 2344 qnia

359 2368 452 2441 sicut
476 2368 565 2442 duxi
579 2359 616 2459 (³)
643 2367 865 2440 incolumem
898 2366 971 2440 buc
1007 2386 1135 2460 usque,
1162 2367 1211 2441 ita
1241 2368 1373 2442 ducam
1401 2377 1437 2444 te
1462 2389 1528 2464 per

359 2489 543 2583 reliquum
561 2486 704 2560 lnserni.
722 2486 766 2558 Et
783 2485 834 2559 sic
857 2485 939 2560 vide
956 2487 1143 2578 quomodo
1160 2487 1329 2584 Virgilius
1345 2488 1528 2563 concludit

358 2628 510 2683 causam
544 2605 697 2680 lictionis
729 2604 843 2698 lactae,
881 2611 922 2678 ut
939 2592 976 2696 (⁸)
1004 2605 1138 2680 scilicet
1170 2607 1339 2681 redderet
1371 2603 1525 2681 llantem¹

359 2748 544 2819 securum,
571 2726 657 2819 quia
687 2731 768 2799 erat
798 2730 896 2798 totus
922 2724 1071 2798 territus
1096 2731 1133 2799 et
1158 2725 1349 2819 attonitus;
1375 2734 1413 2800 et
1438 2746 1528 2801 con·

359 2846 471 2920 cludit
496 2844 595 2937 qnod
620 2851 744 2918 tamen
769 2850 825 2918 eet
848 2844 986 2918 durum
1004 2844 1150 2919 intrare
1174 2846 1298 2920 locum
1323 2846 1433 2919 istum
1451 2845 1528 2922 ior·

359 2974 447 3059 tem,
467 2963 609 3038 dicens:
635 2971 754 3056 questa
768 2965 913 3054 palude,
933 2963 1068 3038 scilicet
1090 2964 1172 3059 stin,
1190 2967 1249 3037 cte
1261 2967 1287 3036 'l
1300 2986 1395 3054 pron
1406 2986 1527 3057 puzzo

358 3087 471 3176 spira,
502 3084 593 3158 idest
620 3102 706 3176 quae
735 3082 868 3157 emittit
897 3101 944 3156 er
969 3101 1010 3156 se
1034 3102 1212 3178 magnum
1237 3083 1406 3157 loetorem
1434 3084 1527 3158 sicut

360 3204 462 3278 vallis
492 3197 651 3297 mortua,
681 3195 780 3294 cinge
808 3204 997 3276 d’r‘utomo
1026 3203 1063 3274 lu
1087 3191 1169 3274 cited
1192 3202 1337 3293 delecte,
1363 3221 1448 3295 qnae
1472 3212 1528 3278 est

359 3323 537 3398 dolentior
565 3322 710 3396 civitate
741 3321 937 3415 exteriore,
963 3323 998 3394 al
1014 3341 1086 3393 non
1105 3327 1266 3412 potremo
1290 3323 1408 3393 tneor
1432 3324 1528 3394 omui

358 3445 530 3533 scuz'ira,
556 3441 643 3535 quia
669 3441 742 3514 iam
769 3439 937 3536 Virgilius
962 3441 1083 3514 luerat
1099 3439 1215 3514 iratus
1231 3459 1277 3514 ex
1296 3440 1441 3534 repulsa
1459 3438 1525 3513 sibi

358 3562 454 3655 data,
481 3560 544 3635 sed
569 3568 693 3635 tamen
719 3560 888 3654 sperabat
912 3559 949 3632 in
974 3559 1046 3633 alio
1071 3568 1239 3635 venturo.

431 3687 477 3754 Et
499 3679 592 3754 ultro
616 3682 717 3753 disse.
743 3679 815 3753 Ista
839 3685 896 3754 eet
919 3678 1079 3753 secunda
1099 3700 1184 3774 pars
1200 3680 1381 3775 generalis
1399 3680 1434 3753 in
1451 3699 1526 3773 qua

357 3808 467 3875 autor
497 3799 668 3874 describit
699 3805 864 3873 monstra
897 3798 1096 3892 infernalia,
1128 3819 1213 3892 quae
1246 3799 1527 3874 insurrexerunt

358 3927 486 3995 contra
511 3910 622 3992 istum
648 3919 694 3993 ad
720 3918 933 3993 terrendum
951 3937 1058 4011 eum;
1076 3924 1114 3991 et
1131 3917 1293 3992 breviter
1309 3918 1388 3991 vult
1404 3917 1527 3992 dicere

359 4039 458 4132 quod
489 4040 545 4114 isti
577 4039 764 4113 daemones
798 4039 960 4113 videntes
991 4037 1090 4130 quod
1116 4037 1173 4111 isti
1197 4057 1270 4112 non
1296 4036 1525 4130 recedebant,

359 4157 423 4232 sed
446 4158 687 4253 expectabant
710 4158 831 4232 adbuc
855 4157 994 4232 intrare
1008 4149 1046 4248 (⁵)
1064 4156 1246 4232 mediante
1271 4155 1354 4249 alio,
1372 4155 1527 4230 induxe-

360 4283 447 4351 runt
471 4277 584 4351 iunias
608 4277 803 4352 infernales
827 4283 989 4352 armatas
1014 4277 1242 4372 serpentibus
1267 4296 1351 4369 quae
1372 4270 1473 4349 iactis
1488 4281 1526 4349 et

358 4396 480 4471 verbis
495 4386 738 4471 'conabantur
761 4396 945 4491 expellere
976 4416 1060 4489 eos;
1091 4416 1176 4470 nam
1203 4396 1280 4470 istoe
1303 4401 1389 4468 sunt
1413 4412 1525 4469 causa

419 4646 448 4785 ἐξ
463 4647 496 4774 ἓ
511 4660 626 4776 ἷιᾞὶιί
638 4725 717 4788 ipsu·
732 4725 842 4790 vaput,
858 4725 904 4789 qur
919 4724 997 4775 auam
1014 4728 1122 4774 noveru
1137 4727 1229 4774 arram„

419 4798 447 4861 ι’)
461 4800 488 4851 8.
504 4813 520 4851 ο
535 4800 566 4851 B.
582 4800 644 4852 dnxl
660 4807 695 4852 to.
985 4799 1011 4863 (⁸)
1027 4799 1058 4850 ll.
1075 4806 1104 4851 ut
1120 4798 1248 4851 redderet

419 4875 447 4937 (⁸)
463 4875 494 4926 lt„
509 4878 607 4927 intrare
622 4876 673 4928 alio
689 4878 776 4940 modo,
792 4878 956 4930 induxerunt.
