4154 6546
459 762 529 829 562
846 771 1048 827 concurrunt
1073 772 1224 826 rursum

455 922 491 992 lo
515 919 619 1009 codo,
648 937 732 1010 quae
761 923 841 990 erat
870 915 1110 1011 scorpionina,
1142 938 1183 988 su
1213 919 1250 988 lo
1277 919 1372 1008 ripn,
1403 914 1489 1009 quia
1520 913 1620 988 trans

453 1058 598 1133 semper
628 1036 764 1130 aliquid
790 1043 953 1110 reservat
982 1037 1181 1129 occultum,
1207 1055 1273 1130 per
1290 1031 1327 1128 (¹)
1355 1035 1453 1129 quod
1478 1035 1621 1111 acutius

452 1158 568 1252 feriat,
595 1158 645 1232 ita
674 1157 772 1250 quod
805 1159 894 1231 latet
914 1157 1052 1253 anguis
1081 1157 1232 1253 frigidus
1263 1177 1407 1251 semper
1437 1157 1473 1230 in
1508 1157 1622 1230 herba

454 1299 566 1371 quam
592 1277 716 1372 pascit
743 1277 786 1350 Et
810 1276 990 1372 descripto
1016 1277 1161 1371 ellectu,
1187 1277 1356 1351 describit
1372 1277 1541 1371 sormam,
1568 1277 1623 1350 di-

453 1418 561 1473 cens:
589 1403 642 1471 Lo
663 1400 780 1492 saccio
803 1418 869 1471 suo
892 1419 957 1470 ero
969 1400 1087 1491 soene
1102 1401 1137 1470 d'
1150 1418 1231 1470 nom
1249 1401 1376 1490 peso,
1393 1399 1478 1492 quia
1496 1398 1620 1473 omnia

454 1521 532 1596 vult
558 1518 670 1593 videri
696 1519 820 1593 dicere
843 1526 880 1592 et
896 1518 1018 1594 tacere
1030 1520 1130 1615 juste
1147 1524 1184 1593 et
1203 1519 1308 1612 bene,
1327 1526 1364 1593 et
1383 1520 1505 1594 omnia
1523 1520 1621 1594 mala

453 1640 581 1714 nititur
600 1642 767 1714 colorare
784 1660 848 1733 per
867 1639 1100 1734 palliamenta
1120 1640 1333 1734 verborum,
1352 1647 1389 1714 et
1409 1640 1513 1714 ideo:
1531 1662 1621 1713 oneo

453 1764 491 1834 o·
511 1765 596 1855 soor
621 1764 657 1832 lo
675 1764 766 1852 pelle
790 1767 875 1833 tutto
899 1762 1060 1853 bentprto,
1086 1760 1175 1835 idest
1192 1760 1441 1856 apparentiam
1463 1760 1623 1836 exterio-

453 1901 545 1974 rem,
572 1902 657 1955 cum
683 1880 835 1955 interius
859 1881 904 1953 sit
931 1887 1005 1954 tota
1031 1880 1201 1975 maligna,
1227 1902 1246 1952 e
1270 1887 1353 1953 tutto
1369 1883 1392 1953 t
1404 1883 1497 1953 altro
1513 1886 1621 1975 fusto,

453 2001 543 2076 idest
555 1992 705 2075 bustum
724 2004 781 2076 vel
803 2008 989 2095 truncum,
1001 2023 1066 2075 ero
1082 2003 1168 2073 d'un
1184 2006 1352 2093 repente,
1371 2000 1420 2074 ita
1438 2002 1535 2095 quod
1554 2023 1619 2077 cor

452 2123 581 2197 eratin
594 2134 742 2217 pectore
758 2124 907 2218 plenum
926 2122 1007 2197 telle
1025 2121 1166 2216 veneni,
1186 2129 1225 2196 et
1242 2129 1370 2197 venter
1395 2123 1525 2216 plenus
1550 2123 1620 2197 soe-

451 2252 532 2318 tore
549 2244 724 2318 sordium.
738 2244 782 2319 Et
794 2243 878 2316 dicit
892 2243 989 2336 quod
1007 2243 1164 2316 babebat
1180 2242 1271 2316 duas
1287 2244 1420 2337 chelas,
1438 2264 1504 2337 per
1525 2265 1617 2337 quas

451 2365 609 2460 intellige
629 2364 720 2439 duas
737 2363 875 2458 species
892 2362 1039 2456 fraudis,
1057 2362 1193 2437 scilicet
1208 2362 1306 2436 illam
1327 2383 1411 2457 quae
1429 2364 1566 2458 rumpit
1581 2355 1618 2454 (²)

451 2485 637 2560 vinculum
666 2492 808 2559 naturae
833 2484 855 2528 *
869 2490 1035 2576 tantum3
1061 2483 1188 2576 altera,
1213 2503 1298 2577 quae
1328 2484 1464 2577 rumpit
1489 2483 1618 2558 vincu-

451 2607 528 2679 lum
555 2605 731 2679 naturae*
745 2595 782 2696 (³)
808 2609 845 2677 et
871 2603 965 2697 tidei,
998 2610 1040 2675 ut
1069 2603 1187 2697 patuit
1217 2624 1328 2697 supra
1361 2604 1518 2698 capitulo
1544 2606 1617 2697 lll;

452 2725 509 2800 vel
534 2746 600 2820 per
624 2725 717 2799 duas
741 2725 897 2798 brancas
912 2724 1046 2818 quibus
1062 2723 1227 2819 graditur
1244 2724 1377 2799 (lerion
1392 2714 1440 2818 (⁸),
1459 2725 1617 2823 intellige

451 2847 548 2940 quod
574 2846 828 2920 fraudulentus
853 2865 998 2939 semper
1023 2844 1154 2918 incedit
1185 2844 1316 2939 duplici
1343 2846 1414 2939 via,
1440 2867 1555 2920 unum
1580 2838 1617 2939 (⁵)

449 2966 605 3042 ostendit
629 2967 761 3060 tacere,
787 2966 885 3040 aliud
911 2965 1005 3055 lacit,
1031 2971 1068 3039 et
1094 2985 1239 3059 semper
1270 2964 1373 3061 lingit
1404 2986 1444 3039 se
1474 2966 1618 3062 longius

450 3087 524 3180 ire3
550 3087 649 3161 unde
665 3086 773 3160 dicit:
799 3089 866 3159 due
882 3086 1034 3158 namne
1050 3106 1139 3157 oneo
1150 3087 1262 3176 pilose
1274 3088 1326 3177 fio
1343 3089 1507 3176 torrete,
1526 3085 1619 3160 idest

449 3217 616 3302 copertas
647 3228 713 3302 per
740 3214 856 3280 totum
883 3226 1002 3300 usque
1016 3196 1053 3297 (ὅ)
1079 3205 1125 3279 ad
1150 3206 1325 3298 assellas3
1352 3227 1437 3280 nam
1469 3206 1617 3281 brancae

450 3349 523 3404 non
555 3328 690 3402 durant
719 3328 785 3402 uisi
815 3347 935 3421 usque
967 3327 1014 3401 ad
1044 3326 1216 3421 assellas;
1242 3348 1333 3422 ergo
1357 3327 1426 3401 viae
1451 3327 1617 3402 Gerionis

448 3454 533 3523 sunt
558 3449 707 3523 omuino
734 3454 925 3542 cooperte,
952 3447 1050 3521 unde
1075 3445 1168 3519 intra
1193 3446 1351 3540 capitulo
1381 3448 1507 3520 llllVll
1533 3447 1618 3522 dicit

448 3591 546 3644 unus
572 3570 847 3644 fraudulentus:
874 3572 924 3659 po·
947 3570 1144 3658 argument
1167 3590 1187 3639 e
1211 3570 1241 3640 te
1265 3575 1400 3659 coperte
1425 3571 1490 3660 oie,
1508 3576 1545 3643 et
1562 3570 1617 3643 di-

448 3690 519 3764 cit:
541 3711 629 3762 ovea
645 3692 790 3781 mptum,
808 3689 900 3763 idest
919 3689 1134 3781 coloratum,
1152 3694 1339 3782 ornatum,
1358 3692 1415 3761 e⁷1
1428 3692 1533 3762 dorso
1558 3693 1619 3763 e't

443 3817 550 3903 petto,
575 3817 608 3882 et
633 3810 733 3881 ontbe
762 3812 829 3882 dne
857 3811 888 3881 le
916 3816 1018 3898 coste,
1045 3808 1149 3900 quasi
1174 3807 1283 3899 dicat,
1319 3815 1437 3883 totum
1469 3830 1614 3904 corpus,

447 3934 485 4004 dt
508 3933 594 4004 nodi
616 3952 635 4002 e
659 3932 697 4003 di
719 3933 852 4020 rotello,
870 3929 973 4023 quasi
990 3928 1097 4021 dicat,
1118 3928 1258 4020 laqueis
1283 3935 1320 4002 et
1347 3930 1499 4003 maculis
1516 3932 1615 4004 colo-

448 4051 546 4144 ratis,
559 4050 697 4124 ornatis
713 4049 970 4142 diversimode;
986 4069 1069 4123 nam
1089 4048 1217 4122 lormae
1240 4047 1425 4123 fraudium
1448 4058 1535 4124 sunt
1559 4052 1616 4126 in-

420 4252 423 4258 ,
448 4170 705 4263 numerabiles,
718 4169 875 4244 intinitae.
891 4170 934 4242 Et
947 4170 1073 4244 volens
1089 4176 1199 4242 autor
1216 4168 1425 4263 exprimere
1438 4170 1614 4246 infinitam

447 4291 662 4365 varietatem
688 4290 855 4364 colorum
882 4289 1080 4384 fraudium,
1097 4287 1253 4364 ostendit
1272 4308 1313 4363 se
1335 4310 1408 4363 non
1424 4310 1531 4384 posse
1556 4314 1617 4367 re·

446 4411 568 4507 perire
592 4411 905 4506 comparationem
930 4409 1161 4505 condignam,
1188 4409 1273 4502 quia
1291 4398 1328 4500 (⁷)
1354 4410 1453 4485 nulla
1473 4414 1543 4486 tela
1561 4421 1616 4489 est

508 4596 536 4660 (¹)
553 4599 577 4649 S.
595 4598 794 4662 propterquod.
1121 4599 1147 4657 t’)
1164 4596 1189 4647 S.
1207 4598 1295 4648 vincit.

508 4674 534 4737 (¹)
550 4675 586 4724 Le
602 4675 692 4738 parole
707 4675 746 4725 tra
761 4677 768 4725 i
785 4676 836 4726 due
852 4675 984 4726 asteriscbl
1001 4689 1047 4726 son
1064 4675 1174 4738 snpplite
1190 4675 1232 4724 dal
1248 4675 1341 4726 (odico
1358 4679 1413 4728 rto.

508 4750 535 4813 (³)
551 4752 582 4800 E.
598 4751 700 4801 Gerton.
717 4753 767 4802 Per
782 4754 833 4804 hoc
849 4753 974 4817 intellige.

508 4828 535 4890 (⁸)
551 4827 577 4879 S.
594 4843 677 4879 unum
692 4829 755 4880 dicit
770 4835 797 4881 ct
812 4830 931 4882 ostendit.
943 4856 971 4866 -
982 4829 1012 4879 E.
1028 4843 1111 4880 unum
1127 4835 1215 4881 autom
1231 4830 1342 4881 ostendit
1358 4829 1452 4888 iacere,
1468 4836 1495 4882 ot
1511 4830 1590 4885 roua.

509 4903 535 4969 (¹)
552 4904 582 4954 E.
598 4919 680 4970 usqua
696 4907 727 4956 ad
743 4907 842 4960 rxtllar.
1118 4905 1145 4969 (¹)
1162 4907 1193 4958 E.
1208 4907 1269 4972 quia
1286 4908 1345 4958 tela.
