4154 6546
457 789 527 855 428
848 800 1051 857 conburunt
1077 804 1225 857 rurnnur

455 944 628 1040 horribili,
647 966 731 1040 quae
751 967 887 1042 magno
903 948 1054 1042 strepitu
1080 948 1225 1022 alarum
1243 943 1430 1024 venientes
1453 950 1501 1027 de
1516 974 1628 1027 mon·

455 1065 550 1139 tibns
583 1067 651 1139 ibis
684 1074 876 1162 coepernnt
911 1088 1040 1162 rapere
1070 1068 1170 1142 cibos
1182 1059 1233 1162 (¹),
1258 1076 1296 1142 et
1329 1070 1452 1145 omnia
1484 1071 1628 1149 loedare

453 1186 644 1260 immundo
669 1194 780 1262 tactu.
798 1189 899 1262 Tunc
924 1188 1068 1262 Troiani
1094 1195 1333 1263 mutaverunt
1358 1191 1480 1264 locum
1506 1200 1628 1268 retra-

453 1309 580 1381 hentes
613 1327 653 1381 se
682 1307 728 1381 ad
757 1308 1014 1383 diverticulum
1048 1315 1232 1384 remotum
1267 1311 1336 1384 sub
1365 1332 1455 1386 saro
1480 1334 1571 1388 cavo
1584 1305 1625 1407 (¹)

451 1430 617 1504 clausum
639 1430 833 1532 arboribus
859 1436 895 1505 et
922 1430 1079 1524 umbris3
1097 1436 1133 1504 et
1153 1450 1240 1505 ecoe
1255 1431 1378 1525 positis
1403 1433 1538 1508 mensis
1555 1435 1625 1509 ite·

452 1569 537 1622 rum
563 1549 699 1643 barpiae
724 1556 894 1623 sonantes
906 1539 944 1642 (³)
969 1556 1152 1624 venerunt
1177 1550 1319 1625 exalia
1344 1558 1459 1647 parte,
1485 1560 1523 1629 et
1546 1574 1624 1629 coe-

451 1675 584 1764 perunt
611 1689 741 1764 rapere
765 1670 865 1744 cibos
891 1670 1077 1766 unguibus
1102 1677 1140 1743 et
1163 1671 1329 1764 polluere
1345 1690 1428 1766 ore;
1449 1673 1514 1747 sed
1534 1694 1624 1749 oon-

452 1790 555 1863 tiuuo
577 1791 664 1864 socii
689 1791 736 1865 de
766 1790 936 1864 mandato
954 1790 1061 1864 Eneae
1090 1791 1270 1885 rapientes
1287 1811 1392 1866 enses
1409 1792 1624 1873 invaserunt

451 1931 525 2003 eas,
543 1910 606 1984 sed
623 1911 756 1985 laedere
781 1931 853 1984 uon
871 1917 1080 2005 potnerunt,
1098 1911 1184 2004 quia
1209 1911 1329 1985 subito
1347 1912 1515 1990 celeriter
1530 1936 1623 1990 avo-

451 2031 574 2105 labant
587 2018 648 2122 l‘):
667 2038 753 2105 tunc
769 2030 975 2126 principalis
1001 2051 1144 2124 earum,
1164 2031 1300 2106 scilicet
1319 2031 1464 2127 Celeno,
1482 2055 1622 2128 ponens

451 2172 491 2226 se
515 2152 552 2225 in
576 2151 649 2225 alto
674 2171 764 2225 saxo
788 2151 873 2226 lecit
899 2152 1008 2226 talem
1035 2171 1269 2227 sermonem:
1291 2151 1433 2246 Audite,
1459 2154 1617 2248 Troiani,

451 2278 487 2346 et
512 2272 641 2346 tradite
667 2271 790 2366 menti,
817 2293 901 2366 quae
926 2291 996 2367 ego
1023 2271 1184 2344 maxima
1202 2271 1381 2345 luriarum
1407 2272 1527 2366 pando
1553 2295 1621 2349 vo-

450 2392 528 2465 bis:
550 2412 615 2465 vos
639 2392 856 2486 pervenietis
882 2391 1029 2468 taudem
1054 2391 1100 2464 ad
1126 2391 1264 2464 ltaliam
1290 2391 1336 2466 ad
1362 2412 1474 2486 quam
1501 2393 1620 2468 tendi-

452 2512 513 2604 tis3
532 2512 593 2585 sed
619 2518 817 2606 antequam
843 2511 983 2606 possitis
999 2502 1034 2602 (⁶)
1063 2511 1217 2584 lundare
1240 2510 1289 2583 ibi
1315 2511 1464 2586 latatam
1490 2513 1619 2588 civita·

451 2638 538 2724 tem,
563 2631 760 2707 comedetis
785 2631 953 2704 dentibus
979 2650 1123 2704 mensas
1150 2630 1313 2724 proprias
1339 2650 1383 2704 ex
1412 2631 1528 2707 lame:
1550 2634 1621 2708 boc

450 2752 545 2827 dicto
565 2751 685 2824 statim
704 2751 837 2846 relngit
862 2751 898 2824 in
924 2752 1063 2846 sylvam
1090 2757 1127 2824 et
1151 2751 1336 2845 disparuit.
1359 2752 1503 2826 Troiani
1529 2773 1620 2828 vero

451 2872 614 2947 exterriti
630 2862 666 2963 (⁶)
685 2872 790 2946 valde
806 2878 881 2944 tam
907 2872 999 2945 tristi
1019 2872 1190 2967 augurio,
1207 2872 1361 2946 dimissis
1386 2874 1511 2968 armis,
1528 2894 1618 2949 con-

451 2992 546 3067 versi
569 3000 654 3065 suut
678 2992 725 3066 ad
750 3012 888 3086 preces,
906 2998 943 3065 et
959 2991 1132 3066 Anchises
1157 2996 1260 3086 pater
1277 2992 1385 3066 linea
1414 2994 1616 3069 orationem

450 3113 533 3187 lecit
557 3113 603 3187 ad
620 3113 713 3187 Deos
739 3118 780 3185 ut
804 3120 1013 3186 averterent
1038 3113 1148 3186 talem
1174 3133 1300 3186 casum
1326 3113 1373 3186 ab
1399 3114 1461 3189 eis.
1483 3115 1568 3191 Post
1580 3103 1618 3206 (¹)

451 3241 616 3328 tempora
646 3234 772 3327 multa,
799 3233 892 3306 sicut
916 3232 1039 3307 scribit
1067 3232 1163 3306 idem
1190 3233 1359 3328 Virgilius
1388 3234 1425 3306 iu
1450 3235 1615 3329 septimo,

449 3375 533 3427 cum
571 3357 687 3429 Eueas
720 3354 943 3449 pervenisset
975 3354 1020 3427 ad
1051 3353 1190 3426 ltaliam
1225 3354 1271 3426 ad
1308 3361 1429 3447 partes
1460 3357 1619 3431 lluminis

448 3475 605 3549 Tiberini
635 3480 671 3549 et
701 3474 979 3549 discumbuissct
994 3464 1031 3566 (Β)
1063 3494 1148 3548 cum
1179 3474 1257 3547 aliis
1290 3475 1511 3570 principibus
1541 3478 1618 3552 suis

393 3593 397 3599 ’
447 3595 517 3668 snb
556 3595 665 3668 ramis
697 3594 839 3668 arboris
868 3595 974 3686 altae,
1012 3600 1050 3667 et
1086 3601 1324 3668 vescerentur
1362 3595 1516 3690 dapibus
1552 3618 1618 3692 ap-

448 3714 570 3809 positis
587 3736 698 3807 super
719 3713 891 3808 placentis
908 3713 944 3786 in
963 3714 1076 3787 herba
1094 3714 1236 3807 virenti,
1253 3715 1382 3788 accidit
1402 3716 1511 3811 quod,
1531 3737 1618 3791 oon-

448 3835 601 3927 sumptis
615 3826 651 3924 (⁹)
680 3833 807 3927 epulis,
826 3833 937 3927 aliqui
963 3853 1009 3906 err
1040 3833 1136 3907 lame
1161 3842 1352 3928 eoepernnt
1383 3836 1553 3931 lrangere
1579 3844 1617 3912 et

448 3955 642 4029 comedere
668 3955 850 4047 placentas
876 3974 959 4046 quae
985 3961 1089 4026 erant
1114 3953 1151 4026 in
1177 3955 1257 4028 loco
1275 3954 1553 4049 incisoriorum3
1581 3966 1618 4032 et

447 4075 620 4150 contiuuo
650 4073 766 4146 Julius
804 4072 898 4146 filius
929 4075 1038 4147 Eueae
1075 4074 1245 4150 alacriter
1282 4076 1443 4151 clamare
1480 4077 1613 4171 coepit:

447 4216 538 4291 ergo
564 4215 630 4268 uos
655 4193 904 4267 consumimus
930 4193 1039 4269 etiam
1066 4215 1221 4269 mensas.
1256 4196 1373 4270 Eneas
1398 4217 1488 4271 vero
1512 4203 1616 4292 pater

447 4316 568 4389 statim
596 4314 730 4408 recepit
746 4305 798 4405 (¹⁰)
818 4334 947 4388 vocem
974 4314 1071 4388 illam
1098 4337 1165 4410 pro
1190 4317 1286 4391 bono
1311 4318 1481 4414 augurio,
1499 4326 1537 4393 et
1553 4318 1617 4391 lae-

507 4547 534 4607 (¹)
551 4548 581 4597 E.
597 4547 667 4597 cibos
683 4546 744 4596 istos
760 4552 794 4596 et.
1094 4547 1120 4610 (¹)
1138 4548 1167 4597 Ε.
1184 4561 1245 4598 saro
1262 4562 1355 4609 curvo;
1372 4553 1399 4598 et
1414 4561 1483 4598 ecce.

508 4623 533 4684 (¹)
551 4624 581 4672 li.
598 4628 717 4673 sonantes
733 4621 780 4671 alia
797 4623 902 4672 veniunt
917 4635 948 4673 ex
965 4623 1023 4672 alia.
1096 4623 1121 4685 (⁸)
1139 4624 1168 4672 E.
1179 4623 1389 4674 avolaverunt-
1403 4628 1457 4683 116,
1470 4624 1614 4674 evolabant.

507 4700 533 4759 (⁵)
550 4698 575 4748 S.
593 4698 692 4760 possitis
713 4696 766 4748 lavo
782 4697 891 4748 fundare
911 4699 1047 4749 civitatem.
1057 4726 1086 4737 -
1097 4700 1126 4749 lt
1143 4700 1245 4760 possitis
1261 4700 1295 4748 lbi
1312 4699 1421 4750 fundare
1437 4706 1534 4751 tanum
1551 4701 1616 4751 cirl-

445 4781 533 4827 latom.
1093 4777 1121 4838 (¹)
1137 4776 1162 4826 S.
1181 4776 1272 4826 territi.

507 4850 533 4912 (¹)
550 4851 580 4900 E.
597 4851 657 4899 Post
674 4863 736 4900 vero
753 4856 877 4915 tempora.
1094 4852 1121 4914 Γ)
1138 4853 1162 4902 S.
1179 4865 1194 4902 e
1211 4852 1241 4901 Ε.
1257 4853 1435 4904 discubuisset.

506 4929 533 4987 (¹)
551 4932 605 4987 trs,
621 4929 764 4990 assumptis
1083 4927 1120 4991 (¹⁶)
1138 4932 1191 4988 tls,
1208 4929 1315 4992 necem
