3990 6540
736 799 876 854 caurus
900 798 1057 855 oncruus
1081 798 1257 864 outnrus.
1505 786 1575 854 too

407 943 519 1017 istum
545 941 738 1034 circulum,
763 961 828 1014 ero
852 961 924 1013 uno
956 961 1070 1013 merto
1094 943 1202 1013 undu
1225 960 1244 1011 e
1267 961 1407 1034 spesru5
1432 948 1470 1016 et
1493 962 1577 1036 spe-

407 1062 526 1136 cificat
549 1062 656 1136 istam
681 1079 834 1135 arenam
860 1080 1064 1154 perunum
1092 1059 1404 1154 eomparationem
1430 1062 1577 1136 nobilis·

406 1181 549 1256 simam.
576 1178 630 1253 Ad
663 1180 770 1253 cuius
800 1179 946 1273 plenam
981 1178 1255 1274 intelligentiam
1286 1187 1429 1274 oportet
1458 1181 1577 1275 primo

406 1299 503 1374 seire
526 1298 626 1394 quod
651 1299 740 1372 Cato
765 1298 957 1393 posterior,
974 1298 1068 1371 siout
1084 1297 1208 1371 scribit
1223 1299 1393 1372 Lucanus
1410 1298 1447 1371 in
1469 1319 1577 1393 nono,

408 1423 489 1514 post
513 1417 721 1491 condictum
747 1416 996 1490 Thessalicum
1021 1416 1166 1512 oollegit
1193 1416 1364 1509 reliquias
1393 1417 1578 1492 exercitus

409 1536 619 1632 Pompeiani
648 1536 828 1632 dispersas
857 1556 924 1631 per
951 1535 1142 1628 Graeciam,
1171 1542 1209 1609 et
1239 1537 1415 1633 navigans
1443 1558 1579 1635 magna

409 1656 525 1729 classe
550 1655 716 1749 pervenit
740 1655 787 1729 ad
812 1654 898 1728 litus
922 1654 1062 1747 Airieae,
1084 1661 1122 1729 et
1143 1654 1269 1728 volens
1287 1655 1443 1730 transire
1459 1657 1496 1729 in
1517 1677 1578 1732 re-

409 1794 525 1871 gnum
549 1774 654 1847 lube
666 1766 704 1866 (¹)
721 1773 829 1848 amici
846 1774 996 1868 Pompei
1018 1773 1170 1849 tentarit
1193 1773 1248 1847 ire
1271 1792 1338 1866 per
1356 1780 1493 1869 syrtes3
1515 1775 1578 1849 sed

408 1914 537 1989 passus
566 1893 615 1966 ibi
644 1913 822 1988 magnum
858 1893 1109 1989 naufragium,
1144 1892 1232 1986 quia
1266 1894 1395 1988 byems
1432 1895 1579 1968 vetabat

408 2004 524 2105 sibi(¹)
544 2012 730 2109 navigare,
753 2012 886 2087 relictis
911 2013 1065 2086 navibus
1086 2012 1187 2086 Gneo
1214 2012 1286 2086 tilio
1311 2015 1472 2108 Pompei,
1489 2014 1579 2088 deli·

408 2132 550 2207 beravit
576 2132 630 2206 ire
654 2152 721 2226 per
747 2138 884 2207 terram
915 2153 981 2227 per
1010 2152 1162 2207 arenam
1195 2131 1375 2207 confinem
1408 2133 1578 2229 syrtibus,

409 2252 496 2346 quia
525 2251 605 2326 eius
633 2252 750 2324 virtus
779 2272 852 2325 non
884 2259 1027 2346 poterat
1054 2258 1153 2325 stare
1182 2253 1298 2328 otiosa
1327 2273 1395 2327 nec
1424 2253 1579 2348 perdere

410 2379 566 2465 tempus.
591 2370 770 2464 Sperabat
795 2371 892 2445 enim
914 2371 1051 2445 anxilio
1068 2371 1209 2466 hyemis
1230 2371 1389 2447 tolerare
1404 2374 1578 2465 calorem,

411 2491 519 2585 sitim,
545 2497 731 2586 serpentes
762 2496 799 2565 et
824 2491 894 2566 alia
927 2490 1117 2564 incomoda
1144 2490 1392 2564 intolerabilia.
1419 2493 1578 2566 lntratu·

412 2631 476 2686 rus
490 2603 527 2703 (³)
555 2630 645 2705 ergo
669 2630 821 2684 arenam
843 2610 1134 2685 ardentissimam
1151 2610 1327 2683 animavit
1343 2631 1430 2685 suos
1446 2611 1492 2685 ad
1510 2612 1579 2686 iter

410 2731 458 2805 ad
491 2728 717 2824 probandam
749 2728 923 2803 virtutem
940 2718 988 2822 (⁸),
1018 2748 1233 2824 praeponens
1266 2729 1318 2803 eis
1353 2749 1487 2824 magna
1513 2750 1578 2824 pe-

411 2849 529 2923 ricula
565 2867 649 2942 quae
694 2847 791 2923 terre
826 2847 1027 2942 debebant,
1060 2848 1219 2921 offerens
1257 2867 1297 2922 se
1333 2848 1495 2942 primum
1532 2848 1579 2923 ad

412 2966 536 3040 omnia
562 2966 672 3059 mala,
692 2973 730 3041 et
749 2957 1001 3056 ooncludit(⁶):
1028 2972 1190 3058 Saporis,
1206 2969 1290 3060 ritis,
1307 2971 1421 3041 ordor
1445 2990 1579 3061 menn,

412 3089 538 3160 nuno
563 3089 692 3177 virtuti,
716 3089 846 3177 gaudet
861 3088 1030 3178 potentio
1046 3089 1155 3158 dunt.
1177 3086 1269 3159 Cum
1296 3093 1420 3161 autem
1448 3088 1580 3165 intras·

411 3211 467 3280 set
497 3224 648 3280 arenam
664 3194 714 3298 (⁶),
745 3205 863 3299 prima
895 3204 1004 3300 pestis
1032 3224 1231 3278 occurrens
1264 3206 1316 3280 eis
1347 3205 1414 3278 luit
1448 3213 1580 3280 ventus

411 3334 538 3400 auster
561 3323 653 3398 adeo
679 3322 859 3397 violentus
880 3324 978 3417 quod
996 3323 1238 3416 extorquebat
1261 3324 1385 3420 galeas
1409 3324 1456 3398 de
1480 3325 1580 3419 capi-

413 3442 508 3519 tibus
533 3443 703 3536 militum,
728 3450 830 3517 scuta
855 3443 901 3517 de
927 3443 1094 3536 brachiis,
1120 3450 1156 3517 et
1181 3463 1277 3538 saepe
1306 3444 1492 3519 bominem
1516 3467 1580 3520 ar·

412 3568 555 3637 matum
580 3562 748 3655 portabat
770 3581 836 3656 per
852 3582 995 3655 aerem3
1022 3562 1121 3637 unde
1146 3563 1277 3637 milites
1301 3565 1580 3658 prosternebant

412 3702 452 3757 se
475 3681 523 3756 ad
549 3688 698 3774 terram,
724 3687 761 3754 et
787 3688 875 3754 tunc
900 3681 1039 3755 cumuli
1064 3701 1264 3756 arenarum
1278 3671 1316 3773 (⁷)
1346 3683 1517 3778 tegebant
1543 3691 1580 3759 et

413 3801 644 3896 saepeliebant
676 3821 750 3874 eos.
783 3799 921 3875 Ventus
951 3802 1048 3876 enim
1081 3808 1229 3877 exereet
1259 3802 1307 3876 ibi
1337 3803 1454 3878 libere
1483 3805 1579 3880 vires

412 3941 509 4015 suas,
536 3922 621 4015 quia
647 3942 719 3996 non
744 3928 898 4014 montes,
917 3942 989 3994 non
1009 3922 1121 4017 sylvae
1148 3922 1320 3996 resistunt
1345 3922 1410 3996 sibi
1425 3913 1474 4014 (⁸),
1492 3924 1579 4016 quia

413 4059 526 4113 arena
550 4038 679 4113 Airioae
705 4046 760 4113 est
784 4044 859 4112 tota
885 4040 1002 4133 plana,
1020 4041 1193 4135 spaciosa,
1211 4041 1351 4134 sterilis,
1369 4041 1448 4116 sine
1464 4042 1578 4117 herba

413 4158 472 4231 vel
497 4156 641 4250 arbore,
658 4157 813 4251 'inutilis
830 4157 1081 4251 inhabitabilis,
1099 4159 1186 4252 qnia
1211 4166 1265 4233 est
1290 4159 1407 4232 vicina
1433 4160 1579 4235 torridae

413 4294 526 4369 zone,
552 4294 621 4349 neo
645 4275 827 4349 habebant
852 4275 949 4349 viam
976 4282 1127 4369 certam,
1145 4277 1219 4350 imo
1236 4279 1428 4372 oportebat
1445 4299 1508 4353 eos
1525 4279 1580 4354 ire

412 4395 459 4470 ad
483 4394 629 4491 signum
654 4394 778 4487 stelle,
804 4393 898 4469 sieut
917 4393 1017 4468 ibant
1036 4395 1146 4489 paulo
1166 4402 1252 4470 ante
1269 4417 1335 4490 per
1353 4416 1466 4472 mare.
1485 4398 1579 4471 Cum

474 4655 502 4718 (“)
519 4659 573 4715 tto,
590 4656 656 4718 regis
671 4655 753 4706 suta.
811 4655 839 4719 [b
856 4655 886 4705 ll.
903 4654 1005 4706 rotabat
1021 4655 1046 4705 el
1060 4656 1188 4720 undgrre.
1237 4653 1263 4718 (Ἴ
1279 4654 1305 4705 S.
1322 4655 1469 4706 intraturus
1484 4655 1562 4706 enim.
1649 4702 1653 4711 ,

473 4732 501 4796 (·)
517 4736 571 4791 tto,
587 4732 711 4783 virtutem
726 4738 753 4783 et
768 4731 956 4783 modom
972 4731 1128 4792 libertatem
1145 4743 1299 4795 proponens.

474 4808 501 4871 ρ)
517 4811 571 4868 trs,
587 4812 615 4859 er
629 4808 793 4860 rumim
1238 4806 1265 4870 r)
1283 4811 1337 4867 tre,
1356 4818 1453 4858 m

475 4882 502 4944 t')
518 4883 548 4935 lt
565 4896 659 4936 uma.
1238 4882 1266 4945 (⁸)
1281 4882 1312 4934 ll.
1328 4882 1369 4933 ut
