4154 6546
597 779 667 847 318
991 782 1193 841 consutum
1218 783 1367 840 tursum

595 928 751 1028 placavit
779 929 985 1024 eloquentia
1015 949 1095 1022 suu,
1127 928 1227 1023 quod
1259 948 1388 1004 omues
1421 924 1650 1004 reduxeruut
1680 932 1761 1026 gla-

595 1053 673 1126 dios
703 1052 740 1124 iu
771 1049 964 1144 vaginam3
994 1048 1177 1123 sodalium
1206 1049 1468 1144 ruperrniem
1499 1050 1565 1144 qul
1595 1068 1670 1125 nou
1693 1066 1763 1125 au·

596 1172 737 1244 diverat
761 1187 849 1242 euru
875 1167 1106 1242 obtruncavit
1140 1168 1270 1262 ipsum.
1308 1168 1355 1242 llt
1388 1167 1550 1242 declarat
1581 1168 1759 1264 impetum

596 1286 765 1364 Mercurii
790 1305 856 1382 per
881 1287 1191 1382 comparationem
1212 1288 1378 1382 pulcram
1395 1294 1433 1362 et
1448 1289 1633 1382 propriam
1650 1289 1762 1382 venti,

597 1410 683 1504 quia
710 1408 789 1481 talis
812 1415 869 1481 est
893 1407 1105 1501 Mercurius,
1132 1407 1224 1482 idest
1248 1408 1424 1501 &equuus
1442 1415 1571 1482 oontra
1588 1408 1762 1482 adversu-

597 1528 682 1620 rios,
708 1527 826 1619 qualis
843 1532 899 1600 est
914 1531 1048 1603 ¹ventus
1072 1532 1200 1600 uoutra
1220 1526 1342 1622 iguem
1358 1525 1575 1620 adversum3
1592 1526 1691 1600 uude
1707 1525 1762 1599 di-

597 1647 667 1720 rit:
693 1664 765 1717 ooo
788 1646 982 1717 uttrementt
1007 1646 1110 1737 sotto,
1135 1644 1270 1718 scilieet
1294 1645 1354 1719 ille
1378 1663 1501 1738 souus,
1526 1645 1632 1738 quasi
1655 1644 1762 1738 (licat,

597 1765 671 1838 imo
696 1763 832 1856 similis,
865 1766 925 1835 clu
947 1766 1042 1835 duo
1067 1771 1179 1854 veum,
1205 1763 1296 1837 idest
1310 1757 1347 1854 (¹)
1374 1782 1489 1856 quam
1513 1781 1627 1838 sonus
1652 1764 1763 1838 unius

597 1884 706 1978 venti,
732 1883 865 1957 scilicet
879 1874 915 1973 (¹)
943 1882 1023 1955 talis
1046 1882 1165 1973 qualis
1188 1901 1301 1955 sonus
1318 1883 1428 1956 unlus
1445 1884 1557 1978 renti,
1572 1887 1764 1976 impetuoso

594 2024 659 2096 per
689 2006 715 2075 li
738 2004 876 2074 uoueret
899 1998 1039 2091 mooli,
1064 2000 1156 2074 idest
1178 1997 1329 2073 ardores
1354 1999 1594 2096 adversarios,
1620 2003 1685 2096 qui
1713 2023 1760 2078 ex

597 2121 751 2196 adverso
776 2120 1000 2194 oomburuut
1023 2120 1186 2212 aliquam
1206 2121 1363 2214 sylvam3
1380 2117 1478 2195 uude
1494 2122 1594 2195 dloit:
1616 2125 1676 2195 ote
1694 2127 1763 2214 pter

598 2247 635 2315 lu
659 2246 766 2331 selvo,
791 2240 925 2314 scilioet
948 2239 1150 2332 ardentem,
1176 2238 1262 2332 quia
1287 2241 1464 2333 eloquens
1485 2238 1568 2315 serit
1584 2241 1760 2335 populum

598 2363 747 2454 iratum,
763 2381 782 2432 e
795 2365 837 2453 su
850 2362 972 2453 sltppir
996 2361 1027 2431 le
1047 2361 1134 2451 fiere
1157 2378 1176 2430 e
1199 2360 1396 2450 tipurtort,
1415 2356 1507 2434 idest
1525 2361 1621 2455 ipsos
1637 2358 1762 2445 subdi·

601 2489 656 2554 tos
681 2488 718 2553 et
747 2480 912 2553 dominos
932 2469 990 2569 (ῆι
1016 2497 1129 2571 quam
1155 2496 1251 2571 saepe
1276 2477 1414 2551 tullius
1437 2479 1520 2553 lecit
1543 2476 1613 2553 hoc
1639 2476 1761 2553 multis

599 2597 822 2672 orationibus
851 2597 945 2669 suis!
976 2597 1019 2668 Et
1048 2596 1131 2670 vide
1154 2604 1334 2689 quantum
1360 2597 1584 2691 comparatio
1608 2599 1653 2671 sit
1676 2619 1763 2693 pro—

600 2719 688 2811 pria,
715 2718 800 2810 quia
827 2723 926 2790 reete
950 2716 1156 2806 eloquentia
1182 2716 1403 2788 assimilatur
1420 2723 1529 2791 vento
1548 2715 1760 2810 impetuoso,

600 2838 702 2932 sylva
727 2836 871 2930 populo,
897 2835 951 2907 ira
977 2832 1069 2928 igni:
1094 2833 1176 2906 ideo
1200 2833 1422 2908 benedicit:
1447 2839 1563 2908 sendo
1582 2834 1685 2908 alcun
1703 2857 1762 2908 re—

600 2963 703 3045 teoto,
738 2953 829 3027 idest
859 2952 937 3026 siue
966 2952 1089 3043 aliquo
1120 2951 1323 3025 retinaculo
1355 2954 1413 3027 vel
1446 2954 1645 3049 obstaculo,
1676 2957 1762 3047 quia

600 3072 686 3147 nillil
716 3079 833 3167 potest
861 3071 1037 3144 obsistere
1048 3058 1084 3162 (⁴)
1112 3070 1197 3144 huic
1221 3071 1297 3145 Deo
1322 3072 1512 3147 Mercurio.
1539 3073 1760 3148 sicutenim

600 3202 731 3268 ventus
756 3191 857 3265 tortis
881 3191 1003 3286 iguem
1028 3189 1178 3263 obvium
1206 3190 1345 3284 repellit
1373 3197 1410 3264 et
1435 3198 1657 3286 transportat
1679 3194 1762 3284 olio,

601 3316 651 3386 lta
676 3313 850 3404 eloquens
883 3311 976 3386 iram
1002 3310 1124 3404 populi
1157 3310 1298 3404 repellit
1326 3317 1363 3385 et
1392 3318 1581 3405 retorquet
1612 3313 1650 3385 in
1685 3313 1762 3386 loca
1818 3325 1833 3345 “

601 3431 768 3527 proxima
784 3431 820 3503 in
838 3426 1012 3503 damnum
1031 3430 1251 3521 vicinorum3
1269 3427 1367 3502 unde
1384 3430 1594 3504 benedicit:
1613 3435 1764 3503 Diouem·

598 3555 783 3644 polee-oso
807 3568 853 3620 vu
876 3549 1036 3639 superbo,
1053 3567 1140 3621 curn
1166 3547 1327 3640 victoria,
1348 3549 1434 3640 qula
1460 3549 1546 3620 nihil
1572 3549 1638 3622 sibi
1658 3556 1763 3622 curat

601 3670 648 3745 de
671 3668 806 3761 aliquo,
839 3667 919 3740 ideo
946 3664 1079 3740 emittlt
1106 3671 1193 3739 aute
1223 3684 1263 3738 se
1293 3666 1483 3758 pulverem
1514 3684 1600 3739 oum
1627 3682 1763 3761 magno

602 3790 759 3883 impetu;
776 3785 857 3860 ideo
876 3785 970 3859 bene
986 3784 1092 3857 llxtt:
1119 3787 1160 3856 Li
1178 3787 1274 3856 romi
1287 3783 1456 3877 romeam,
1472 3785 1607 3857 &tutte
1623 3793 1761 3876 oporto

600 3911 709 4002 seori,
719 3906 804 4000 quia
818 3904 1022 3996 annichilat,
1032 3910 1187 3977 evacuat
1195 3895 1232 3994 (⁵)
1245 3904 1368 3977 omnia
1380 3911 1599 3998 argumenta
1611 3903 1764 3977 obvian-

603 4029 651 4100 tia
676 4026 753 4100 sibi.
767 4060 817 4079 -
831 4026 887 4097 Gli
908 4020 1013 4096 oculi.
1035 4024 1138 4097 Nunc
1153 4030 1262 4096 autor
1279 4023 1434 4096 ostendit
1450 4023 1549 4117 quod
1562 4013 1600 4115 (ὅ)
1618 4030 1764 4097 ostenso

601 4147 761 4220 adventu
786 4143 954 4218 llerourii
978 4161 1044 4238 per
1064 4141 1243 4234 auditum,
1261 4141 1430 4237 Virgilius
1445 4142 1627 4237 speelticat
1644 4143 1761 4236 ipsum

602 4287 667 4362 per
698 4265 836 4339 visum:
863 4270 901 4339 et
930 4260 1091 4337 breviter
1122 4263 1201 4335 vult
1223 4261 1357 4355 (licere,
1382 4263 1481 4355 quod
1506 4263 1675 4359 Virgilius
1700 4262 1762 4356 qui

603 4387 784 4458 clauserat
808 4384 933 4457 oculos
957 4381 1023 4457 sihi
1049 4400 1096 4455 ne
1120 4381 1260 4455 rideret
1282 4380 1479 4474 Medusam,
1497 4402 1596 4455 nuno
1620 4383 1765 4476 aperuit

665 4661 692 4720 (¹)
708 4660 733 4708 S.
749 4660 814 4710 idest
831 4661 888 4709 tulit
903 4656 985 4722 quatu
1000 4670 1078 4708 sunus
1093 4656 1170 4708 untur
1186 4658 1263 4714 renti.
1280 4659 1415 4720 impetuoso
1430 4663 1479 4705 etr.

666 4735 691 4795 ι’)
710 4740 763 4794 tlt,
780 4732 877 4785 sellim
892 4732 975 4798 malis
990 4744 1075 4785 tonus
1238 4733 1264 4795 (¹)
1281 4733 1311 4782 li.
1328 4733 1454 4793 dominor,
1470 4737 1590 4795 utquam
1606 4742 1680 4794 rupe

667 4810 694 4868 (·)
710 4809 740 4859 li.
758 4811 884 4861 resistere.
1241 4808 1268 4870 (⁸)
1283 4808 1309 4858 S.
1326 4822 1340 4857 e
1356 4805 1387 4859 lt.
1404 4808 1430 4859 ot
1446 4813 1561 4857 evomi.

553 4881 556 4888 '
667 4883 694 4948 (⁸)
711 4889 764 4945 lto,
781 4882 850 4949 quod
865 4882 997 4949 virginus,
1013 4887 1116 4936 ostentu
1131 4880 1242 4936 simtu
1258 4881 1384 4937 mamurii
1397 4894 1446 4948 pur
1461 4880 1587 4943 auditum,
1603 4877 1740 4946 spectant.
