3990 6540
753 792 894 846 caurus
918 792 1063 845 rnruus.
1443 773 1490 844 33

319 941 394 1009 tem
412 955 475 1030 pes
489 935 637 1009 inierior
656 943 711 1008 est
728 936 787 1008 ille
812 956 923 1030 super
940 956 1015 1028 quo
1032 935 1195 1008 funditur
1205 928 1242 1027 (¹)
1267 943 1304 1010 et
1322 937 1493 1010 firmatur

317 1061 435 1128 totum
449 1074 582 1149 corpus
595 1053 771 1147 salienIIs3
789 1054 870 1127 ideo
883 1054 968 1128 dicit
981 1055 1079 1147 quod
1096 1075 1160 1149 pes
1178 1055 1327 1130 inferior
1344 1076 1491 1150 semper

315 1181 396 1250 erat
419 1175 569 1249 firmior.
603 1173 673 1248 Sed
703 1174 891 1248 moraliter
921 1175 1115 1269 loquendo,
1140 1196 1204 1269 pes
1238 1176 1386 1249 inferior
1410 1182 1492 1250 erat

315 1315 432 1388 amor,
459 1295 522 1387 qui
552 1294 720 1368 trahebat
750 1295 868 1388 ipsum
898 1295 944 1367 ad
975 1295 1147 1369 iuferiora
1176 1303 1324 1370 terrena
1340 1288 1390 1390 (²),
1425 1295 1490 1390 qui

315 1420 396 1488 erat
420 1413 560 1487 firmior
585 1419 622 1486 et
647 1412 775 1486 sortior
799 1412 919 1488 adhuc
944 1413 981 1485 ln
1006 1433 1051 1486 eo
1077 1434 1189 1507 quam
1219 1435 1283 1508 pes
1309 1415 1488 1510 superior,

314 1532 406 1607 idest
429 1551 546 1624 amor,
580 1533 644 1625 qui
676 1532 846 1605 tendebat
878 1532 924 1606 ad
956 1554 1125 1627 superna.
1159 1533 1272 1607 Amor
1305 1535 1403 1608 enim
1434 1540 1490 1608 est

313 1672 388 1748 pes,
416 1671 490 1744 quo
520 1651 643 1724 anima
672 1651 838 1746 graditur
851 1674 861 1744 3
893 1651 992 1725 unde
1023 1652 1176 1746 ipsemet
1207 1659 1316 1726 autor
1345 1653 1489 1747 Purga-

315 1771 398 1846 torii
422 1771 581 1865 capitulo
606 1770 726 1864 XVIII,
752 1772 906 1863 loquens
931 1770 976 1845 de
1000 1791 1129 1845 amore
1157 1772 1260 1845 dicit:
1288 1794 1306 1844 e
1330 1775 1489 1844 lanima

314 1913 386 1964 non
410 1913 457 1964 va
481 1912 548 1962 con
572 1894 665 1963 altro
684 1892 795 1983 piede.
817 1889 936 1963 Unde:
953 1911 1017 1981 pes
1034 1898 1122 1982 aas,
1142 1912 1246 1963 amor
1268 1899 1354 1964 taus.
1369 1891 1434 1965 Vel
1449 1881 1485 1983 (³)

313 2011 380 2107 pe'r
404 2011 514 2106 pedes
540 2010 748 2106 figurantur
772 2009 982 2084 allectiones
999 2011 1201 2085 secundum
1219 2011 1486 2108 Augustinum3

314 2132 363 2206 ita
387 2130 487 2224 quod
516 2150 580 2224 pes
615 2129 773 2221 Inferior,
804 2129 895 2203 idest
925 2128 1080 2223 allectio,
1111 2152 1224 2223 quam
1255 2130 1412 2205 habebat
1441 2128 1488 2203 ad

312 2250 495 2343 iuferiora,
514 2254 594 2322 erat
610 2248 730 2322 adhuc
747 2247 887 2320 firmior
905 2248 1082 2321 inanimo
1099 2250 1248 2322 autorIs.
1277 2248 1339 2322 Est
1364 2254 1488 2321 tamen

312 2369 408 2444 idem
442 2389 587 2442 sensus:
622 2386 691 2442 nec
724 2366 821 2440 dicas
834 2354 871 2456 (ἢ
910 2367 1004 2440 sicut
1041 2366 1213 2441 diuerunt
1243 2368 1349 2441 multi
1383 2367 1488 2463 igno-

312 2479 498 2580 ranter(⁵),
513 2485 611 2580 quod
632 2505 696 2580 pes
717 2484 866 2558 inferior
891 2485 935 2558 sit
960 2486 1156 2580 humilitas,
1170 2508 1254 2580 quae
1279 2493 1334 2560 est
1359 2506 1487 2560 neces-

312 2606 408 2681 saria
434 2605 594 2680 tendenti
619 2603 665 2678 ad
690 2604 986 2700 conversionem3
1018 2627 1103 2680 nam
1137 2613 1246 2680 autor
1272 2606 1307 2678 in
1334 2605 1401 2679 Isto
1426 2605 1485 2677 In-

311 2727 415 2801 lemo
440 2727 559 2800 solum
585 2723 736 2797 intendit
760 2723 881 2798 lacere
911 2726 1194 2820 speculationem
1227 2724 1418 2817 viciorum,
1444 2729 1487 2796 ut

312 2846 431 2919 tradat
448 2844 703 2940 cogitationem
714 2833 751 2934 (⁶)
769 2863 913 2938 eorum,
931 2845 994 2919 sed
1014 2845 1050 2917 in
1067 2845 1285 2941 Purgatorio
1302 2843 1483 2941 sigillatim

311 2965 446 3038 lavabit
471 2970 508 3038 et
528 2963 719 3036 mundabit
735 2982 774 3036 se
791 2964 839 3037 ab
855 2964 1026 3038 omnibus
1042 2965 1210 3059 peccatis,
1229 2971 1266 3038 et
1283 2964 1364 3038 ideo
1381 2962 1430 3036 ibi
1448 2962 1485 3034 in

310 3084 430 3178 prImo
445 3083 612 3177 capitulo
632 3082 805 3178 figurabit
823 3072 859 3176 (ἶ)
878 3084 1119 3156 humilitatem
1142 3104 1208 3178 per
1221 3085 1390 3178 juncum,
1408 3083 1485 3156 sive

310 3202 560 3298 pervincum:
578 3221 668 3297 ergo
685 3221 759 3275 non
783 3203 851 3277 hic.
876 3203 1056 3276 Construe
1072 3203 1123 3276 sic
1144 3203 1307 3276 literam:
1328 3195 1442 3275 stacte*
1461 3203 1488 3273 u

304 3315 367 3416 pie*
375 3317 438 3414 pid
455 3324 559 3395 bosso
578 3342 715 3414 sempre
738 3342 803 3393 era
826 3324 854 3394 it
873 3325 999 3413 sermo.
1026 3320 1070 3392 Et
1095 3321 1165 3394 hoc
1190 3319 1269 3414 leci,
1282 3322 1397 3411 poicll'
1411 3319 1485 3392 etti

308 3445 466 3535 riposato
495 3444 523 3514 il
552 3461 661 3534 corpo
692 3443 799 3532 lasso,
831 3440 922 3515 idest
955 3446 1149 3534 postquam
1188 3439 1312 3532 quievi
1347 3438 1395 3512 ab
1427 3437 1486 3511 illa

309 3562 529 3637 lassitudine.
556 3562 601 3634 Et
625 3566 711 3634 nota
741 3560 840 3653 quod
871 3579 936 3654 per
961 3559 1213 3653 pausationem
1240 3565 1277 3632 et
1303 3557 1484 3654 latigatIo-

190 3664 192 3668 ⁸
309 3704 396 3757 nem
427 3682 589 3776 corporis
620 3687 729 3754 autor
760 3678 822 3753 dat
846 3679 994 3775 Intelligi
1021 3679 1281 3771 quietationem
1315 3684 1352 3751 et
1382 3676 1485 3750 Iassi-

309 3802 474 3876 tudinem
488 3790 525 3891 (⁸)
552 3799 676 3892 animI,
694 3819 779 3892 quae
796 3804 851 3872 est
875 3798 1075 3891 ooculti0r5
1102 3797 1183 3871 ideo
1212 3795 1392 3869 iudicatur
1417 3816 1484 3890 per

310 3922 409 3997 illam
436 3920 637 3995 manifeste.

384 4045 440 4116 Ed
462 4062 540 4114 ecco
565 4042 673 4131 quast
701 4039 771 4113 Ista
800 4044 855 4111 est
881 4036 988 4111 tertia
1012 4057 1097 4130 pars
1122 4036 1315 4133 generalis,
1342 4035 1378 4107 in
1408 4056 1482 4128 qua

308 4171 417 4237 autor
442 4160 598 4235 ostendit
619 4157 804 4253 quomodo
829 4157 896 4229 sibi
920 4157 1127 4231 ascendenti
1152 4156 1199 4230 ad
1224 4163 1387 4230 montem
1407 4156 1483 4230 vir·

309 4283 396 4355 tutis
415 4269 665 4369 occurruntt⁹l
684 4283 759 4350 tras
776 4275 868 4350 lerae
880 4283 1094 4351 revocantes
1114 4277 1232 4371 ipsum
1249 4298 1272 4351 a
1292 4283 1366 4349 tam
1385 4275 1482 4349 bono

308 4401 503 4498 proposito,
528 4400 673 4492 scilicet,
690 4398 829 4490 Loutia,
846 4397 931 4489 Leo,
949 4403 986 4470 et
1010 4398 1121 4490 Lupa.
1149 4396 1218 4470 Sed
1243 4394 1289 4468 ad
1313 4394 1481 4489 aperien-

368 4601 401 4663 (¹)
415 4599 442 4650 S.
459 4598 583 4649 tundatur
598 4603 625 4648 et
641 4597 818 4647 confirmatur.
830 4594 900 4644 -E.
917 4594 1041 4644 fundatur
1057 4599 1084 4644 at
1099 4594 1227 4644 firmatur.

369 4673 395 4735 (¹)
414 4680 467 4734 llo,
485 4679 570 4733 tam.
586 4672 656 4737 qula.
913 4669 938 4727 (¹)
954 4668 985 4718 Ε.
1001 4668 1050 4718 Vel
1068 4669 1144 4732 pedes
1159 4668 1310 4733 otgulllcmt.

368 4751 394 4810 (⁸)
410 4750 436 4800 S.
452 4755 481 4799 ut
497 4749 603 4814 quidam
619 4748 745 4805 dixeruot,
762 4745 840 4809 quod.
914 4743 941 4806 (¹)
959 4743 988 4792 a.
1004 4744 1158 4807 ignorantes

368 4828 395 4889 ρ)
411 4827 445 4888 s„
463 4827 493 4877 rt
509 4841 525 4877 a
542 4832 595 4887 nr,
612 4825 794 4889 mgnidoncm.
915 4821 941 4881 dl
957 4820 983 4871 S·
999 4820 1212 4885 ‘lamb-Fu
1229 4818 1388 4885 agninum

366 4903 436 4965 (ns.
453 4903 638 4954 manum.
914 4896 1190 4960 namma
