4154 6546
886 787 1024 849 currus
1050 789 1215 851 oacruus.
1563 782 1630 854 331

465 933 646 1036 Virgilius,
671 955 739 1011 oro
763 960 825 1012 sen
850 962 896 1013 va
915 962 984 1033 per
1008 963 1055 1015 nn
1079 951 1211 1016 secreto
1235 944 1334 1036 ealle,
1352 941 1486 1020 scilicet
1503 947 1636 1021 umbu-

464 1060 635 1134 latorium
662 1060 889 1153 predictum,
921 1061 1128 1137 distinctum
1156 1065 1214 1138 vel
1233 1057 1271 1155 (¹)
1302 1073 1524 1160 separatum,
1561 1088 1633 1141 nou

461 1179 734 1273 frequentatum
760 1179 808 1252 ab
833 1180 1053 1256 adeuntibus
1065 1173 1114 1276 (²),
1141 1187 1215 1256 nal
1237 1205 1339 1257 muro
1364 1187 1408 1256 de
1432 1189 1469 1258 la
1494 1193 1636 1260 terrm

340 1387 346 1405 ⁵
461 1303 486 1372 li
510 1293 662 1391 martiri,
687 1300 779 1375 idest
804 1300 899 1377 inter
924 1322 1052 1375 muros
1069 1304 1161 1377 altos
1178 1309 1215 1378 et
1235 1304 1347 1378 fortes
1364 1305 1516 1381 civitatis
1532 1307 1633 1401 Ditis,

460 1429 499 1496 et
521 1443 649 1517 poenas
675 1441 822 1495 amaras
842 1422 1113 1517 hereticorum,
1138 1431 1171 1496 et
1193 1427 1229 1496 io
1254 1427 1336 1517 dipo
1356 1428 1387 1497 le
1401 1429 1524 1518 apelle,
1542 1448 1630 1521 sup-

460 1542 529 1637 ple,
547 1543 641 1616 vado
662 1561 820 1635 sequens
846 1542 997 1638 vestigia
1012 1533 1049 1634 (³)
1076 1544 1166 1618 eius.
1181 1549 1278 1618 -0
1303 1541 1408 1619 vertd.
1436 1546 1501 1620 llic
1520 1553 1631 1621 autor

460 1662 542 1737 lacit
574 1683 680 1737 suam
717 1663 921 1738 orationem
947 1665 993 1738 ad
1019 1665 1222 1760 Virgilium,
1252 1667 1289 1739 in
1315 1687 1389 1761 qua
1415 1668 1631 1744 mirabiliter

459 1792 581 1878 captat
605 1782 887 1857 benivolentiam
909 1782 1000 1876 eius,
1018 1784 1157 1859 dicens:
1183 1807 1206 1857 o
1230 1781 1328 1860 vertd
1346 1808 1502 1861 sommo:
1519 1795 1556 1862 et
1573 1789 1631 1863 iric

459 1904 606 1980 attende
631 1902 730 1998 quod
755 1913 864 1980 autor
890 1904 1007 1998 prima
1033 1904 1125 1979 iacie
1150 1905 1294 1980 videtur
1314 1906 1487 1983 invocare
1512 1907 1630 1982 virtu-

458 2032 534 2100 tem
559 2025 731 2119 divinam,
745 2030 781 2099 et
799 2031 923 2099 tamen
944 2046 1016 2099 non
1038 2032 1093 2100 est
1109 2027 1178 2121 sic;
1196 2027 1277 2102 ideo
1292 2015 1329 2118 (⁴)
1351 2028 1461 2102 debes
1479 2029 1630 2103 restrin-

457 2166 546 2243 gere
571 2145 708 2220 dictum
735 2144 808 2218 sic:
835 2165 857 2215 o
883 2140 980 2218 vertd
1005 2167 1153 2237 somma,
1173 2146 1274 2239 idest,
1293 2167 1316 2220 o
1336 2146 1461 2243 Virgili
1482 2168 1628 2223 summe

456 2276 576 2361 poeta,
601 2265 665 2359 qui
691 2283 876 2338 summam
906 2263 1081 2339 virtutem
1095 2256 1132 2356 (⁵)
1161 2274 1263 2340 tuam
1289 2267 1474 2340 ostendisti
1501 2268 1537 2340 in
1563 2267 1628 2341 de-

455 2387 649 2481 scriptione
679 2383 824 2476 lulerui,
854 2382 947 2456 sicut
977 2390 1076 2477 patet
1103 2383 1336 2478 wenedos,
1369 2384 1431 2458 ubi
1456 2385 1628 2481 Virgilius

454 2506 538 2581 lacit
554 2497 590 2598 (θ)
619 2504 792 2578 ultimum
817 2503 864 2577 de
888 2504 1060 2598 potentia,
1086 2504 1168 2578 ideo
1191 2505 1292 2578 dicit:
1314 2507 1374 2577 cle
1390 2508 1440 2577 mi
1454 2509 1547 2578 volui
1557 2527 1626 2598 per

453 2629 479 2699 li
501 2630 600 2718 omps·
622 2628 706 2717 piri,
732 2624 823 2698 idest
848 2623 912 2718 qui
941 2623 1186 2698 circumducis
1210 2644 1272 2699 me
1297 2644 1362 2718 per
1388 2624 1545 2699 circulos
1570 2626 1626 2699 in-

452 2746 620 2838 fernales,
638 2744 701 2838 qui
722 2751 807 2817 sunt
831 2744 943 2838 ampli
968 2750 1005 2818 et
1029 2764 1181 2838 capaces
1207 2765 1351 2840 magnae
1376 2745 1626 2840 multitudinis,

453 2867 535 2940 licet
548 2863 722 2938 continuo
739 2863 1150 2959 restringanturversus
1162 2870 1348 2958 centrum;
1364 2866 1462 2939 unde
1479 2864 1570 2938 inira
1586 2856 1623 2957 (⁷)

453 2986 538 3058 dicit
555 2991 676 3078 autor,
693 2983 793 3077 quod
806 3004 880 3056 una
893 2983 995 3057 vallis
1012 2974 1174 3076 vicinal⁸i
1194 2992 1320 3059 centro
1339 2986 1451 3059 volvit
1463 3008 1540 3059 xxu
1556 2986 1624 3059 mi-

452 3105 568 3197 liaria,
599 3104 658 3179 vel
687 3103 890 3178 secundum
915 3103 1025 3177 aliam
1057 3104 1218 3178 literam:
1249 3108 1375 3197 onpii5
1407 3126 1493 3179 eum
1525 3106 1623 3180 enim

452 3245 580 3299 omnes
607 3224 732 3298 circuli
757 3224 951 3298 infernales
974 3224 1046 3296 sint
1071 3223 1181 3318 impii,
1207 3224 1391 3318 precipue
1416 3225 1472 3297 isti
1498 3226 1624 3300 circuli

451 3345 613 3422 secuturi
640 3351 727 3419 sunt
749 3343 871 3439 impii;
898 3347 1064 3436 portame
1089 3366 1108 3416 e
1131 3346 1318 3439 soddsame
1343 3366 1367 3416 α
1395 3348 1409 3417 i
1436 3349 1501 3418 md
1521 3349 1640 3423 didm.

455 3472 556 3540 Come
580 3488 616 3539 o·
637 3474 669 3539 te
696 3468 812 3558 piare,
837 3465 940 3559 quasi
970 3464 1083 3539 dicat:
1109 3464 1178 3539 scis
1208 3464 1295 3558 quid
1320 3465 1489 3559 expediat
1520 3466 1620 3561 mihi,

448 3586 531 3661 ideo
569 3584 772 3660 secundum
812 3590 918 3657 tuum
956 3584 1131 3678 placitum
1167 3584 1346 3679 responde
1384 3584 1472 3657 milri
1502 3585 1548 3660 ad
1577 3607 1622 3661 ea

449 3727 534 3801 quae
559 3704 727 3779 desidero
753 3703 847 3777 scire
872 3703 969 3776 circa
995 3703 1099 3777 istam
1126 3703 1330 3778 materiam.
1357 3705 1495 3780 Vellem
1522 3705 1620 3780 euim

447 3826 603 3901 libenter
625 3824 749 3899 videre
774 3824 917 3918 aliquos
941 3824 988 3899 de
1004 3824 1126 3918 aliqua
1144 3834 1242 3899 secta
1260 3825 1470 3919 particulari
1502 3828 1622 3901 haere-

447 3949 615 4041 deorum,
647 3946 733 4040 quia
760 3965 832 4018 non
857 3944 975 4019 dixisti
1002 3945 1090 4017 milri
1117 3946 1183 4019 nisi
1208 3967 1340 4040 parum
1367 3946 1404 4018 in
1435 3946 1616 4043 generale

447 4068 528 4143 ideo
560 4067 672 4163 petit:
700 4070 736 4139 lc
760 4074 871 4158 pente,
897 4066 1033 4140 scilicet
1056 4066 1327 4159 haerelicorum,
1352 4068 1412 4139 cite
1435 4069 1534 4156 piace
1554 4088 1621 4159 per

325 4241 345 4268 x
445 4191 472 4262 li
495 4191 655 4281 suppleri,
682 4188 730 4261 ita
756 4187 854 4281 quod
881 4207 954 4260 non
984 4187 1165 4281 videntur,
1189 4188 1382 4279 potrebdeai
1405 4190 1556 4260 vedere?
1581 4195 1619 4261 et

446 4308 568 4383 statim
598 4306 804 4401 confirmat,
834 4306 933 4400 quod
961 4307 1098 4402 possint
1113 4298 1150 4399 (⁹)
1181 4306 1296 4380 videri
1331 4306 1463 4400 duplici
1497 4307 1618 4402 signo:

344 4474 346 4479 ·
445 4429 576 4524 primo,
609 4427 695 4521 quia
725 4427 849 4501 omnia
880 4433 967 4499 suut
995 4434 1139 4520 aperta3
1170 4427 1342 4520 secundo,
1379 4425 1466 4519 quia
1497 4425 1620 4499 nullus

504 4616 532 4679 (¹)
549 4615 580 4666 Ε·
596 4620 624 4666 ‘i
638 4620 794 4679 ”omium
1210 4613 1238 4676 (¹)
1256 4618 1310 4674 llll,
1327 4613 1360 4663 ab
1374 4612 1503 4663 tualibus.

505 4690 532 4754 (Ἴ
547 4691 578 4742 E.
595 4691 703 4755 radet·
718 4691 806 4754 ipsius,
822 4689 921 4742 rculoet
937 4689 1047 4756 vlrglln
1068 4689 1091 4740 0
1106 4693 1187 4740 wne.

503 4765 531 4829 (⁸)
546 4767 577 4818 E.
594 4768 675 4819 immo
691 4767 778 4819 debes.
1211 4765 1238 4828 (¹)
1255 4765 1286 4816 ll.
1301 4765 1425 4816 virtum
1439 4763 1579 4815 ostendisti.

505 4843 665 4905 onnon
1215 4839 1579 4904 primoomnium

505 4918 531 4980 o
548 4924 602 4980 in,
619 4921 779 4973 urrunsa·
1213 4917 1421 4982 pinpo-um
