4154 6546
472 790 520 859 to
869 801 1071 858 munnruu
1096 806 1248 859 inanum

469 951 505 1024 in
531 949 665 1022 multis.
692 947 794 1022 Unde
816 947 924 1022 dicit:
950 940 980 1019 st
1004 951 1064 1020 obe
1081 953 1277 1040 percoctae
1301 954 1412 1025 tuere
1428 974 1472 1027 ne
1488 964 1640 1051 emesae,
1766 1008 1768 1010 v

467 1070 559 1146 idest
583 1069 652 1144 viri
676 1067 788 1162 aerei,
814 1067 904 1142 idest
927 1069 990 1141 alti
1020 1070 1079 1142 vel
1109 1069 1302 1165 sapientes,
1327 1074 1432 1165 quasi
1461 1075 1558 1152 dicat
1583 1087 1640 1154 ta·

466 1191 559 1266 cite:
586 1210 659 1264 non
684 1190 804 1263 solum
830 1189 1002 1281 minores,
1027 1188 1226 1263 sedetiam
1251 1192 1412 1286 majores
1435 1195 1565 1271 timent
1583 1199 1639 1272 al-

466 1319 542 1385 tam
560 1309 768 1404 superbiam
786 1309 912 1401 leonis,
928 1308 1020 1381 idest
1044 1309 1209 1402 potentis.
1228 1310 1273 1383 Et
1297 1319 1383 1386 nota
1405 1315 1504 1407 quod
1527 1323 1638 1391 autor

465 1431 561 1505 bene
576 1429 679 1525 tingit
695 1449 735 1503 se
752 1427 862 1502 etiam
882 1427 1015 1501 timere
1031 1427 1253 1522 superbiam,
1270 1431 1356 1524 quia
1375 1426 1413 1524 (¹)
1438 1434 1484 1508 de
1500 1436 1553 1509 rei
1571 1456 1637 1511 ve-

465 1550 573 1624 ritate
597 1549 673 1643 ipse
697 1547 764 1621 luit
788 1546 980 1641 superbus,
1002 1553 1082 1620 tum
1108 1548 1195 1639 quia
1220 1549 1359 1644 nobilis,
1384 1571 1471 1625 cum
1498 1554 1636 1630 nobiles

464 1670 680 1744 naturaliter
697 1669 766 1742 sint
783 1667 941 1762 superbi,
957 1673 1036 1740 tum
1051 1668 1136 1760 quia
1150 1669 1370 1766 scientiatus,
1383 1673 1470 1766 quia
1486 1674 1636 1750 scientia

463 1809 559 1883 saepe
585 1788 705 1880 inllat;
731 1787 828 1861 unde
853 1792 963 1860 autor
987 1807 1093 1859 suam
1126 1788 1335 1881 superbiam
1367 1798 1495 1886 sponte
1520 1792 1635 1867 conti·

389 1941 396 1952 ·
463 1916 562 1984 tetur
587 1907 794 2004 Purgatorii
819 1906 977 2000 capitulo
1003 1906 1092 1978 Xlll.
1120 1909 1176 1978 Ed
1195 1928 1269 1979 ursa
1300 1913 1393 2001 lupo.
1431 1911 1496 1985 llic
1525 1918 1634 1986 autor

461 2028 630 2105 describit
655 2027 801 2101 tertiam
831 2025 960 2118 ieram,
987 2024 1121 2099 scilicet
1150 2026 1287 2121 lupam,
1312 2027 1404 2101 idest
1427 2030 1633 2125 avaritiam,

461 2170 573 2243 quam
599 2147 728 2221 ultimo
753 2145 865 2241 ponit,
883 2145 1084 2238 quiricum,
1110 2144 1327 2220 adveniente
1344 2153 1543 2242 senectute,
1569 2168 1632 2224 oe-

460 2276 539 2343 tera
565 2268 651 2343 vitia
681 2272 882 2358 senescant,
908 2264 984 2337 sola
1013 2263 1166 2337 avaritia
1181 2264 1396 2358 juvenescit.
1424 2267 1469 2340 Et
1500 2268 1633 2342 merito

459 2389 594 2484 figurat
618 2386 810 2462 avaritiam
837 2405 903 2479 per
928 2384 1066 2477 lupam,
1096 2403 1180 2476 quae
1204 2390 1260 2459 est
1283 2385 1419 2459 animal
1449 2407 1564 2462 vorax
1593 2397 1632 2464 et

459 2528 585 2602 rapax,
622 2513 659 2580 et
696 2506 801 2600 cujus
831 2504 968 2577 ventris
998 2503 1176 2598 ingluvies
1205 2512 1260 2578 est
1289 2505 1506 2580 insatiabilis.
1538 2508 1630 2583 Dicit

457 2647 570 2722 ergo:
597 2628 642 2697 ed
664 2646 736 2697 uno
761 2627 857 2715 lupo,
883 2622 1021 2716 supple,
1046 2623 1214 2716 apparuit
1239 2623 1339 2718 mihi,
1371 2628 1430 2698 cte
1452 2628 1629 2701 semotam

456 2765 578 2833 carco,
604 2742 695 2816 idest
711 2740 1006 2835 quae·videbatur
1023 2748 1154 2815 onusta
1168 2733 1205 2833 (²)
1225 2750 1374 2837 propter
1398 2766 1492 2820 onus
1517 2766 1626 2821 cura-

456 2883 554 2956 rum,
580 2869 622 2935 ut
646 2861 752 2955 plene
776 2860 910 2954 patebit
936 2860 1028 2933 inira
1053 2861 1210 2964 capitulo
1228 2863 1299 2956 Vll,
1324 2866 1363 2936 dt
1386 2871 1465 2937 tutte
1488 2867 1627 2938 mame:

455 3003 522 3077 per
547 2983 616 3055 boc
641 2985 743 3054 notat
760 2978 1012 3071 inexplebilem
1030 2970 1068 3070 (³)
1092 2980 1342 3075 cupiditatem,
1366 2985 1508 3058 nullum
1526 2986 1624 3060 enim

454 3101 589 3175 vicium
611 3105 666 3173 est
689 3098 931 3172 universalius
952 3117 1073 3191 neque
1094 3099 1272 3193 capacius.
1292 3100 1336 3174 Et
1352 3102 1437 3176 dicit
1452 3107 1544 3177 aella
1559 3124 1626 3177 suo

452 3240 659 3311 moprezzo,
686 3217 771 3311 quia
797 3223 933 3311 quanto
959 3216 1066 3290 ditior
1091 3224 1193 3292 tanto
1222 3221 1419 3315 pauperior
1448 3230 1504 3298 est
1535 3243 1625 3298 ava·

454 3362 531 3434 ruS,
553 3340 660 3433 juxta
686 3336 774 3410 illud
799 3335 1006 3410 luvenalis:

528 3516 656 3586 Crescit
678 3533 783 3584 oowr
808 3514 939 3583 rrurnmi
963 3519 1128 3601 quantam
1153 3515 1232 3604 mco
1250 3516 1401 3604 pecunia
1425 3517 1553 3587 crescit.

450 3690 495 3763 Et
518 3687 618 3762 dicit:
636 3708 655 3759 e
671 3691 772 3759 motta
795 3690 888 3777 pent
900 3692 936 3780 se
951 3679 1012 3776 pot
1038 3691 1132 3760 caver
1156 3710 1293 3780 mame,
1311 3689 1426 3763 immo
1452 3689 1623 3762 innume·

450 3809 594 3901 nabiles,
620 3806 787 3899 infinitas,
806 3812 847 3878 ut
871 3826 995 3899 perse
1011 3813 1119 3900 patet.
1138 3808 1217 3881 Non
1237 3813 1381 3903 oportet
1402 3807 1460 3881 bic
1484 3806 1539 3881 ire
1555 3827 1622 3901 per

449 3929 631 4023 exempla,
652 3927 738 4020 quia
754 3926 916 4019 quotidie
941 3926 1107 4001 videmus
1133 3936 1223 4021 quot
1247 3949 1313 4022 per
1337 3927 1529 4001 avaritiam
1550 3927 1621 4000 mi-

449 4038 576 4140 sere(⁸)
592 4055 628 4123 et
640 4048 790 4121 tristiter
803 4046 942 4139 vivunt,
960 4052 999 4121 et
1018 4047 1188 4121 miserius
1204 4055 1242 4122 et
1258 4048 1433 4122 infelicius
1454 4047 1621 4120 moriun-

449 4176 520 4243 tur.
547 4169 591 4240 Et
616 4167 754 4261 supple,
780 4187 853 4240 non
879 4167 997 4239 solum
1024 4165 1120 4260 iecit,
1137 4166 1201 4240 sed
1218 4167 1328 4241 etiam
1347 4168 1431 4242 lacit
1447 4175 1485 4242 et
1501 4168 1620 4260 faciet,

448 4294 490 4362 ut
518 4287 640 4361 statim
666 4286 818 4360 dicetur.
850 4291 976 4374 (locato
1001 4288 1050 4357 nrt
1067 4306 1186 4378 porse.
1221 4286 1286 4359 llic
1318 4294 1439 4380 autor,
1472 4294 1619 4363 ostenso

446 4408 484 4481 in
508 4405 672 4503 generali
698 4405 884 4499 quomodo
904 4406 973 4480 ista
990 4405 1067 4479 tera
1085 4411 1141 4479 est
1157 4404 1285 4480 intesta
1308 4406 1433 4479 multis
1450 4398 1499 4500 (⁵),
1522 4428 1620 4483 nunc

445 4525 601 4601 ostendit
626 4525 662 4598 in
688 4525 832 4618 speciali
851 4524 1037 4617 quomodo
1055 4524 1303 4599 molestaverit
1328 4530 1366 4599 et
1390 4525 1619 4600 timoraverit

507 4752 534 4812 ιζ’)
551 4753 577 4802 S.
594 4753 652 4815 quir
670 4764 770 4802 revera.
868 4750 895 4814 ι’)
913 4753 943 4802 R.
960 4757 1051 4803 onusta
1068 4753 1215 4802 macredine
1232 4757 1346 4816 propter.

508 4828 533 4888 (⁸)
549 4828 575 4877 S.
592 4826 805 4889 inexplicnbllem
868 4829 894 4889 (⁸)
911 4828 941 4876 E.
957 4828 1102 4879 miserrimc
1119 4829 1207 4879 vivunt
1223 4833 1251 4879 et
1266 4829 1418 4886 tristissime.
1435 4832 1462 4877 et
1477 4827 1604 4878 misertos.

508 4904 533 4968 (¹)
550 4904 575 4953 S.
591 4902 713 4953 multum.
