4154 6546
546 1206 704 1275 INCIPIT
731 1207 895 1277 PRIMUS
926 1207 1091 1278 ennius
1121 1210 1268 1277 PRIMAE
1301 1209 1530 1293 OOMOEDIAE,

704 1344 741 1409 in
763 1362 823 1427 quo
839 1342 1080 1428 protonisomr
1102 1343 1146 1410 od
1167 1350 1265 1410 totum
1287 1364 1374 1428 opus.

526 1704 633 1870 Hm
656 1795 890 1892 proeambulis
905 1816 974 1891 pro
995 1796 1176 1873 evidentia
1191 1801 1385 1893 praecursis
1402 1796 1451 1896 (¹),
1466 1821 1562 1876 nunc
1578 1800 1625 1877 ad

449 1917 530 1992 libri
553 1915 767 1991 divisionem
792 1917 1014 1992 veniendum
1035 1923 1100 1991 est.
1119 1917 1236 1993 butor
1253 1927 1376 1996 noster
1393 1921 1625 1997 considerans

449 2037 626 2133 triplicem
650 2056 732 2112 esse
757 2037 948 2112 bominum
977 2037 1104 2132 utam,
1132 2039 1268 2114 scilicet
1291 2041 1524 2136 viciosorum,
1545 2062 1625 2136 poe-

447 2157 654 2250 nitentium,
678 2160 716 2231 et
740 2155 1004 2251 virtuosorum,
1030 2177 1123 2252 opus
1158 2178 1268 2233 suum
1294 2158 1454 2234 distinxit
1486 2161 1524 2233 in
1549 2166 1625 2235 tres

447 2283 580 2373 partos,
605 2276 742 2351 scilicet
765 2275 965 2371 Internum,
990 2276 1264 2373 Purgalorium,
1281 2286 1320 2353 et
1340 2278 1566 2354 Paradisum.
1582 2278 1624 2353 lu

447 2397 594 2473 lniamo
610 2402 744 2472 tractat
760 2396 807 2471 de
826 2395 1015 2490 punitione
1030 2387 1067 2487 (ἦ
1086 2395 1324 2471 sicimorum:
1342 2398 1379 2471 in
1404 2396 1623 2496 Purgatorio

448 2516 495 2592 de
525 2515 766 2591 conversione
796 2514 1075 2611 poenitentium:
1107 2515 1145 2588 in
1173 2515 1347 2592 Paradiso
1378 2516 1425 2592 de
1455 2516 1624 2611 praemia·

449 2636 548 2711 tione
571 2635 835 2710 virtuosorum.
861 2635 1028 2727 Quorum
1053 2634 1233 2709 librorum
1268 2635 1419 2729 quilibet
1452 2635 1623 2710 dividitur

448 2774 514 2851 per
537 2755 709 2851 capitula,
734 2773 819 2850 que
843 2754 1073 2850 appellantur
1089 2761 1219 2828 cantus
1243 2761 1394 2850 propter
1418 2774 1623 2861 consonan-

447 2874 539 2950 tiam
564 2876 842 2972 rbytbmorum3
860 2878 897 2949 et
921 2872 1074 2968 quilibet
1089 2879 1219 2949 cantus
1241 2894 1309 2970 per
1325 2876 1527 2972 rhythmos.
1544 2873 1624 2949 Pri·

448 3010 534 3069 mus
548 2994 641 3070 liber
654 2992 828 3070 dividitur
843 2993 881 3067 in
897 2992 990 3067 duas
1002 3000 1124 3087 partes
1136 2992 1350 3089 principales
1365 2984 1415 3087 (³),
1433 2994 1569 3068 scilicet
1585 2992 1622 3066 in

448 3112 671 3209 prooemium
693 3118 732 3188 et
754 3118 965 3188 tractatum.
991 3106 1219 3186 Prooemium
1245 3112 1406 3187 continet
1429 3114 1501 3187 tria
1525 3112 1624 3207 capi-
1643 3182 1670 3232 Ἃ

448 3232 539 3326 tula,
552 3232 589 3306 in
601 3244 762 3327 quorum
773 3233 894 3328 primo
909 3238 1021 3306 autor
1036 3231 1216 3327 proponit,
1234 3232 1270 3305 in
1288 3233 1450 3307 secundo
1466 3232 1623 3327 invocat,

447 3352 486 3427 in
519 3352 628 3426 tertio
661 3358 789 3427 autem
821 3351 944 3446 incipit
977 3356 1187 3425 tractatum.
1223 3350 1388 3424 Primum
1422 3350 1622 3446 capitulum

448 3610 532 3668 rum
565 3597 676 3666 autor
707 3588 878 3666 describit
910 3590 1087 3665 visionem
1118 3611 1244 3686 unam,
1275 3590 1314 3665 in
1346 3611 1420 3685 qua
1450 3590 1553 3687 fingit
1584 3611 1624 3666 se

448 3710 627 3808 reperisse
649 3710 688 3785 in
713 3711 873 3806 quadam
899 3710 999 3786 silva.
1025 3710 1066 3784 In
1091 3711 1251 3786 secunda
1281 3711 1437 3786 ostendit
1466 3710 1624 3805 qualiter

447 3831 613 3929 perreult
636 3828 684 3905 ad
708 3828 908 3926 quemdam
933 3836 1109 3924 montem,
1134 3830 1208 3904 ibi:
1234 3834 1297 3904 llio
1321 3832 1387 3924 pot
1410 3833 1471 3905 obe
1492 3833 1555 3924 stri.
1581 3829 1622 3903 ln

447 3951 555 4028 mrtta
569 3949 728 4026 ostendit
743 3948 930 4045 quomodo
943 3950 1012 4024 sibi
1029 3949 1165 4025 volenti
1182 3949 1381 4026 escendere
1395 3950 1498 4024 illum
1515 3970 1623 4025 mon·

447 4078 523 4147 tem
547 4068 792 4145 obviaverunt
815 4075 891 4144 tres
914 4069 1002 4143 lerae
1018 4068 1169 4163 infeste,
1187 4069 1423 4165 impedientes
1440 4068 1521 4165 eius
1539 4069 1621 4164 iter,

447 4190 514 4266 ibi:
531 4192 588 4265 Ed
602 4208 682 4264 coco
698 4192 808 4284 quoii
822 4188 863 4262 ln
880 4195 1013 4284 quarta
1029 4188 1185 4263 ostendit
1198 4188 1383 4284 quomodo
1395 4188 1542 4284 quidam
1558 4208 1623 4266 oc-

446 4310 563 4385 currit
577 4309 645 4384 sibi
661 4307 708 4384 ad
723 4309 806 4405 ejus
820 4327 1052 4401 succursum,
1068 4297 1182 4400 ibi(‘l:
1197 4313 1331 4382 Mentre
1346 4310 1438 4383 cb'to
1456 4313 1619 4383 moroso.

445 4429 488 4503 ln
504 4429 630 4524 quinta
651 4426 807 4504 ostendit
831 4427 1017 4522 quomodo
1033 4427 1094 4502 ille
1110 4426 1251 4502 dederit
1266 4420 1302 4518 (⁵)
1322 4427 1389 4502 sibi
1410 4446 1519 4502 suum
1538 4446 1622 4502 suo-

445 4568 612 4642 cursum,
635 4548 710 4623 ibi:
735 4553 766 4622 A
791 4555 824 4621 te
847 4551 991 4622 conum
1019 4555 1134 4621 tenne
1150 4551 1243 4621 altro
1260 4552 1412 4640 oioppr‘o.
1438 4548 1622 4642 Unaque·

510 4784 584 4848 ΝΚ
600 4786 739 4851 pomos
877 4786 980 4850 (luc
997 4789 1158 4853 purgatione.
1299 4787 1370 4851 cS·
1386 4794 1481 4854 urta,
1498 4787 1605 4840 uruat

510 4860 1533 4930 plsssdudrllnpmtoqumtnllnqulumouendordtsconoimoc

511 4935 911 5003 mbdsdttrtbtmocurrum.
