4154 6546
455 783 524 851 161
844 792 1047 848 centaurum
1071 792 1222 846 manuni

452 940 559 1014 iamae
572 945 749 1032 meretur,
763 938 849 1031 quia
862 938 1176 1034 pugnavitcontra
1187 935 1443 1031 Graaeosapud
1456 938 1617 1034 Troiam,
1695 979 1697 983 ·
1778 935 1780 938 ⁴

451 1059 514 1154 qni
538 1059 689 1133 suerunt
713 1058 801 1131 olim
833 1057 901 1132 viri
930 1056 1125 1150 tortissimi,
1155 1061 1191 1131 et
1219 1056 1300 1130 aliae
1329 1057 1466 1153 reginae
1495 1058 1617 1142 sotum

450 1184 710 1275 pugnaverunt
733 1184 861 1251 contra
886 1176 1035 1251 Asianos
1045 1169 1082 1269 (¹)
1106 1175 1306 1251 vilissimos.
1324 1176 1368 1249 Et
1384 1177 1478 1251 bene
1490 1169 1528 1268 (²)
1545 1199 1618 1252 nu·

435 1305 570 1371 merat
594 1296 860 1370 Penthesileam
887 1296 982 1371 inter
1007 1296 1116 1390 viros,
1134 1295 1222 1390 quia
1247 1294 1324 1389 ipse
1348 1294 1517 1391 Virgilius
1533 1296 1618 1371 dicit

449 1417 495 1491 de
507 1437 569 1491 ea:
588 1419 763 1506 audeone
779 1418 866 1489 eins
881 1436 1092 1490 concurrere
1102 1419 1218 1506 oirpo.
1228 1454 1278 1470 —
1290 1420 1349 1488 Do
1366 1417 1490 1488 taum
1501 1423 1617 1508 parto.

450 1537 514 1610 ilic
530 1543 650 1630 autor,
669 1535 862 1609 nominatis
877 1535 1021 1610 duabus
1039 1535 1265 1630 mulieribus,
1278 1556 1440 1629 quarum
1457 1556 1532 1610 ona
1549 1557 1619 1631 pu-

449 1656 575 1752 gnavit
599 1676 666 1750 pro
691 1656 848 1730 Hectore
871 1654 969 1750 apud
991 1656 1149 1750 Troiam,
1166 1655 1283 1730 attera
1300 1660 1428 1731 contra
1444 1656 1618 1751 Troianos

450 1784 487 1852 et
518 1777 654 1850 Eneam
690 1774 726 1847 in
761 1775 874 1867 ltalia,
909 1795 1007 1849 nunc
1040 1776 1206 1850 nominat
1241 1775 1409 1849 latinum
1446 1796 1616 1852 socerum

448 1897 558 1969 Eneae
582 1895 619 1966 in
644 1894 756 1986 italia,
781 1900 819 1968 et
842 1893 1029 1968 Lavimmn
1055 1892 1167 1968 tiliam
1192 1893 1284 1988 eius,
1309 1915 1376 1988 pro
1402 1917 1476 1989 qua
1501 1896 1618 1972 Encas

449 2015 532 2094 iecit
556 2019 610 2088 tot
640 2012 754 2106 pretia
783 2018 911 2086 contra
940 2012 1119 2106 Turnum,
1150 2011 1196 2087 de
1227 2013 1362 2105 quibus
1392 2014 1531 2088 dictum
1562 2023 1617 2090 est

448 2134 555 2229 piene
578 2132 736 2227 capitulo
762 2130 891 2226 primo.
917 2131 982 2206 Hic
1006 2151 1097 2227 erge
1119 2131 1268 2206 Latinus
1293 2134 1459 2229 regnavit
1476 2134 1512 2206 in
1530 2153 1616 2228 par-

449 2253 556 2347 tibus,
584 2252 647 2326 ubi
673 2272 770 2325 nunc
794 2257 849 2325 ert
878 2251 1006 2343 Roma,
1036 2256 1073 2325 ot
1102 2250 1169 2324 init
1193 2241 1280 2342 V(³)
1306 2271 1373 2335 rex
1402 2252 1612 2327 Latinorum

449 2380 528 2467 post
553 2375 698 2466 tanum,
716 2378 757 2446 ut
782 2371 924 2446 dicetur
949 2370 1046 2464 alibi,
1063 2377 1101 2445 et
1116 2371 1257 2466 primus
1274 2373 1435 2447 correxit
1449 2373 1613 2468 linguam

449 2493 609 2585 latinam,
639 2514 662 2566 a
692 2513 766 2585 quo
795 2511 923 2566 omnes
956 2510 1134 2565 vocamur
1152 2479 1189 2582 (⁴)
1221 2491 1347 2565 latini
1377 2492 1469 2566 Dicit
1500 2513 1614 2590 ergo:

448 2613 496 2682 do
521 2613 649 2682 talea
676 2617 782 2702 porte
811 2612 883 2682 vidi
910 2612 944 2681 et
969 2629 1011 2680 re
1041 2613 1165 2691 Latiam
1198 2612 1264 2684 Che
1291 2632 1358 2684 con
1385 2615 1521 2685 moino
1549 2634 1615 2687 sua

445 2733 545 2822 fiptro
568 2732 672 2802 sedeo
681 2755 697 2821 ,·
714 2729 781 2803 iste
798 2728 895 2802 enim
913 2727 1100 2821 conjunxit
1117 2728 1292 2822 Troianos
1309 2750 1394 2803 cum
1412 2732 1546 2806 latinis
1564 2725 1614 2826 151,

448 2869 494 2922 ex
520 2847 654 2942 quibus
680 2854 804 2941 postea
828 2844 1095 2921 descenderunt
1118 2845 1246 2921 Albani
1272 2856 1310 2923 et
1325 2849 1490 2944 Romani,
1516 2873 1614 2927 nnnc

448 2968 533 3042 dicit
561 2967 608 3041 de
637 2967 756 3061 primo
789 2966 977 3041 conditore
993 2955 1031 3057 (⁶)
1068 2987 1231 3041 romanae
1266 2969 1453 3065 libertatis,
1482 2971 1615 3048 scilicet
1758 3056 1760 3059 ,

449 3089 573 3161 Bruto.
603 3085 657 3160 tu
690 3086 789 3180 quod
824 3092 878 3160 est
900 3074 939 3177 (⁷)
967 3085 1182 3161 brevissime
1215 3086 1404 3162 sciendum
1434 3090 1534 3183 quod
1558 3091 1615 3167 hic

449 3210 585 3281 Brutus
601 3207 711 3279 simui
728 3226 815 3279 cum
832 3205 965 3300 Spurio
980 3205 1150 3280 Lucretio
1166 3213 1270 3301 patre
1286 3207 1465 3283 Lucretiae
1482 3218 1519 3284 et
1535 3210 1616 3287 Col-

448 3329 559 3405 latino
577 3327 709 3401 marito
725 3327 816 3421 eius,
836 3325 1002 3421 spoliavit
1019 3345 1133 3421 regno
1150 3326 1388 3421 Tarquinium
1406 3329 1613 3424 Superbum

448 3449 643 3545 septimum
657 3454 694 3521 et
707 3447 880 3520 ultimum
898 3465 1024 3541 regem
1043 3445 1308 3540 Romanorum,
1326 3449 1412 3541 quia
1430 3450 1564 3527 Sextus
1578 3443 1615 3542 (⁸)

450 3570 543 3643 iilius
560 3568 671 3662 ipsius
687 3565 872 3660 Tarquinii
888 3570 1121 3659 stupraverat
1137 3564 1251 3658 ipsam
1272 3567 1491 3662 Lucretiam,
1509 3574 1616 3666 cuius

448 3688 666 3786 indignitatis
690 3686 816 3760 dolore
840 3685 917 3779 ipsa
942 3703 983 3758 se
997 3683 1117 3779 gladio
1134 3683 1263 3757 occidit
1280 3685 1317 3758 in
1337 3689 1529 3780 praesentia
1549 3710 1614 3784 pa-

449 3810 523 3902 tris,
550 3807 617 3881 viri
643 3813 680 3881 et
704 3805 815 3899 ipsius
840 3803 955 3896 Bruti,
979 3787 1074 3876 sicut
1097 3801 1204 3877 iatius
1228 3804 1365 3897 patebit
1389 3803 1433 3878 Vl
1457 3808 1615 3902 capitulo

447 3927 616 4002 Paradisi.
642 3925 767 4000 Dictus
791 3929 996 3998 estantem
1022 3923 1170 4015 Brutus,
1194 3922 1282 4017 quia
1297 3923 1360 3998 diu
1376 3924 1615 4004 dissimulavit

448 4068 488 4122 se
513 4047 655 4121 fatuum
682 4051 720 4120 et
743 4043 984 4139 insipientem,
1003 4049 1192 4136 umquam
1210 4043 1346 4119 animal
1361 4045 1514 4120 brutum
1535 4048 1612 4126 sine

449 4166 600 4258 ratione,
614 4163 791 4258 usquead
807 4171 975 4258 stuprum
998 4161 1187 4255 Lucretio,
1204 4163 1352 4256 quanm
1365 4164 1452 4240 vidit
1470 4174 1614 4264 tempus

509 4445 537 4507 (¹)
554 4445 583 4494 tt
600 4445 720 4497 amnes.
807 4445 834 4508 (¹)
852 4445 883 4495 B.
900 4445 933 4495 Et
950 4444 1015 4495 beno
1030 4446 1145 4496 nominat
1160 4444 1341 4507 nannetum,
1356 4451 1384 4497 at
1398 4454 1521 4498 numerat
1535 4450 1612 4500 inter.

510 4521 536 4582 ζ’)
554 4526 605 4579 tto.
624 4536 691 4572 unus
707 4535 800 4572 ren·
811 4523 841 4573 ii.
858 4523 965 4587 quintus
980 4534 1035 4572 rex.
1160 4520 1186 4583 (¹)
1204 4522 1234 4571 E.
1250 4535 1265 4572 e
1283 4527 1337 4581 111,
1354 4530 1488 4574 vocantur.

509 4598 535 4658 ι’)
553 4601 606 4657 tto,
623 4598 720 4649 Latinis
740 4599 869 4648 mediante
890 4597 995 4648 vinculo
1018 4596 1078 4647 iiiia
1096 4609 1159 4655 ιω.
1175 4610 1253 4661 qnam
1275 4598 1380 4649 maduit
1399 4601 1425 4649 in
1440 4612 1549 4651 uxorem
1566 4600 1613 4663 tpu

446 4676 541 4724 AEneoe.
559 4674 597 4722 lie
618 4675 709 4725 taum
724 4681 752 4726 et
767 4675 872 4726 Lunata
887 4675 990 4725 dicotur
1006 4673 1067 4724 atttt
1083 4686 1158 4737 sape.
1182 4675 1240 4725 Vtut
1254 4676 1312 4740 Μ
1327 4675 1409 4725 Bnrto
1423 4679 1472 4727 eto.
1489 4675 1565 4728 Dicto
1580 4676 1612 4726 de

447 4751 559 4809 urinis,
576 4764 634 4813 que
649 4750 699 4801 init
715 4765 790 4802 aun
805 4750 997 4803 mnimderndt
1013 4750 1138 4814 Troianos
1154 4765 1215 4802 curm
1231 4751 1325 4810 tannis,
1340 4765 1374 4804 οι
1388 4752 1489 4817 quibus.

510 4825 536 4887 (⁸)
554 4828 607 4884 tit,
623 4831 729 4876 auctore
746 4827 876 4878 Romanu.
1146 4826 1174 4890 i')
1189 4826 1215 4879 8.
1230 4832 1270 4879 cst
1284 4828 1427 4880 mnium.

509 4900 535 4963 (¹)
551 4901 582 4953 B.
599 4899 692 4952 sextus
707 4901 834 4965 qunmt
847 4903 950 4967 genitus
964 4906 1135 4964 stupravmt.
1249 4946 1252 4950 .
