4154 6546
451 771 521 845 338
844 787 1045 847 nonnarum
1072 789 1222 851 inanum

449 934 539 1009 idest
565 931 758 1029 mundum,
783 936 870 1030 quia
895 937 1151 1034 magnanimus
1168 936 1234 1011 luit
1250 944 1289 1012 et
1306 935 1497 1011 videbatur
1513 956 1616 1031 sper·

449 1074 539 1129 nere
558 1055 658 1129 alios.
676 1056 722 1128 Et
737 1054 857 1129 subdit
877 1055 975 1150 quod
992 1056 1164 1153 Virgilius
1180 1077 1254 1131 non
1274 1062 1467 1131 contentus
1486 1055 1617 1129 dixisse

446 1174 515 1247 boc
540 1174 672 1267 verbis
699 1174 842 1269 impulit
866 1197 953 1251 eum
981 1176 1167 1270 manibus;
1186 1177 1284 1251 unde
1305 1176 1408 1251 dicit:
1434 1198 1453 1248 e
1477 1179 1508 1247 le
1532 1196 1616 1247 mon

446 1297 601 1367 ammosa
625 1289 644 1367 e
665 1301 791 1387 propte
814 1297 873 1368 del
894 1298 998 1388 duom
1022 1295 1115 1370 idest
1140 1317 1271 1370 manus
1288 1295 1435 1392 Virgilii,
1461 1295 1525 1389 qui
1550 1295 1618 1368 luit

448 1435 537 1489 vere
560 1414 827 1511 magnanimus,
853 1421 895 1489 ut
919 1416 1058 1491 dictum
1092 1423 1147 1492 est
1171 1416 1201 1490 ll
1226 1416 1395 1512 capitulo,
1421 1437 1475 1488 me
1495 1418 1617 1509 pinser

448 1541 507 1608 tro
530 1537 562 1608 le
585 1539 756 1627 sepulture
779 1556 803 1607 a
827 1537 889 1627 lui,
906 1535 993 1629 quia
1014 1542 1123 1611 autor
1139 1536 1295 1611 libenter
1319 1542 1400 1610 erat
1424 1536 1618 1610 locuturus

449 1654 507 1728 isti
531 1654 578 1729 de
601 1654 712 1750 gestis
736 1662 773 1729 et
798 1655 1060 1730 mutationibus
1089 1676 1167 1730 suae
1197 1655 1336 1750 patriae,
1362 1675 1524 1749 quorum
1549 1653 1617 1728 iste

449 1774 570 1850 iuerat
594 1796 729 1871 magna
754 1797 853 1871 pars;
880 1775 960 1851 ideo
984 1768 1022 1867 (¹)
1047 1775 1153 1850 dicit:
1185 1777 1331 1850 dtbewo
1355 1777 1387 1849 le
1415 1777 1541 1868 parole
1564 1782 1619 1848 tae

448 1898 521 1969 sien
537 1903 648 1986 roob,
666 1896 770 1990 quasi
786 1896 898 1973 dicat:
916 1897 1068 1991 loquere
1080 1916 1166 1970 cum
1185 1895 1253 1970 isto
1269 1895 1493 1970 familiariter
1508 1895 1619 1988 clare,

448 2016 535 2110 quia
560 2016 628 2092 iste
652 2016 753 2091 novit
779 2037 823 2091 ea
843 2008 881 2109 (²)
906 2016 953 2092 de
982 2017 1116 2110 quibus
1145 2024 1185 2091 tu
1219 2015 1274 2090 vis
1306 2016 1401 2090 scire
1429 2022 1467 2089 et
1496 2015 1618 2089 lacere
1748 2009 1751 2015 ’

449 2136 836 2212 memoriam-Gom'
848 2139 894 2210 io.
917 2137 983 2212 llic
997 2144 1107 2211 autor
1123 2136 1286 2211 facturus
1302 2155 1512 2212 sermonem
1538 2135 1618 2208 lon·

447 2277 538 2351 gum
555 2276 642 2331 cum
655 2257 824 2331 Farinata
840 2256 1027 2352 praemiltit
1043 2256 1253 2351 petitionem
1271 2255 1351 2330 eius
1366 2255 1413 2331 ad
1426 2275 1467 2329 se
1477 2254 1618 2329 dicens:

448 2377 509 2453 ille
534 2377 725 2453 Farinata:
756 2381 950 2470 paordome
978 2397 1026 2450 uo
1052 2398 1157 2469 poco,
1188 2383 1230 2450 ut
1259 2375 1399 2452 videret
1430 2381 1619 2469 aspectum

449 2498 602 2592 autoris,
627 2501 714 2572 oom'
726 2500 761 2570 io
773 2502 869 2592 stria
890 2494 950 2591 pie*
971 2500 1015 2571 de
1030 2500 1068 2571 la
1082 2518 1148 2570 rata
1165 2497 1293 2587 emta,
1310 2494 1401 2570 idest
1417 2515 1530 2588 quam
1548 2494 1620 2568 cito

449 2616 502 2690 lui
526 2616 628 2691 iuxta
648 2619 874 2712 sepulturam
893 2638 1017 2711 suam;
1042 2624 1080 2691 et
1096 2617 1184 2710 quia
1201 2617 1321 2691 visum
1342 2615 1409 2689 luit
1434 2614 1502 2688 sibi
1515 2613 1617 2708 quod

450 2742 547 2811 esset
572 2736 737 2811 notabilis
762 2738 891 2831 bomo;
911 2740 975 2830 poi
999 2739 1101 2828 quari
1122 2739 1303 2828 sdipooso
1328 2755 1434 2809 more
1458 2732 1618 2828 superbi,

450 2879 505 2931 ore
528 2852 720 2932 dimerrdd:
744 2860 799 2931 ola·
819 2862 880 2952 sor
904 2860 931 2931 li
954 2860 1094 2948 maptor
1118 2859 1180 2948 lai,
1205 2857 1309 2950 quasi
1334 2855 1448 2930 dicat:
1473 2854 1519 2929 de
1543 2873 1617 2947 qua

450 2977 562 3073 stirpe
580 2977 771 3052 Florentiae
788 2977 911 3052 luistit
931 2968 967 3069 (³)
992 2977 1035 3049 Et
1054 2977 1229 3051 continuo
1248 2982 1358 3051 autor
1374 2973 1495 3049 subdit
1511 2992 1617 3046 suam

450 3097 736 3192 responsionem,
761 3097 904 3173 dicens:
921 3100 957 3171 io
973 3099 1023 3170 olt'
1036 3118 1101 3171 ero
1121 3099 1156 3170 d’
1169 3097 1285 3171 mido
1300 3097 1512 3185 desiderem,
1532 3113 1619 3188 pro·

449 3224 531 3313 pter
561 3237 712 3292 causam
742 3217 990 3313 iamdictam,
1023 3239 1096 3291 oon
1123 3220 1207 3308 pter
1237 3219 1335 3308 mla,
1368 3215 1455 3310 quia
1486 3213 1619 3289 scilicet
1712 3300 1721 3317 .

449 3358 552 3413 eram
578 3337 625 3413 de
651 3338 760 3413 nobili
786 3339 898 3434 stirpe
922 3339 1016 3413 sicut
1041 3339 1129 3434 ipse,
1145 3359 1206 3412 mo
1225 3345 1308 3412 auo
1327 3340 1354 3411 li
1376 3338 1508 3430 operrt,
1533 3334 1620 3429 quia

451 3458 524 3532 dini
551 3459 650 3552 quod
675 3459 821 3534 fuerant
844 3459 1052 3556 Aldigberij,
1078 3459 1141 3553 qui
1165 3457 1429 3534 descenderant
1454 3478 1500 3532 ex
1521 3455 1619 3531 ileli-

452 3577 523 3653 seis
548 3585 617 3653 etr.
644 3585 682 3654 et
706 3581 776 3654 boc
800 3578 868 3653 ieci
892 3586 935 3652 ut
958 3598 1198 3674 provocarem
1217 3578 1335 3672 ipsum
1353 3576 1400 3650 ad
1424 3576 1617 3650 dicendum

450 3696 538 3770 illud
556 3698 655 3791 quod
672 3697 761 3771 dixit
774 3686 835 3789 (⁸):
855 3698 936 3773 ideo
952 3698 1060 3772 dicit:
1078 3700 1170 3772 ande
1185 3699 1229 3788 ei,
1247 3696 1338 3771 idest
1355 3701 1502 3790 propter
1522 3695 1621 3789 quod

381 3891 390 3897 .
451 3817 529 3912 ipse
553 3817 732 3913 Farinata,
766 3810 841 3891 leod
866 3822 897 3891 le
921 3821 1026 3910 apta
1049 3840 1098 3892 aa
1116 3839 1209 3910 poco
1232 3820 1271 3890 in
1293 3837 1389 3907 sasso,
1414 3815 1501 3909 quia
1526 3814 1621 3888 scili-

451 3942 509 4012 cet
525 3929 563 4029 (⁵)
578 3937 846 4032 aliquantulum
865 3938 981 4013 lactus
998 3945 1053 4015 est
1071 3938 1187 4034 magis
1204 3936 1422 4033 indignatus,
1435 3936 1498 4027 poi
1511 3937 1623 4008 duae.-
1738 3946 1741 3952 ’

451 4058 602 4153 replicat
617 4049 654 4150 (⁶)
686 4065 813 4133 eontra
843 4067 1025 4153 autorem,
1055 4065 1093 4133 et
1121 4057 1228 4132 dicit:
1260 4056 1313 4130 tui
1343 4055 1501 4130 maiores
1526 4061 1622 4129 tam·

452 4199 565 4271 quam
592 4179 714 4274 magni
740 4178 900 4275 guelpbi,
922 4180 1125 4272 doomonte
1142 4183 1249 4272 storo
1273 4178 1392 4250 aversi
1407 4198 1431 4249 o
1446 4195 1514 4266 nte,
1531 4173 1621 4249 idest

450 4299 583 4374 acerbe
603 4299 755 4372 iuemnt
771 4299 907 4374 inimici
927 4306 964 4374 et
980 4298 1153 4374 eontrarii
1173 4297 1261 4372 mibi
1278 4305 1468 4391 tamquam
1485 4315 1622 4390 magno

448 4419 643 4514 ghibelino,
673 4427 706 4492 et
736 4421 774 4492 oi
804 4422 884 4493 miei
913 4422 1036 4513 primi,
1073 4419 1209 4494 scilieet
1241 4418 1394 4511 Ubertis‚
1429 4424 1462 4489 et
1493 4438 1517 4488 a
1550 4417 1621 4488 mia
1672 4517 1676 4524 .

414 4718 416 4722 ·
511 4696 538 4758 (¹)
554 4696 579 4747 S.
595 4700 622 4746 et
638 4696 704 4747 ideo.
1182 4694 1210 4759 ρ)
1227 4695 1258 4747 E.
1274 4697 1345 4747 novit
1360 4695 1447 4745 omnia
1463 4692 1503 4743 de

510 4771 536 4833 O
554 4777 609 4829 llo,
627 4777 654 4822 tu
671 4771 758 4823 bristi?
926 4791 930 4797 ·
1182 4773 1213 4834 (¹)
1229 4771 1259 4822 E.
1275 4771 1345 4836 quod
1361 4770 1436 4821 dicit:
1452 4768 1519 4818 ideo.

511 4848 538 4910 (⁸)
554 4848 584 4898 B.
601 4847 700 4898 scilieet
716 4849 801 4900 tantm
815 4855 854 4900 est
871 4851 953 4914 maglo
968 4850 1111 4914 indignans.

512 4922 539 4986 (⁸)
555 4923 586 4973 ll,
602 4923 729 4986 replicans
743 4930 834 4976 eontra
850 4931 977 4988 autorem,
988 4926 1059 4977 dlelt.
