4154 6546
747 810 886 865 caurus
910 813 1057 867 unimus.
1442 798 1489 869 37

319 953 506 1029 bominem
526 953 564 1026 in
584 953 714 1047 triplici
730 960 850 1047 aetate,
863 954 999 1029 scilicet
1015 955 1162 1028 luxuria
1178 949 1216 1046 (¹)
1234 956 1488 1052 injuventute,

319 1072 489 1168 superbia
513 1073 551 1146 in
575 1072 758 1167 virilitate,
782 1073 936 1149 avaritia
961 1074 997 1148 iu
1022 1082 1221 1150 senectute.
1248 1076 1350 1150 Unde
1378 1077 1490 1151 loan-

317 1213 399 1269 nes:
424 1213 527 1266 ontne
551 1195 646 1284 qaod
668 1195 779 1265 estin
803 1197 946 1284 mnam,
972 1201 1039 1269 etc.

393 1318 520 1404 Tempe
544 1332 619 1384 ero.
646 1311 711 1385 llic
735 1319 856 1406 autor,
880 1313 998 1408 gratia
1024 1314 1295 1409 praedictorum,
1320 1315 1491 1389 describit

316 1438 463 1526 tempus
477 1450 555 1503 suae
573 1429 732 1523 visionis,
747 1437 788 1503 ut
805 1423 1017 1523 ostendatl¹)
1037 1434 1223 1526 quomodo
1240 1455 1286 1509 er
1303 1435 1400 1510 bona
1416 1434 1491 1508 dis-

317 1549 495 1644 positione
526 1550 701 1644 temporis
726 1550 802 1644 ipse
827 1551 992 1645 capiebat
1020 1572 1123 1646 spern
1153 1555 1348 1648 superandi
1381 1554 1487 1628 ismm

317 1669 447 1743 leram.
465 1668 509 1741 Et
524 1667 644 1762 primo
669 1668 839 1743 describit
854 1669 985 1744 boram
1002 1670 1085 1764 diei,
1101 1671 1333 1747 illucescente
1344 1664 1380 1764 (³)
1399 1673 1488 1767 sole,

317 1789 405 1883 quia
418 1795 505 1862 tunc
517 1788 680 1862 maxime
696 1789 814 1863 solent
831 1788 910 1862 lieri
930 1790 1071 1864 somnia
1090 1811 1190 1885 vera,
1207 1797 1250 1865 ut
1264 1799 1374 1866 autor
1390 1812 1488 1886 saepe

316 1907 402 1982 dicit
421 1907 458 1981 in
474 1907 543 1981 isto
560 1907 665 2001 libro,
682 1908 769 2001 quia
794 1916 882 1983 tunc
906 1908 1107 2005 digestione
1130 1911 1290 2005 perlecta
1315 1919 1352 1986 et
1376 1911 1487 1986 sumis

316 2027 485 2103 resolutis
497 2047 604 2102 meus
615 2027 774 2102 bominis
786 2035 841 2101 ert
853 2028 987 2122 sobria,
1000 2031 1104 2122 quasi
1119 2031 1205 2105 velit
1221 2031 1342 2106 dicere
1358 2039 1484 2106 autor:

314 2166 387 2221 non
399 2145 530 2221 credas
542 2147 726 2221 somnium
737 2135 774 2239 (⁴)
791 2167 919 2221 meum
933 2148 1183 2243 ridiculosum,
1196 2156 1386 2244 tamquam
1399 2171 1487 2245 pro-

312 2265 662 2361 cesseritacrapula
675 2271 713 2339 et
725 2265 914 2358 ebrietate,
928 2265 1004 2341 imo
1015 2267 1486 2362 processitaspeculatioue

313 2385 445 2461 sobrie
462 2385 606 2479 mentis,
619 2384 706 2478 quia
719 2384 788 2458 luit
804 2385 841 2457 in
858 2385 1030 2479 diluculo,
1047 2386 1173 2460 sivein
1191 2388 1366 2482 principio
1382 2388 1483 2463 lucis.

313 2507 357 2580 Et
372 2506 494 2580 subdit
519 2504 732 2598 qualitatem
750 2505 829 2579 sive
847 2504 1117 2600 dispositionem
1138 2508 1325 2602 temporis,
1343 2513 1380 2581 et
1398 2508 1484 2582 dicit

314 2625 413 2720 quod
424 2624 617 2720 incipiebat
630 2643 709 2718 rer,
721 2630 760 2698 et
770 2624 916 2699 videtur
929 2625 980 2699 sic
992 2646 1171 2721 arguere:
1187 2627 1224 2701 iu
1235 2627 1306 2701 boc
1318 2634 1485 2722 ternpore

313 2745 412 2819 lleus
428 2744 497 2817 luit
512 2744 673 2817 multum
690 2743 867 2838 propitius
885 2745 1023 2818 mundo
1040 2751 1078 2819 et
1093 2752 1286 2841 creaturae,
1299 2747 1386 2840 quia
1398 2766 1485 2841 pro-

312 2854 537 2954 duxiteost⁵l
550 2862 588 2935 iu
600 2868 739 2955 aetum,
750 2869 788 2936 et
800 2862 884 2937 lecit
895 2864 1045 2958 coelum,
1055 2870 1246 2958 tamquam
1259 2865 1484 2940 instrumen-

313 2991 395 3060 tum
417 2982 596 3075 naturale,
619 2988 656 3055 et
673 3001 856 3076 organum
879 3003 1004 3076 suurn,
1030 3004 1105 3076 quo
1132 2984 1286 3079 disponit
1301 2975 1337 3076 (⁶)
1359 2984 1482 3058 omnia

312 3103 381 3178 ista
397 3101 586 3176 interiora:
603 3120 692 3174 eum
712 3120 802 3196 ergo
820 3102 956 3175 eoelum
973 3091 1009 3193 (⁷)
1032 3124 1131 3177 nunc
1150 3104 1195 3176 sit
1216 3104 1252 3178 in
1269 3125 1314 3179 ea
1333 3103 1484 3198 disposi-

314 3221 424 3314 tione,
449 3219 488 3293 iu
511 3239 585 3313 qua
609 3219 678 3292 luit
696 3209 732 3311 (Β)
760 3226 927 3315 ternpore
952 3220 1145 3295 creationis
1174 3222 1314 3315 mundi,
1340 3221 1484 3296 videtur

312 3340 413 3435 quod
437 3340 535 3414 lleus
553 3338 747 3413 clementia
768 3359 835 3412 sua
857 3359 956 3414 nunc
980 3339 1241 3414 illuminaverit
1252 3333 1288 3432 (⁹)
1317 3349 1479 3415 mentem

312 3458 461 3534 autoris
487 3458 621 3532 Dicunt
644 3457 743 3532 euim
764 3458 937 3554 astrologi
963 3465 1000 3533 et
1022 3459 1181 3555 theologi
1201 3460 1300 3553 quod
1317 3461 1416 3534 Deus
1435 3459 1482 3534 ab

310 3579 412 3654 initio
422 3578 547 3653 wculi
559 3577 680 3672 posuit
691 3578 807 3651 solem
820 3576 859 3651 iu
870 3577 998 3672 ariete,
1012 3578 1049 3651 in
1067 3599 1142 3672 quo
1162 3578 1266 3675 signo
1282 3580 1367 3654 lacit
1379 3580 1498 3655 nobis

310 3718 398 3774 rer:
426 3697 574 3793 quaudo
597 3702 724 3771 autem
750 3696 803 3770 sol
821 3696 932 3770 intrat
951 3697 1118 3790 arietem,
1140 3703 1227 3772 tunc
1246 3699 1389 3795 attingit
1408 3700 1482 3774 eir·

310 3819 436 3894 culum
461 3815 767 3911 aeqrunoctialem
792 3821 829 3888 et
854 3814 938 3889 lacit
963 3815 1066 3889 nobis
1084 3817 1322 3912 temperiem3
1339 3823 1377 3891 et
1393 3819 1480 3911 quia

308 3937 432 4033 incipit
454 3934 631 4032 paulatim
655 3933 866 4028 ascendere,
883 3940 972 4008 tunc
992 3935 1137 4009 videtur
1156 3935 1296 4010 bonurn
1321 3936 1481 4032 incipere

308 4057 457 4154 aliquod
481 4076 586 4151 opus,
605 4052 693 4148 quia
717 4052 890 4127 continuo
915 4053 1023 4128 debet
1047 4073 1226 4147 crescere,
1251 4061 1289 4129 et
1313 4055 1359 4129 de
1383 4056 1480 4131 bono

309 4178 348 4253 iu
367 4177 501 4252 melius
518 4172 727 4270 prosperari
741 4162 807 4263 (¹⁰).
826 4172 910 4247 ldeo
927 4173 1023 4248 bene
1041 4174 1144 4248 dicit:
1162 4196 1181 4246 e
1200 4177 1297 4248 ttsol
1313 4184 1480 4250 montoso

371 4457 397 4517 (⁸)
412 4456 443 4506 a,
458 4454 562 4505 luxuria
577 4454 604 4503 tu
619 4450 799 4507 adolescentia⁹
816 4450 935 4513 snperbia
951 4451 978 4499 ln
991 4450 1135 4514 juventute,
1145 4455 1172 4501 et
1184 4450 1290 4502 avaritia
1299 4450 1326 4500 in
1337 4456 1478 4502 senectute.

369 4531 396 4591 Ρ)
412 4531 443 4582 R.
457 4536 486 4581 et
500 4529 611 4581 onmdlt
625 4527 758 4592 quomodo
772 4539 806 4577 ex
821 4527 888 4578 bona
904 4526 999 4577 vicione
1015 4531 1043 4576 et
1057 4526 1230 4590 dispositione.

369 4607 395 4666 (⁸)
412 4611 466 4667 me,
482 4605 654 4657 emanante.
965 4601 991 4661 (¹)
1007 4602 1038 4652 ll.
1054 4616 1174 4654 murnum
1191 4614 1288 4653 meum.

368 4682 395 4742 ι’)
411 4682 442 4732 Ε.
457 4694 502 4734 eoa
517 4684 544 4734 ln
560 4686 640 4742 uetur,
657 4684 684 4731 et
700 4679 761 4731 lecit
777 4691 840 4728 eum
856 4683 986 4742 uuquam.

370 4759 396 4819 (¹)
412 4759 442 4809 Ε.
458 4758 591 4822 disposuit.
965 4755 991 4814 (¹)
1008 4755 1039 4805 lt
1056 4755 1152 4807 caelum
1168 4768 1222 4806 non
1238 4754 1278 4804 ait.

371 4834 396 4895 (⁴)
412 4835 443 4885 a„
459 4834 510 4885 luit
525 4834 607 4899 gratia
623 4832 748 4885 mentoris
763 4831 861 4882 muudi.
967 4831 993 4891 ε’)
1010 4832 1041 4882 Ε.
1056 4832 1195 4883 illuminet.

359 4910 397 4972 (¹⁸)
412 4911 443 4962 l3·
459 4922 621 4976 WN·
