4154 6546
586 802 608 867 l
1042 815 1293 871 rurnouucrro.

582 981 605 1033 a
629 961 817 1036 Gallorum
833 955 869 1053 (¹)
896 961 1011 1038 avidis
1036 961 1201 1036 lancibus
1222 961 1399 1055 liberarit,
1418 982 1550 1059 magna
1567 964 1751 1060 sauguinis

582 1081 732 1156 madens
755 1081 905 1175 ultione,
930 1087 967 1156 et
991 1080 1180 1156 Nicolaum
1206 1080 1371 1176 tratrem,
1396 1082 1503 1177 cujus
1523 1088 1563 1156 tu
1589 1081 1661 1158 lers
1686 1104 1752 1156 no-

582 1221 679 1296 men,
713 1202 877 1275 virorum
915 1200 1045 1294 utique
1082 1200 1385 1295 amantissimum,
1419 1220 1465 1276 ex
1500 1221 1631 1276 eorum
1666 1202 1752 1275 bar-

581 1313 721 1413 barad)
747 1321 954 1416 captivitate
978 1320 1143 1395 detraxit.
1172 1318 1304 1394 Genuit
1329 1326 1366 1395 et
1390 1319 1586 1395 obizonem
1608 1328 1749 1415 patrem

582 1446 702 1533 tuum,
732 1446 993 1534 praepotentem
1024 1446 1062 1513 et
1091 1437 1326 1535 magnificum
1352 1439 1546 1515 bominum
1581 1439 1749 1531 Feraria,

582 1561 738 1653 Mutine,
763 1559 916 1633 Parmae.

653 1678 827 1768 Quamvis
851 1685 975 1752 autem
1002 1677 1148 1752 illustris
1165 1686 1315 1752 tuorum
1337 1700 1558 1774 proavorum
1585 1680 1749 1774 prosapia

580 1800 708 1895 insigni
725 1798 875 1893 antiqua
890 1797 1135 1894 generositate
1152 1796 1331 1894 refulgeat
1344 1789 1394 1892 (³),
1407 1798 1453 1873 de
1471 1800 1576 1894 cujus
1589 1806 1751 1874 vetusta·

579 1920 624 1992 tis
640 1907 676 2009 (⁴)
703 1915 994 2012 primordialibus
1020 1915 1126 1989 initiis
1151 1917 1330 1991 memoria
1356 1936 1428 1990 non
1457 1924 1569 2009 extat,
1597 1918 1751 1991 clarissi-

580 2059 727 2112 morum
742 2044 865 2111 tamen
878 2055 1009 2131 regum
1022 2035 1235 2110 affinitatem
1244 2027 1279 2127 (⁵)
1289 2037 1510 2111 cumulatius
1523 2038 1747 2111 honestatur:

577 2158 738 2250 Roberti,
761 2156 906 2248 scilicet,
930 2155 1160 2249 serenissimi,
1195 2163 1341 2250 patrum
1367 2139 1575 2231 nostrorum
1607 2165 1749 2252 tempo-

578 2278 679 2352 ribus
695 2275 822 2352 Sicilie
839 2275 948 2371 regis,
965 2294 1077 2368 quern
1095 2281 1175 2369 post
1191 2273 1422 2350 salamonem
1445 2276 1747 2372 sapientissimum

577 2398 748 2494 praedicat
782 2402 949 2471 constans
973 2395 1094 2490 opinio
1119 2395 1386 2489 plurimorum:
1414 2401 1451 2471 et
1474 2396 1628 2471 Andreae
1653 2398 1749 2491 regis

576 2517 785 2613 Hungariae,
811 2516 916 2609 cujus
940 2534 1037 2588 uxor
1063 2515 1220 2606 Beatrix,
1245 2514 1351 2608 primi
1376 2513 1630 2589 Aldrovandini
1664 2514 1747 2607 lilia,

578 2657 666 2711 vere
690 2637 809 2727 beata,
833 2635 862 2707 si
887 2635 1003 2707 virtus
1028 2633 1173 2708 heroica
1208 2634 1357 2707 beatum
1384 2623 1422 2725 (6)
1447 2634 1594 2708 efficere
1619 2640 1746 2728 potest,

579 2757 711 2830 mulier
736 2755 912 2847 animosa,
939 2774 962 2827 a
992 2760 1143 2848 paterna
1175 2760 1213 2827 et
1237 2753 1333 2826 avita
1365 2752 1548 2827 nobilitate
1582 2773 1653 2826 non
1684 2755 1748 2828 de-

577 2895 703 2972 gener,
736 2875 815 2948 riro
840 2894 908 2947 suo
933 2892 1022 2969 rege
1046 2892 1133 2948 sene
1162 2871 1236 2945 lato
1260 2870 1396 2965 iuncto,
1421 2891 1466 2946 ex
1492 2872 1585 2946 illius
1609 2874 1748 2948 semine

577 3015 645 3069 suo
665 2996 742 3090 jam
769 2999 875 3067 utero
895 2998 1132 3084 tumescente,
1149 2991 1289 3065 virilem
1315 2990 1478 3065 habitum
1506 2999 1686 3085 mutuata,
1707 3000 1746 3065 ut

578 3114 749 3209 temporis
788 3111 978 3189 necessitas
1009 3109 1196 3203 suadebat,
1222 3110 1383 3184 custodia
1413 3111 1565 3207 privigni
1595 3111 1748 3186 solerter

576 3234 689 3326 elusa,
717 3232 754 3305 in
785 3230 1017 3305 Germaniam
1050 3229 1323 3324 commigravit,
1349 3230 1446 3305 unde
1476 3231 1522 3304 ad
1553 3231 1688 3326 patrios
1707 3222 1743 3322 (7)

574 3358 668 3429 lares
697 3360 734 3428 et
758 3352 871 3425 tutior
896 3358 933 3425 et
957 3351 1104 3424 liberior
1130 3357 1314 3424 remearet
1337 3341 1385 3441 (⁸).

646 3476 831 3548 Praetereo
857 3471 1029 3564 rescripta
1054 3470 1275 3564 Principum,
1300 3469 1486 3565 privilegia
1518 3471 1744 3562 Pontificum,

574 3595 707 3689 quibus
731 3599 796 3667 tuo
821 3591 946 3688 generi
972 3589 1053 3684 plus
1077 3589 1221 3663 eximiae
1245 3589 1415 3663 claritatis
1435 3591 1603 3664 accrevit.
1631 3592 1674 3664 Et
1700 3612 1745 3665 ne

575 3715 679 3810 plura
705 3721 855 3787 tuorum
881 3710 1191 3805 praedecessorum
1218 3716 1319 3804 gesta
1338 3711 1576 3785 memoranda
1593 3730 1744 3806 percur-

576 3857 669 3928 ram,
703 3832 871 3928 quamvis
899 3830 1090 3905 clementia
1129 3836 1166 3904 et
1203 3829 1409 3921 liberalitas,
1447 3830 1593 3924 propria
1627 3831 1742 3905 virtus

575 3954 779 4047 Principum
805 3943 856 4045 (⁹),
882 3949 1108 4023 hereditaria
1146 3949 1223 4042 ipso
1249 3949 1336 4042 jure
1367 3954 1508 4022 natnrae
1541 3948 1577 4023 in
1607 3951 1741 4025 Estensi

574 4072 708 4146 familia
720 4090 865 4164 semper
882 4067 1038 4145 eluxerit
1052 4060 1118 4161 (¹⁰),
1132 4067 1169 4140 in
1181 4068 1231 4142 Te
1249 4074 1370 4141 tamen
1389 4074 1547 4162 utraque
1566 4076 1641 4144 tota
1658 4091 1744 4145 con·

574 4191 676 4264 duxit
701 4168 922 4264 inconvulse
935 4196 1000 4262 tuo
1026 4188 1162 4283 pectori
1189 4188 1366 4279 radicata;
1392 4194 1433 4262 ut
1456 4190 1641 4265 omiserim
1672 4212 1743 4265 cac-

572 4321 682 4403 teras,
707 4311 929 4405 nequitatem,
960 4309 1203 4404 prudentiam,
1235 4311 1461 4405 modestiam,
1492 4312 1741 4402 constantiam,

634 4550 659 4607 (“)
678 4549 804 4598 bluratori
820 4554 918 4612 stampe
929 4548 1163 4607 —sntalanorurm
1180 4563 1222 4598 mn
1237 4550 1279 4598 nol
1296 4548 1388 4598 Codice
1404 4550 1608 4599 d-Gallorurn.

633 4624 659 4684 (’)
677 4624 706 4672 Ε.
723 4624 901 4672 barbarorum.
1263 4624 1290 4683 ζ’)
1308 4624 1337 4673 li.
1353 4624 1512 4688 proelulgcul.

633 4699 660 4758 (ἢ
675 4698 700 4746 S.
718 4702 852 4747 vetustate.
931 4708 934 4713 '
1262 4699 1291 4758 (·’)
1307 4697 1332 4748 S.
1349 4712 1364 4748 c
1382 4705 1436 4761 llo,
1453 4698 1582 4751 alllnitatc.

633 4774 660 4836 (⁶)
677 4774 707 4822 li.
725 4774 834 4823 beatam.
1263 4774 1289 4835 (²)
1307 4774 1336 4823 t.
1354 4777 1459 4838 primos.

632 4848 662 4911 (¹)
679 4850 748 4901 llur.
768 4855 866 4912 stampe
877 4851 1079 4905 -comrncarit,
1096 4863 1137 4899 rna
1154 4850 1173 4899 il
1189 4850 1249 4901 Col.
1267 4851 1297 4900 E.
1314 4853 1561 4904 ira-commcarct.

634 4926 663 4987 (⁸)
680 4925 714 4984 S..
726 4930 771 4975 llo
784 4938 799 4974 e
811 4925 840 4974 F.
851 4927 923 4990 qnasi
940 4926 1107 4976 haereditaria.
1251 4926 1289 4988 (²0)
1304 4927 1375 4978 blut.
1390 4932 1488 4991 olampa
1498 4926 1669 4977 -ellulsorit
