4154 6546
885 777 1025 833 caurus
1048 778 1193 832 sunaus.
1547 755 1616 835 233

450 923 497 998 ad
523 920 738 1015 capiendum
764 920 960 994 Dominum
987 921 1168 994 Gorsium.
1194 921 1264 994 Sed
1289 921 1465 995 Dominus
1489 922 1619 995 Verius

449 1043 561 1117 dixit:
586 1031 807 1135 permitte(¹)
824 1048 966 1114 tantum
987 1040 1105 1134 ipsum
1127 1039 1263 1114 venire.
1284 1039 1493 1115 confidebat
1520 1043 1617 1117 enim

450 1162 487 1234 in
511 1160 643 1235 lavore
662 1167 701 1235 et
725 1160 851 1233 lurore
875 1158 1009 1253 populi.
1031 1159 1190 1253 Populus
1206 1166 1331 1232 autem
1347 1150 1384 1250 (¹)
1404 1160 1482 1235 sine
1501 1162 1618 1256 capite

450 1286 531 1353 erat
556 1284 654 1353 totus
680 1277 840 1352 territus.
866 1278 910 1350 Et
935 1276 1115 1351 breviter:
1143 1277 1292 1352 Cursius
1308 1277 1386 1350 sine
1403 1279 1617 1372 resistentia,

451 1398 692 1474 clamantibus
716 1397 815 1471 suis:
841 1396 947 1470 Vivat
978 1396 1154 1469 Dominus
1183 1396 1345 1490 Cursius,
1374 1397 1438 1470 ivit
1468 1397 1512 1470 ad
1533 1418 1617 1471 car-

453 1537 569 1611 ceres,
594 1517 760 1592 liberavit
779 1507 815 1607 (³)
841 1516 1011 1609 captivos.
1037 1517 1118 1603 Quo
1145 1504 1182 1606 (⁸)
1214 1516 1374 1589 tumultu
1404 1517 1548 1591 Priores
1574 1519 1617 1591 ti-

452 1643 592 1712 mentes
625 1635 798 1732 sugerunt
829 1634 875 1708 de
907 1634 1065 1726 Palatio;
1100 1639 1137 1708 et
1167 1635 1218 1708 sic
1248 1634 1452 1709 discursum
1485 1637 1616 1710 estad

451 1755 614 1850 praedam
638 1755 685 1829 ad
709 1756 837 1829 domos
862 1753 1051 1847 alborum,
1076 1760 1113 1827 et
1137 1753 1284 1827 duravit
1300 1755 1463 1847 quinque
1487 1755 1616 1829 diebus

451 1854 537 1949 cum
564 1894 696 1969 magna
722 1874 838 1947 ruina.
865 1872 1001 1946 Deinde
1027 1872 1104 1945 haec
1129 1872 1237 1965 pestis
1256 1873 1418 1945 transivit
1437 1873 1474 1946 in
1495 1873 1616 1947 Comi-

453 1999 568 2068 tatum
595 2013 681 2066 cum
706 1992 848 2087 magnis
866 1990 1037 2065 incendiis
1054 1997 1091 2063 et
1106 1991 1408 2084 populationibus.
1427 1992 1488 2064 llis
1505 1993 1616 2066 rebus

451 2112 572 2209 gestis,
596 2111 752 2185 Karoius
781 2109 995 2185 reformavit
1027 2108 1210 2182 civitatem
1239 2130 1306 2202 pro
1338 2130 1405 2183 suo
1436 2110 1538 2184 velle.
1572 2110 1616 2182 Et

450 2230 640 2305 cardinalis
658 2221 695 2320 (⁵)
721 2230 886 2302 Mothous
917 2228 964 2301 de
992 2227 1220 2320 lquasparu
1251 2228 1350 2301 venit
1381 2228 1613 2321 Florentiam,

451 2349 513 2443 qui
536 2348 608 2422 alia
633 2349 713 2422 vice
739 2348 858 2421 luerat
881 2347 942 2439 ihi,
960 2352 997 2420 et
1017 2365 1090 2418 non
1106 2352 1276 2439 potuerat
1292 2366 1513 2441 componere
1530 2369 1614 2441 par-
1702 2393 1705 2398 -

449 2476 513 2543 tes.
539 2469 583 2541 Et
608 2467 691 2541 lecit
716 2466 793 2540 lieri
828 2467 962 2538 multas
994 2485 1101 2558 paces
1133 2473 1170 2539 et
1200 2464 1404 2558 affinitates,
1435 2474 1472 2540 et
1501 2468 1616 2540 voluit

449 2586 618 2661 ordinare
642 2584 761 2658 officia
786 2583 1010 2675 comuniter,
1037 2584 1099 2657 sed
1129 2584 1240 2680 Nigri,
1266 2585 1330 2677 qui
1359 2591 1464 2658 erant
1492 2585 1614 2677 sortes,

449 2728 521 2781 non
546 2704 803 2800 permiserunt.
830 2702 932 2776 Unde
956 2703 1032 2796 ipse
1056 2703 1225 2777 turbatus
1251 2705 1411 2798 recessit,
1428 2711 1466 2779 et
1481 2704 1614 2777 dimisit

449 2826 631 2899 civitatem
656 2820 894 2895 interdictam.
922 2822 997 2895 Pax
1022 2842 1152 2915 parum
1175 2823 1343 2917 ,duravit3
1374 2845 1459 2898 nam
1489 2823 1613 2898 Simon

450 2944 544 3018 lilius
568 2940 711 3016 Domini
736 2939 852 3014 Cursii
876 2939 1055 3015 interiecit
1071 2943 1268 3034 quemdam
1286 2945 1480 3018 Dominum
1507 2946 1613 3018 Nico-

450 3066 551 3138 laum
564 3062 611 3135 de
629 3058 791 3152 circulis,
808 3066 847 3133 et
863 3059 1077 3134 vulneratus
1093 3062 1140 3135 ab
1160 3082 1206 3135 eo
1222 3063 1392 3155 decessit,
1410 3064 1472 3155 qui
1490 3064 1613 3136 Simon

449 3189 529 3256 erat
553 3179 695 3254 iuvenis
719 3179 995 3252 valentissimus.
1027 3180 1187 3254 Tandem
1213 3181 1323 3274 aliqui
1351 3182 1419 3254 viri
1440 3183 1610 3275 praecipui

447 3301 494 3374 de
527 3307 630 3394 parte
658 3297 748 3372 Alba
777 3297 888 3391 citati,
919 3299 1086 3372 timentes
1115 3320 1341 3394 comparere,
1372 3306 1612 3393 recesserunt,

447 3419 506 3493 alii
530 3417 708 3510 arelium,
733 3416 793 3491 alii
818 3416 929 3508 Pisas,
960 3417 1019 3490 alii
1053 3417 1260 3510 Pistorium,
1289 3419 1352 3512 qui
1382 3418 1612 3492 adhaeserunt

446 3535 642 3611 Ghihelinis
658 3535 828 3610 exulibus
844 3534 890 3609 de
910 3535 1101 3628 Florentia,
1121 3536 1168 3609 de
1187 3557 1347 3629 quorum
1370 3557 1527 3611 numero
1544 3537 1609 3610 luit

445 3655 598 3747 Dantes3
624 3661 661 3728 et
686 3673 818 3727 eorum
844 3653 939 3726 bona
964 3653 1158 3728 confiscata
1179 3662 1265 3728 sunt
1281 3676 1346 3750 per
1363 3657 1547 3729 Karolum.
1567 3657 1609 3728 Et

446 3774 495 3847 sic
520 3773 612 3866 vide
628 3771 825 3865 ‚quomodo
850 3771 918 3844 luit
941 3770 1127 3846 destructa
1151 3794 1235 3867 pars
1260 3775 1416 3868 superba
1433 3775 1609 3848 alborum

445 3910 511 3986 per
535 3890 711 3964 Karolum
737 3889 816 3963 sine
840 3889 952 3964 Terra
973 3890 1010 3963 in
1031 3891 1188 3966 ucccu.
1206 3892 1361 3966 Karolus
1378 3892 1506 3967 deinde
1523 3914 1609 3967 cum

446 4009 605 4083 Roberto
632 4007 705 4082 lilio
728 4008 851 4081 llaroli
871 4009 901 4080 ll
925 4007 988 4081 ivit
1014 4009 1051 4081 in
1067 4009 1224 4084 Siciliam
1240 4031 1327 4084 cum
1345 4030 1479 4107 magna
1496 4013 1611 4086 classe

449 4136 487 4202 et
499 4148 696 4203 numeroso
716 4128 893 4202 exercitu.
915 4128 985 4201 Sed
1004 4119 1041 4219 (⁶)
1058 4129 1142 4204 inde
1159 4130 1230 4203 cito
1247 4130 1395 4204 recessit
1411 4152 1496 4205 cum
1516 4133 1611 4225 turpi

446 4266 549 4341 pace,
573 4254 610 4323 et
635 4247 764 4322 redivit
788 4248 824 4319 in
850 4247 1053 4340 Franciam,
1078 4249 1218 4342 perdita
1243 4270 1377 4346 magna
1397 4259 1501 4345 parte
1523 4272 1610 4323 suo-

446 4389 530 4441 rum
558 4367 723 4459 militum,
749 4367 842 4439 sicut
858 4366 999 4440 dicetur
1016 4368 1221 4463 Purgatorii
1238 4369 1394 4464 capitulo
1412 4372 1488 4443 XX.
1507 4372 1639 4463 Nunc,

445 4485 527 4560 vide
552 4485 694 4560 literam
720 4505 803 4578 quae
828 4485 874 4559 de
900 4506 939 4560 se
964 4486 1119 4559 obscura
1150 4488 1236 4560 satis
1268 4488 1417 4563 faciliter
1443 4508 1489 4562 ex
1514 4489 1608 4563 dicta

504 4713 531 4774 ζ’)
547 4719 601 4774 lid,
618 4676 767 4778 permittite.
1020 4713 1047 4776 (¹)
1064 4719 1117 4773 111,
1134 4716 1213 4765 enim.

504 4789 530 4848 ι’)
545 4789 577 4838 ll.
593 4789 769 4854 liberavitque.
1021 4791 1047 4851 (⁸)
1064 4795 1118 4850 llo,
1134 4791 1209 4853 Quod
1227 4793 1368 4842 tumultum
1384 4792 1496 4844 Priores.

504 4864 532 4924 l')
546 4864 574 4916 S·
589 4865 711 4916 cardlnd.
1020 4864 1046 4926 (⁴)
1063 4866 1088 4917 S.
1104 4865 1154 4918 Sed
1171 4869 1222 4919 cito
1239 4869 1354 4919 recessit.
