4154 6546
451 795 520 867 180
838 810 1041 866 coueururr
1065 809 1216 864 murum

448 963 575 1049 poelae,
601 952 665 1047 qui
690 953 832 1049 scripsit
857 953 1049 1050 tragedias.
1072 952 1212 1026 Seneca
1232 961 1359 1027 autem
1379 944 1415 1044 (¹)
1434 955 1617 1051 tragedia·

447 1093 532 1147 rum
557 1083 679 1166 autor,
704 1072 772 1149 tuit
795 1074 889 1148 alius
913 1073 960 1148 de
984 1073 1095 1167 stirpe
1112 1071 1204 1165 eius,
1220 1071 1315 1148 sicut
1334 1083 1452 1167 potest
1466 1075 1614 1169 probari

447 1192 588 1268 ratione
612 1202 650 1268 et
673 1192 880 1270 autoritate
906 1192 1070 1286 Ratione
1096 1191 1184 1285 quia
1204 1191 1344 1265 Seneca
1360 1191 1398 1265 in
1422 1212 1467 1268 ea
1491 1202 1615 1291 trage-

445 1312 516 1406 dia,
542 1331 627 1406 quae
652 1311 857 1389 intitulatur
880 1311 1040 1405 Octavia
1071 1310 1234 1406 predicit
1263 1321 1419 1388 mortem
1450 1314 1614 1407 Neronis,

447 1431 546 1524 quud
570 1431 692 1506 lacere
716 1451 789 1505 non
814 1431 931 1526 potuit
948 1422 985 1523 (¹)
1012 1430 1079 1504 nisi
1105 1430 1231 1506 luisset
1255 1432 1444 1525 propheta.
1469 1432 1617 1509 tutori·

448 1561 533 1645 tate,
559 1551 647 1644 quia
669 1550 837 1626 Sidonius
860 1551 899 1625 in
923 1551 1084 1646 quodam
1103 1570 1171 1625 suo
1187 1550 1281 1625 libro
1305 1552 1459 1627 metrico
1477 1543 1514 1644 (³)
1532 1553 1618 1629 dicit

447 1690 620 1765 expresse
632 1669 730 1764 quod
743 1669 817 1744 duo
833 1669 984 1747 fuerunt
999 1672 1160 1765 Senecae,
1177 1690 1339 1764 quorum
1356 1673 1450 1748 altor
1467 1693 1616 1748 morum

447 1810 589 1882 censor,
614 1790 708 1867 alter
734 1791 983 1887 tragediarum
1000 1801 1119 1867 autor.
1138 1791 1234 1864 tllias
1251 1791 1386 1866 multas
1402 1794 1617 1871 autoritates

448 1922 484 1987 et
510 1910 668 1987 rationes
691 1910 737 1984 ad
762 1929 921 2004 praesens
940 1910 1080 2002 omitto,
1098 1910 1295 2004 dequibus
1318 1911 1403 1984 alibi
1428 1913 1618 1988 dicam.-

448 2033 597 2105 Euclidc.
623 2030 689 2106 llic
709 2030 873 2107 nominat
887 2031 978 2105 alios
992 2030 1086 2105 duos
1102 2029 1223 2123 simul,
1241 2050 1403 2124 quorum
1421 2053 1530 2125 unus,
1547 2035 1617 2108 sci-

449 2150 532 2227 licet
561 2149 740 2243 Euclides,
775 2148 843 2226 tuit
876 2149 1043 2225 inventor
1076 2149 1311 2245 geometria:
1343 2149 1447 2242 alter,
1482 2151 1634 2227 scilicet·

448 2273 706 2364 Ptholomaeus,
745 2270 813 2346 tuit
849 2271 1018 2345 inventor
1046 2269 1262 2365 astrologiae.
1298 2269 1465 2344 Euclides
1504 2271 1616 2367 igitur

448 2392 581 2468 claruit
603 2390 763 2484 Athenis,
789 2400 956 2484 tempore
981 2387 1149 2481 Platonis,
1175 2386 1320 2481 dequo
1345 2388 1430 2464 dicit
1451 2388 1617 2464 Valerius

448 2511 546 2604 quod
572 2509 744 2603 lapicida,
771 2507 983 2584 fabricatori
1008 2527 1113 2582 aram
1139 2507 1320 2600 llinervae,
1350 2510 1617 2584 consuluerunt

446 2630 647 2720 Platonem,
673 2626 736 2702 sed
762 2627 863 2703 Plato
889 2626 1029 2702 remisit
1053 2646 1117 2700 eos
1141 2626 1188 2702 ad
1212 2625 1397 2701 Euclidem
1425 2637 1616 2721 tamquam

447 2749 494 2822 ad
518 2768 696 2843 magnum
723 2747 941 2841 magistrum
966 2764 1044 2819 suae
1067 2746 1156 2822 artis
1173 2734 1223 2837 (ἢ.
1249 2752 1283 2821 Ε
1313 2751 1483 2822 Tolomeo.
1510 2749 1617 2824 Tolo-

449 2886 554 2942 meus
579 2866 672 2941 sicut
695 2865 781 2941 dicit
805 2866 1001 2941 translator
1024 2864 1223 2960 Almagesti
1239 2865 1277 2938 in
1292 2866 1460 2963 Prologo,
1478 2868 1545 2945 tuit
1561 2868 1617 2943 vir

447 2987 484 3060 iu
496 2985 645 3061 scientia
657 2985 794 3061 artium
808 2983 913 3058 valde
924 2994 1062 3079 potens,
1076 2986 1312 3061 excellentior
1323 2986 1412 3081 aliis,
1426 2988 1617 3063 induabus

447 3105 587 3183 artibus
616 3103 766 3196 subtilis,
791 3103 928 3180 scilicet
942 3103 1152 3180 Geometria
1177 3116 1215 3182 et
1239 3108 1453 3204 Astrologia‚
1479 3120 1517 3186 et
1536 3108 1618 3184 tecit

447 3225 560 3300 libros
580 3225 714 3300 multos
729 3216 787 3317 θ’).Δ
797 3224 880 3300 Fuit
894 3234 1021 3301 autern
1040 3235 1147 3300 natus
1160 3236 1198 3301 et
1214 3226 1391 3303 educatus
1407 3228 1445 3301 in
1460 3229 1617 3304 Alexan-

447 3345 525 3420 dria
552 3354 650 3421 terra
675 3344 803 3441 Egipti,
826 3355 863 3420 et
880 3345 928 3419 ibi
945 3345 1187 3421 consideravit
1203 3367 1334 3420 cursus
1350 3347 1512 3423 sidemm
1529 3370 1616 3424 cum

447 3466 709 3559 instrumentis,
737 3475 902 3560 tempore
926 3464 1075 3538 Adriani
1101 3466 1210 3561 regis,
1228 3476 1266 3541 et
1283 3465 1366 3542 tecit
1391 3489 1501 3542 suum
1527 3489 1618 3565 opus

447 3588 484 3660 in
510 3587 648 3680 Rhodo,
673 3595 711 3661 et
736 3605 808 3659 non
834 3584 902 3660 tuit
926 3583 1123 3658 Tolomeus
1148 3584 1216 3661 iste
1233 3606 1330 3659 unus
1354 3607 1487 3683 regum
1513 3590 1619 3664 Tolo-

448 3728 620 3783 meorum
640 3695 690 3798 (⁰),
707 3689 806 3779 sicut
825 3703 938 3796 aliqui
962 3703 1151 3796 extimant,
1183 3703 1247 3778 sed
1276 3724 1412 3779 nomen
1441 3706 1520 3780 eius
1550 3708 1618 3783 tuit

448 3829 653 3902 Tolomeus.
688 3825 884 3899 Tolomeus
916 3822 984 3898 tuit
1015 3821 1051 3895 in
1085 3833 1225 3899 statura
1259 3823 1462 3922 mediocris,
1493 3828 1616 3901 colore

447 3949 565 4040 albus,
590 3947 627 4019 in
656 3945 818 4019 incessus
845 3932 881 4034 (ἢ
918 3943 1053 4039 largus,
1088 3942 1228 4018 liabens
1256 3944 1364 4039 pedes
1393 3946 1553 4040 subtiles,
1580 3948 1615 4021 in

449 4068 596 4142 maxilla
620 4067 750 4142 dextra
774 4065 912 4139 habens
937 4063 1082 4159 siguum
1111 4064 1282 4157 rubeum,
1308 4065 1422 4139 barba
1440 4067 1521 4161 ejus
1537 4079 1617 4144 erat

448 4187 560 4280 spissa
585 4195 622 4261 et
646 4185 761 4280 nigra,
786 4183 914 4259 dentes
938 4182 1142 4259 anteriores
1167 4183 1324 4260 habebat
1348 4183 1570 4280 discopertus
1594 4208 1616 4260 a

511 4474 536 4533 (¹)
552 4472 592 4532 B,
610 4476 655 4523 ttt
670 4485 685 4521 e
700 4472 726 4522 S.
742 4472 839 4524 Seneca
853 4473 931 4523 euim.
1124 4471 1152 4533 (¹)
1169 4475 1222 4532 tto.
1239 4487 1292 4524 nou
1309 4473 1441 4536 potum

472 4551 476 4559 ‘
510 4547 536 4608 (⁸)
553 4551 607 4606 tte,
623 4547 743 4598 Sldonius
760 4548 785 4598 tn
801 4548 881 4599 Libro
897 4547 1081 4612 Epistularum.
1121 4586 1124 4591 .

467 4656 469 4660 ι
511 4625 537 4686 (¹)
555 4625 578 4674 ll
593 4630 667 4675 tarto.-
683 4626 729 4688 qul
744 4626 836 4689 (Plato)
852 4625 1024 4677 conductore·
1040 4638 1120 4676 sacrm
1136 4626 1203 4676 arcis
1219 4625 1252 4676 de
1267 4625 1347 4677 modo
1362 4629 1390 4677 et
1404 4624 1491 4675 torma
1506 4624 1562 4674 dut
1575 4635 1618 4674 tu-

447 4715 508 4753 cum
522 4713 670 4752 mmoucm
685 4701 806 4752 contem
822 4707 935 4761 muetos
946 4702 978 4752 ud
991 4701 1129 4752 Euclidem
1139 4707 1300 4766 geometram
1312 4702 1433 4767 trciuutt
1441 4700 1619 4751 sclemlnclm

447 4777 548 4833 codem,
565 4776 619 4824 imo
635 4775 795 4838 proterslnnl.
811 4778 866 4827 ΠΙ),
882 4777 953 4835 vlu,
970 4790 1027 4840 cap.
1044 4777 1103 4828 xtt.

509 4851 536 4912 (⁸)
552 4850 578 4901 S.
594 4851 675 4901 libros
690 4850 788 4902 multoc
803 4855 830 4902 ln
846 4852 1007 4916 Astmlogln.
1116 4854 1146 4915 θ)
1163 4854 1194 4906 Ε.
1212 4856 1400 4907 Tolomeorum
1416 4852 1528 4917 AEgp'ptl,
1544 4853 1618 4904 deut.

510 4927 537 4990 (ἵ)
555 4930 600 4977 tto
614 4939 631 4977 c
646 4926 672 4978 S.
688 4927 715 4977 ln
731 4927 841 4978 incessu.
1599 4956 1602 4961 ,
