4154 6546
780 817 919 874 caurus
945 819 1101 874 uramus
1125 819 1286 874 ruamus.
1548 807 1617 875 437

448 964 552 1039 ideo:
571 987 590 1037 e
606 967 664 1037 voi
686 985 758 1037 non
781 967 888 1055 prom
908 967 1071 1056 perct’io
1096 986 1144 1039 un
1164 986 1256 1058 poco
1282 969 1327 1038 m'
1340 967 1483 1039 invecto
1506 987 1531 1038 a
1555 987 1622 1038 ra-

446 1088 587 1178 piuntur,
606 1084 710 1177 quasi
736 1083 853 1159 dicat:
873 1085 956 1159 licet
981 1085 1163 1180 implicem
1185 1105 1246 1159 me
1270 1085 1379 1181 longa
1397 1087 1620 1181 narratione,

447 1225 521 1278 non
551 1204 720 1278 exttediet
750 1224 815 1278 vos
844 1224 968 1278 sermo
998 1226 1131 1299 parum
1161 1205 1335 1299 prolixus.
1370 1206 1413 1278 Et
1443 1205 1501 1280 bic
1533 1217 1619 1284 nota

448 1325 546 1420 quod
572 1333 681 1400 autor
706 1327 834 1420 pulcre
859 1325 961 1421 lingit
991 1325 1101 1400 istum
1128 1327 1279 1400 Petrum
1310 1332 1436 1421 petere
1462 1328 1618 1423 veniam,

449 1447 535 1540 quia
560 1446 606 1521 de
631 1446 685 1520 rei
712 1446 864 1520 veritate
890 1446 957 1520 luit
982 1446 1144 1541 prolixus
1170 1446 1205 1520 ln
1230 1467 1299 1521 suo
1323 1447 1528 1522 dictamine.

523 1571 663 1639 loson.
690 1566 755 1639 Hic
781 1566 912 1639 Petrus
937 1567 983 1641 de
1009 1567 1129 1641 Vineis
1155 1567 1277 1662 incipit
1308 1589 1413 1641 suam
1441 1547 1639 1642 narratio?

450 1709 548 1782 nem,
560 1707 627 1781 per
640 1707 751 1780 quam
765 1686 885 1780 primo
898 1687 1068 1761 describit
1080 1707 1186 1760 suam
1204 1687 1426 1782 felicitatem,
1443 1687 1572 1761 deinde
1580 1680 1616 1780 (¹)

450 1808 705 1882 infelicitatem.
734 1808 777 1880 Et
801 1807 847 1881 ad
873 1808 1067 1902 utriusque
1099 1808 1372 1904 intelligentiam
1398 1809 1537 1882 bonum
1564 1816 1619 1883 est

449 1929 543 2002 scire
558 1919 594 2020 (¹)
621 1926 775 2023 plenius,
799 1928 862 2021 qui
888 1927 997 2002 luerit
1017 1930 1128 2002 bomo
1154 1929 1233 2022 iste,
1252 1936 1288 2003 et
1314 1929 1430 2022 qualis
1448 1930 1526 2003 eius
1544 1929 1619 2003 lor-

449 2055 549 2122 tuna.
575 2049 646 2122 lste
671 2067 761 2143 ergo
786 2047 854 2120 luit
879 2049 1009 2122 Petrus
1034 2049 1080 2123 de
1101 2049 1232 2142 Vincis,
1252 2049 1412 2123 lamosus
1440 2051 1619 2124 cancella-

449 2170 526 2241 rius
551 2169 712 2242 Federicl
730 2169 771 2262 ll,
790 2168 853 2261 qui
879 2168 946 2241 luit
972 2189 1128 2264 magnus
1152 2169 1281 2243 doctor
1299 2170 1491 2268 utriusque
1512 2170 1618 2266 juris,

448 2311 605 2386 magnus
630 2288 784 2363 dictator
815 2288 884 2361 stili
914 2288 1081 2382 missorii,
1112 2290 1258 2383 cursivi,
1285 2290 1455 2384 curialis;
1486 2297 1524 2364 et
1553 2292 1620 2363 ba-

448 2410 529 2483 buit
556 2410 761 2483 naturalem
788 2407 1019 2502 prudentiam
1045 2430 1230 2505 magnam,
1257 2417 1293 2484 et
1318 2411 1537 2485 laboriosam
1564 2410 1619 2483 dl-

447 2530 632 2626 ligentiam
666 2530 703 2602 in
741 2528 885 2621 offici03
916 2536 1064 2623 propter
1098 2530 1196 2624 quod
1234 2531 1449 2605 mirabiliter
1483 2532 1620 2605 meruit

447 2652 604 2747 gratiam
630 2650 872 2744 imperatoris
897 2650 989 2724 adeo
1015 2652 1113 2743 quod
1139 2651 1276 2725 sciebat
1306 2653 1429 2726 omnia
1455 2652 1535 2728 eius
1560 2672 1621 2726 se-

449 2779 561 2863 creta,
587 2778 624 2845 et
658 2771 738 2844 eius
769 2770 918 2845 consilia
947 2771 1118 2846 firmabat
1149 2779 1186 2846 et
1216 2773 1383 2847 mutabat
1413 2793 1481 2868 pro
1519 2773 1619 2846 libito

451 2892 645 2967 voluntatis
653 2914 663 2985 ;
689 2897 726 2965 et
750 2892 873 2965 omnia
898 2900 1042 2987 poterat
1067 2914 1150 2988 quae
1174 2894 1328 2969 volebat.
1348 2895 1418 2968 Sed
1436 2895 1548 2968 nimia
1567 2894 1620 2968 le-

450 3012 562 3085 licitas
587 3012 799 3106 provocavit
824 3032 911 3086 eum
926 3003 963 3104 (³)
989 3013 1026 3085 in
1056 3013 1227 3087 invidiam
1259 3021 1297 3087 et
1326 3013 1452 3088 odium
1484 3016 1621 3089 multo-

449 3153 555 3225 rum;
586 3151 673 3204 nam
703 3132 815 3205 ceteri
845 3132 950 3224 quasi
979 3132 1136 3206 curiales
1167 3138 1204 3206 et
1238 3134 1430 3208 consiliarii
1458 3133 1620 3209 videntes

449 3253 707 3327 exaltationem
726 3252 829 3325 istius
842 3273 997 3348 vergere
1015 3253 1051 3325 in
1068 3253 1338 3347 depressionem
1354 3255 1530 3349 ipsorum,
1543 3274 1621 3327 coe—

449 3379 593 3468 perunt,
611 3372 863 3446 coniuratione
881 3372 986 3466 lacta,
1004 3373 1170 3447 certatim
1198 3394 1375 3449 accusare
1393 3374 1511 3468 ipsum
1529 3373 1620 3447 lictis

450 3492 672 3567 criminibus.
694 3491 796 3565 Unus
812 3492 966 3586 dicebat,
985 3492 1083 3586 quod
1110 3494 1186 3587 ipse
1210 3500 1291 3568 erat
1317 3493 1433 3568 lactus
1458 3493 1565 3567 ditior
1579 3481 1617 3585 (⁸)

449 3613 630 3708 principe;
656 3612 750 3687 alius
775 3612 873 3707 quod
899 3613 1105 3686 ascribebat
1131 3613 1196 3687 sibi
1224 3613 1394 3707 quicquid
1420 3612 1620 3707 imperator

449 3735 587 3808 lecerat
611 3733 802 3828 prudentia
828 3754 915 3826 sua3
933 3733 1027 3807 alius
1051 3733 1206 3827 dicebat,
1224 3733 1323 3827 quod
1340 3734 1416 3827 ipse
1432 3734 1620 3808 revelabat

448 3861 588 3930 secreta
608 3874 762 3928 romano
780 3853 949 3949 pontifici,
968 3862 1004 3927 et
1030 3854 1081 3929 sic
1105 3854 1151 3929 de
1175 3854 1263 3928 aliis.
1282 3856 1484 3949 Imperator
1497 3845 1535 3946 (⁵)
1555 3875 1620 3927 su·

449 3982 594 4070 spectus
612 3982 649 4048 et
670 3975 843 4049 credulus
869 3975 951 4049 lecit
977 3975 1096 4069 ipsum
1122 3975 1321 4068 exoculari,
1339 3981 1376 4048 et
1396 3974 1556 4049 bacinari
1582 3981 1621 4049 et

448 4096 541 4171 tradi
555 4096 711 4190 carceri;
725 4095 762 4168 in
781 4116 855 4189 quo
873 4096 949 4189 ipse
966 4115 1039 4169 non
1057 4095 1182 4169 valens
1199 4095 1297 4170 serre
1314 4101 1452 4169 tantam
1467 4095 1620 4192 indigni-

448 4216 684 4309 tatem,quia:
695 4236 772 4307 qcae
787 4217 878 4288 venit
888 4218 1030 4305 irratione
1036 4237 1146 4307 poeno
1158 4217 1309 4287 dolendo
1323 4218 1414 4288 verrit
1418 4242 1434 4308 ‚·
1447 4236 1487 4290 se
1499 4215 1618 4311 ipsum

449 4334 638 4410 interiecit.
672 4335 716 4408 Et
744 4335 908 4410 scribunt
936 4335 1062 4430 aliqui,
1088 4335 1187 4428 quod
1219 4336 1351 4410 Petrus
1380 4336 1469 4410 dum
1496 4345 1620 4432 porta-

450 4463 555 4532 retur
571 4477 656 4530 cum
675 4456 849 4530 Federlco
867 4462 979 4531 eunte
997 4456 1032 4529 in
1050 4455 1218 4530 Tusciam
1236 4474 1347 4549 super
1363 4476 1438 4529 una
1457 4459 1557 4531 mula
1573 4458 1621 4532 ad

511 4632 537 4692 (¹)
555 4631 585 4680 E.
601 4630 694 4681 delude
709 4644 783 4680 suam
800 4629 986 4681 inlellcitalem.

510 4707 539 4768 (¹)
555 4708 581 4758 s.
598 4709 672 4767 scire,
690 4707 747 4771 quis
763 4707 849 4758 luerit.
859 4734 888 4745 -
899 4707 929 4758 E.
946 4721 963 4758 a
979 4712 1033 4764 tlt.
1051 4706 1172 4771 prescire
1188 4705 1246 4770 quta
1262 4704 1352 4756 tuerit.

511 4784 538 4846 (⁸)
555 4789 609 4843 tlt,
626 4789 718 4835 contra
733 4797 794 4834 cum
810 4783 931 4834 lnridlam
947 4789 974 4835 et
990 4783 1079 4836 odium
1094 4782 1250 4833 mullorum.

511 4862 539 4924 (³)
555 4862 585 4911 R.
601 4861 680 4912 ditior
695 4863 860 4925 imperatore.

510 4938 537 5003 (¹)
553 4939 584 4990 ll.
601 4940 746 5005 Imperator
763 4953 834 5001 vero,
851 4939 1036 5004 promotorum
1051 4941 1186 5004 suspectus
1200 4941 1228 4990 ot
1242 4937 1363 4999 crudem,
1379 4935 1451 4989 tecit
