4154 6546
862 781 1002 836 munus
1025 778 1201 846 QUARTUS.
1551 771 1618 836 157

449 932 546 1005 hello.
573 929 617 1002 Et
644 926 702 1000 hic
729 930 814 998 nota
840 925 938 1018 quod
966 923 1070 996 multi
1095 923 1192 996 circa
1212 921 1318 996 istam
1337 923 1480 997 literam
1505 927 1622 999 multa

448 1049 636 1126 somniare
661 1044 843 1137 videntur,
868 1064 942 1116 non
959 1043 1080 1115 minus
1105 1061 1199 1119 vane
1219 1062 1331 1134 quam
1354 1042 1390 1114 in
1412 1043 1516 1118 litera
1537 1064 1623 1138 pre·

446 1171 610 1247 cedente.
629 1164 700 1239 Sed
718 1164 813 1238 inter
829 1163 919 1236 alios
935 1161 1048 1255 aliqui
1065 1161 1235 1235 videntur
1251 1162 1418 1235 subtilius
1435 1163 1623 1237 coniectu-

447 1310 532 1364 rare
558 1305 707 1360 sensum
729 1283 832 1356 istius
852 1282 982 1374 literae;
1007 1281 1133 1354 dicunt
1157 1281 1254 1354 enim
1282 1281 1379 1374 quod
1397 1290 1517 1376 autor,
1535 1303 1624 1356 eon-

449 1406 600 1483 serendo
625 1425 711 1478 eum
741 1402 816 1475 istis
844 1401 971 1496 poetis,
1000 1400 1144 1473 dicebat
1172 1420 1258 1472 cum
1292 1400 1534 1476 admiratione
1563 1405 1622 1477 vel

449 1527 625 1623 querela:
651 1545 676 1598 ο
699 1524 809 1616 Deus,
827 1541 945 1615 quare
965 1521 1034 1613 isti,
1052 1519 1115 1612 qui
1133 1519 1308 1593 luxerunt
1327 1527 1426 1595 tanta
1447 1523 1622 1617 sapientia

448 1656 486 1734 et
513 1647 660 1737 virtute,
685 1650 771 1716 sunt
794 1641 985 1715 damnati?
1010 1640 1081 1714 Sed
1106 1640 1174 1712 ista
1199 1661 1272 1713 non
1289 1647 1344 1716 est
1361 1662 1451 1717 vera
1471 1643 1622 1718 intentio

449 1768 578 1858 literae,
603 1764 687 1858 quia
714 1762 882 1857 superius
908 1761 944 1832 in
970 1760 1039 1832 isto
1063 1760 1222 1854 capitulo
1242 1760 1320 1854 jam
1338 1761 1453 1835 doluit
1477 1763 1523 1836 de
1541 1765 1622 1856 hoc,

453 1888 514 1962 uhi
539 1886 650 1959 dixit:
680 1887 781 1957 Gran
811 1884 896 1954 duol
924 1884 974 1952 mi
999 1901 1102 1971 prese
1131 1883 1170 1952 al
1196 1902 1258 1952 cor
1288 1886 1429 1971 quando
1464 1887 1497 1955 lo
1514 1887 1621 1955 'ntem

449 2009 534 2082 ldeo
559 2005 639 2079 dico
664 2003 826 2077 breviter
852 2001 951 2094 quod
968 2007 1078 2073 autor
1098 2020 1172 2073 non
1189 2002 1269 2074 vult
1285 2002 1383 2075 aliud
1403 2002 1536 2097 dicere,
1556 2004 1623 2076 nisi

450 2127 548 2222 quod
573 2125 660 2199 illud
686 2124 785 2217 quod
810 2128 892 2197 orat
916 2123 1087 2216 pulcrum
1118 2122 1218 2213 loqui
1248 2130 1285 2196 et
1313 2123 1498 2218 disputare
1529 2124 1624 2198 inter

449 2246 680 2342 philosophos
704 2248 742 2317 et
766 2250 892 2338 poetas
917 2261 1090 2337 paganos,
1117 2250 1173 2315 est
1189 2243 1358 2337 pulcrum
1382 2252 1505 2320 tacere
1529 2246 1625 2320 inter

450 2365 664 2441 christianos
678 2355 742 2456 (¹);
768 2368 806 2436 et
831 2381 918 2435 ecce
938 2362 1150 2455 exemplum
1167 2363 1321 2456 clarum,
1339 2364 1438 2457 quod
1451 2382 1544 2460 'sepe
1561 2387 1624 2440 ac-

449 2487 534 2561 cidit
559 2485 607 2558 de
632 2483 738 2557 lacto.
757 2482 876 2575 Aliqui
897 2481 1022 2577 magni
1038 2482 1237 2577 philosophi
1255 2491 1292 2558 et
1308 2485 1471 2579 magistri
1489 2487 1622 2559 artium

451 2606 588 2681 vadunt
618 2604 663 2679 ad
692 2603 854 2696 aliquem
887 2603 1126 2677 excellentem
1158 2609 1196 2676 et
1227 2603 1409 2678 famosum
1435 2607 1622 2682 doctorem

450 2724 643 2821 theologiae
657 2715 709 2817 (²),
734 2728 771 2797 et
796 2722 964 2817 privatim
983 2721 1020 2794 in
1037 2741 1186 2796 camera
1202 2744 1269 2797 sua
1291 2725 1349 2798 vel
1366 2726 1403 2798 in
1421 2727 1539 2801 studio
1556 2748 1624 2800 suo

451 2845 644 2919 conterunt
668 2849 706 2917 et
731 2849 888 2916 tractant
912 2841 958 2916 de
984 2842 1095 2916 rebus
1120 2844 1347 2918 naturalibus
1371 2866 1457 2920 cum
1476 2848 1625 2922 rationi-

454 2966 525 3038 bus
549 2972 586 3038 et
610 2962 979 3037 demonstrationibus
1012 2963 1250 3057 naturalibus,
1282 2967 1376 3038 siout
1407 2967 1453 3041 de
1484 2969 1624 3063 origine

451 3085 597 3177 animae,
622 3083 668 3157 de
693 3082 930 3177 productione
955 3082 1094 3177 mundi,
1120 3083 1166 3158 de
1192 3084 1360 3160 felicitate
1385 3089 1558 3182 humana,
1578 3088 1625 3162 de

453 3203 648 3279 eternitate
672 3208 805 3296 motus,
832 3209 869 3276 et
894 3203 1016 3276 multis
1042 3203 1183 3276 talibus.
1211 3204 1409 3280 Collatione
1434 3207 1545 3300 linita,
1567 3206 1625 3280 ille

451 3325 549 3399 idem
583 3323 710 3397 doctor
743 3323 905 3397 ascendit
935 3324 1115 3419 pulpitum
1131 3314 1180 3418 (³),
1210 3330 1248 3398 et
1278 3326 1421 3420 publice
1454 3328 1627 3423 praedicat

453 3444 500 3519 ad
525 3443 712 3539 populum.
738 3442 827 3530 Quis
850 3443 991 3517 dubitat
1017 3444 1116 3536 quod
1141 3446 1311 3540 pulcrum
1332 3452 1387 3520 est
1408 3448 1465 3521 hic
1491 3455 1627 3541 tacere,

455 3588 512 3662 ea,
538 3585 622 3659 quae
642 3568 723 3638 erat
739 3564 911 3658 pulcrum
930 3565 1029 3657 loqui
1047 3586 1131 3639 cum
1151 3566 1218 3640 illis
1235 3568 1439 3642 valentibus
1459 3568 1545 3643 viris
1561 3557 1628 3660 (⁴)‘l

447 3691 500 3763 lta
528 3687 574 3761 ad
602 3684 830 3780 propositum
864 3686 943 3759 vult
967 3686 1090 3761 dicere
1115 3688 1273 3763 Dantes:
1300 3690 1387 3763 illud
1419 3692 1517 3785 quod
1546 3699 1627 3764 erat

452 3811 648 3883 honestum
675 3811 712 3879 et
737 3804 877 3877 licitum
906 3805 1030 3880 dicere
1058 3807 1153 3881 inter
1187 3807 1265 3881 illos
1298 3815 1423 3903 poetas
1453 3829 1625 3906 paganos,

452 3935 548 4003 esset
562 3918 599 4019 (⁶)
626 3925 861 3998 inhonestum
888 3931 925 3998 et
950 3925 1077 3998 inutile
1103 3947 1258 4002 narrare
1283 3948 1392 4023 nunc,
1423 3929 1624 4004 christianis

452 4048 648 4144 potissime,
665 4045 751 4140 quia
769 4051 879 4119 autor
895 4051 950 4119 est
966 4046 1195 4141 christianus,
1212 4054 1250 4122 et
1267 4068 1359 4143 opus
1376 4070 1486 4122 suum
1503 4050 1627 4125 scribit

454 4169 501 4243 ad
524 4167 729 4244 doctrinam
747 4173 785 4240 et
801 4165 1095 4240 informationem
1114 4168 1396 4242 christianorum
1415 4171 1625 4245 salutarem.

455 4287 540 4362 ldeo
564 4285 792 4361 benedicit:
820 4288 879 4358 che
899 4288 926 4358 Ἰ
949 4293 1063 4358 meere
1087 4282 1124 4361 de
1148 4288 1248 4379 hollo,
1279 4288 1365 4382 quia
1391 4295 1548 4364 tractant
1574 4289 1627 4363 la-

455 4407 561 4483 hrilia
587 4406 703 4499 labri3
729 4427 814 4479 nam
836 4406 882 4480 de
900 4427 974 4479 una
992 4412 1029 4481 et
1046 4407 1176 4481 eadem
1194 4428 1236 4481 re
1252 4408 1350 4482 aliud
1367 4409 1528 4482 sentiunt
1548 4410 1628 4503 phi-

453 4526 607 4621 losophi,
632 4525 730 4600 aliud
756 4533 884 4620 poetae,
910 4526 1008 4598 aliud
1038 4526 1222 4623 astrologi,
1255 4528 1353 4601 aliud
1385 4528 1553 4624 theologi.
1585 4530 1628 4601 Et

514 4751 542 4811 (¹)
557 4752 583 4802 S.
599 4756 687 4816 matrs
703 4753 863 4803 christianos
1078 4753 1104 4813 (’)
1122 4758 1175 4813 llo,
1193 4766 1272 4804 suoru
1288 4755 1435 4819 theologia.

515 4826 542 4887 Γ)
560 4832 614 4889 llo,
631 4828 770 4891 pergulum
786 4834 814 4879 ct
829 4830 940 4892 publice.
1077 4831 1104 4894 (“)
1120 4830 1146 4881 S.
1164 4844 1225 4881 cum
1241 4831 1293 4881 illis
1309 4833 1408 4897 mugnis
1425 4831 1593 4895 philosophis.

514 4905 542 4965 (“)
560 4903 585 4954 S·
601 4908 640 4955 ot
655 4904 828 4956 inhonestum.
838 4933 868 4944 —
878 4907 908 4958 E.
925 4920 981 4958 esse
997 4908 1171 4959 inhonestum.
