4154 6546
590 773 656 841 128
984 782 1186 836 uounuruu
1212 783 1361 834 nuruum

586 930 650 1004 ira.
681 929 746 1004 Vei
777 930 846 1002 boo
878 928 964 1001 dioit
995 927 1080 1021 quia
1113 932 1258 1019 tempus
1287 925 1469 998 consumit
1497 927 1620 1001 omnia
1653 930 1755 1002 velut

585 1049 687 1145 ignis.
713 1049 758 1120 lli
782 1049 840 1121 bio
865 1054 949 1121 noia
976 1046 1074 1139 quod
1098 1044 1209 1138 aliqui
1231 1044 1356 1117 diouut
1380 1051 1418 1117 et
1443 1052 1631 1139 exponunt
1654 1048 1753 1139 quod

585 1187 651 1261 per
675 1167 880 1240 Charonem
897 1165 1109 1260 intelligitur
1126 1184 1237 1256 mors,
1259 1183 1343 1255 quae
1358 1154 1396 1254 (¹)
1415 1163 1544 1237 transit
1559 1184 1688 1239 omnes
1707 1165 1754 1240 ad

584 1287 692 1360 aliam
726 1287 849 1378 vitam,
879 1305 963 1378 quae
992 1284 1102 1357 babet
1131 1283 1258 1357 oculos
1292 1282 1482 1356 ilammeos
1513 1285 1598 1375 quia
1629 1287 1752 1360 omnia

584 1405 763 1478 debentur
787 1403 908 1476 morti.
939 1402 1041 1476 Unde
1070 1402 1240 1497 Virgilius
1269 1401 1306 1474 in
1336 1401 1443 1474 simili
1473 1400 1580 1476 dicit:
1610 1405 1755 1476 terribili

583 1528 759 1616 squalore,
785 1523 876 1596 idest
909 1521 1026 1614 sorde,
1058 1522 1145 1614 quia
1176 1520 1300 1594 omnia
1331 1541 1487 1615 oorpora
1517 1529 1750 1596 mortuorum

584 1647 798 1737 putrescunt
823 1647 859 1714 et
885 1640 1119 1714 resolvuntur
1135 1631 1182 1731 θ).
1209 1644 1271 1711 iio
1296 1643 1413 1730 quelle.
1432 1640 1497 1714 llio
1514 1648 1595 1735 post
1614 1642 1754 1737 digres-

584 1762 723 1835 sionem
751 1761 882 1833 iaotam
904 1767 1012 1834 autor
1030 1758 1227 1832 revertitur
1243 1757 1290 1832 ad
1312 1758 1467 1853 primam
1490 1762 1695 1856 materiam,
1716 1770 1754 1836 et

584 1880 703 1975 primo
728 1878 943 1952 continuans
965 1897 1005 1950 se
1021 1877 1067 1950 ad
1084 1875 1171 1949 illud
1188 1876 1286 1969 quod
1303 1877 1472 1970 superius
1489 1878 1579 1951 dixit
1595 1880 1752 1974 Charon,

585 1998 730 2090 scilicet,
756 2017 828 2068 non
850 1999 1000 2088 morato
1023 1998 1096 2067 mat
1125 1997 1230 2067 oeder
1260 1998 1294 2067 lo
1323 1998 1420 2086 tiolo,
1450 1998 1551 2090 pouit
1579 1998 1750 2072 ellectum

585 2117 679 2191 illius
704 2114 976 2190 exclamationis
1000 2114 1141 2189 dicens:
1160 2135 1219 2186 mo
1243 2117 1351 2204 quotie
1371 2119 1498 2206 anime,
1516 2117 1651 2190 seilicet
1667 2138 1753 2210 pra-

584 2258 717 2312 vorum
732 2228 768 2329 (³)
799 2239 949 2309 citeron
983 2237 1074 2306 losse
1102 2236 1258 2324 eorde,
1291 2234 1375 2327 quia
1392 2223 1426 2325 (⁸)
1458 2255 1587 2310 omnes
1620 2237 1752 2310 animm

583 2355 802 2452 generaliter
827 2361 978 2449 possunt
1001 2354 1070 2427 dici
1098 2352 1216 2446 nudae,
1242 2352 1328 2446 quia
1356 2360 1440 2426 sunt
1465 2354 1625 2448 spoliate
1650 2361 1752 2430 veste

584 2474 757 2567 corporis,
784 2479 820 2547 et
850 2474 936 2566 quia
962 2473 1105 2546 noviter
1129 2479 1286 2545 mortuae
1312 2491 1359 2544 ex
1389 2472 1571 2547 anxietate
1604 2476 1753 2564 conpar

583 2596 712 2681 colore,
738 2591 828 2664 idest
853 2597 1092 2664 mutaverunt
1112 2590 1284 2663 oolorem.
1305 2590 1349 2661 Et
1368 2589 1493 2663 dicunt
1516 2591 1628 2684 aliqui
1653 2592 1751 2685 quod

584 2717 693 2783 autor
722 2708 802 2782 ideo
835 2711 904 2782 hoc
928 2708 1013 2781 dicit
1038 2708 1124 2801 quia
1149 2716 1255 2781 erant
1282 2709 1413 2782 animae
1442 2716 1688 2804 mortuorum,
1714 2717 1752 2783 et

585 2828 686 2901 oolor
711 2834 877 2900 mutatur
902 2827 939 2900 in
961 2833 1090 2901 morte.
1109 2826 1207 2900 istud
1224 2827 1310 2900 nihil
1336 2834 1390 2901 est
1410 2827 1551 2901 dicere:
1577 2828 1658 2902 ideo
1683 2828 1751 2922 dio,

585 2953 622 3020 et
639 2946 782 3040 melius,
800 2947 898 3040 quod
916 2945 1104 3042 linguntur
1122 2952 1284 3019 mutasse
1300 2947 1460 3019 oolorem
1478 2952 1626 3041 propter
1643 2947 1752 3020 timo-

585 3085 664 3140 rem
700 3067 827 3139 mortis
861 3073 1008 3158 eternae,
1043 3086 1156 3157 quam
1191 3065 1400 3138 minabatur
1433 3066 1500 3140 sibi
1518 3057 1554 3157 (⁵)
1594 3067 1748 3140 Charon.

584 3184 686 3258 Unde
710 3184 811 3257 dicit:
830 3207 848 3255 e
864 3185 1034 3257 odotem
1050 3188 1064 3256 i
1079 3186 1184 3274 dent,
1201 3184 1295 3258 sicut
1314 3204 1401 3279 sepe
1418 3185 1587 3259 timentes
1604 3185 1750 3277 iaciunt,

585 3303 643 3376 vol
668 3303 737 3376 boo
763 3303 928 3377 iecerunt
953 3323 999 3376 ex
1026 3303 1136 3376 rabie·
1151 3302 1422 3398 desperationis,
1447 3311 1541 3377 rotto
1565 3306 1751 3377 cit'tnteser

584 3424 615 3494 le
632 3424 758 3512 parole
773 3425 892 3511 orode,
909 3421 1000 3495 idest
1016 3421 1135 3494 statim
1155 3441 1241 3494 cum
1258 3422 1517 3496 intellexerunt
1534 3422 1646 3496 verba
1663 3441 1752 3495 oru-

584 3540 676 3613 delia
701 3539 797 3612 illius
821 3540 1005 3613 Charonis.
1027 3541 1072 3612 Et
1095 3538 1216 3612 subdit
1236 3540 1348 3613 verba
1373 3539 1561 3633 desperata
1588 3541 1748 3633 ipsorum

584 3659 729 3734 dicens:
756 3660 1008 3731 biostimooono
1033 3663 1114 3749 Dio,
1132 3660 1201 3732 boo
1217 3659 1302 3732 dicit
1322 3659 1440 3751 isaias,
1458 3679 1477 3730 e
1492 3663 1506 3730 i
1524 3661 1581 3730 lor
1594 3662 1749 3750 parenti,

584 3779 718 3853 scilicet
742 3785 883 3872 patrem
911 3785 947 3852 et
972 3785 1141 3871 matrem,
1167 3778 1231 3871 qui
1255 3784 1465 3872 genuerunt
1490 3798 1564 3870 eos,
1587 3780 1749 3849 rumora

583 3901 704 3990 meone,
718 3899 804 3991 quia
816 3897 951 3970 scilicet
965 3897 1096 3970 veilent
1113 3896 1222 3969 luisse
1239 3897 1348 3969 bruta
1359 3886 1409 3989 (⁶),
1422 3897 1459 3969 in
1477 3896 1611 3989 quibus
1626 3895 1747 3970 anima

585 4019 742 4093 moritur
767 4018 876 4091 simul
901 4036 987 4090 oum
1013 4036 1179 4111 corpore,
1197 4023 1239 4088 ut
1264 4016 1443 4090 evitarent
1468 4021 1625 4089 mortem
1651 4022 1750 4089 eter-

585 4159 683 4231 nam,
709 4158 792 4230 quae
817 4157 914 4210 nuno
939 4136 1220 4231 promittebatur
1250 4135 1313 4229 eis,
1338 4138 1366 4208 o
1393 4138 1503 4227 luooo,
1533 4137 1595 4207 e'l
1623 4140 1748 4226 tempo,

585 4277 668 4349 quae
692 4256 829 4330 iaciunt
852 4256 899 4329 ad
923 4256 1220 4352 generationem
1247 4274 1332 4327 nam
1359 4254 1525 4328 videmus
1555 4254 1654 4346 quod
1678 4253 1748 4327 alia

584 4378 753 4451 animalia
780 4382 980 4449 nascuntur
1006 4374 1041 4447 in
1067 4395 1143 4447 uno
1168 4375 1248 4447 iooo
1269 4380 1306 4446 et
1326 4379 1502 4467 tempore,
1521 4374 1590 4447 alia
1608 4375 1644 4446 in
1664 4373 1747 4465 alio,

645 4575 675 4636 (¹)
691 4576 721 4625 Ε.
738 4589 796 4638 quse
813 4576 894 4624 trabit
910 4576 951 4625 rel
969 4577 1066 4626 transit.

645 4648 674 4711 (¹)
690 4651 728 4710 B..
744 4656 789 4701 1111
805 4665 820 4700 o
836 4650 861 4699 S.
879 4652 988 4702 terribili
1004 4653 1124 4716 squalore
1139 4652 1250 4703 Charon.
1270 4653 1393 4710 Terribili,
1410 4652 1470 4716 quia
1486 4665 1558 4702 mors
1573 4657 1612 4702 est
1627 4651 1748 4701 ultimum

585 4724 754 4775 terribilium:
771 4728 893 4790 squalore,
911 4729 975 4778 idest
990 4729 1073 4788 sorde,
1090 4729 1150 4793 quir
1166 4729 1252 4779 omnia
1268 4742 1378 4790 corpora
1395 4733 1561 4779 mortuorum
1576 4731 1626 4777 oto.

647 4800 673 4864 i'i
691 4807 744 4861 111,
762 4816 778 4864 p
780 4816 855 4851 rrrrr
1229 4802 1256 4866 θ)
1274 4809 1328 4863 im,
1345 4805 1405 4868 qula
1421 4808 1481 4854 suni
1497 4803 1618 4867 spoliata.

647 4876 719 4941 (⁸)1t.
735 4878 772 4928 eis
787 4876 897 4927 Charon.
1228 4877 1256 4941 (⁸)
1272 4880 1302 4929 ll.
1321 4881 1397 4929 bruta
1413 4878 1539 4930 ammath.
