4154 6546
454 763 526 830 484
850 775 1057 831 counnrurr
1082 777 1235 830 mrnnur

450 920 532 994 ride
558 920 657 1012 quod
683 921 876 1012 bucusque
911 926 1087 994 steterant
1113 921 1149 993 in
1174 920 1408 995 extremitate
1432 922 1545 1016 sylvae
1570 921 1627 996 vi·

449 1041 567 1115 dendo
593 1043 829 1135 Capaneum,
849 1050 887 1116 et
912 1041 1095 1134 loquendo
1120 1062 1206 1115 cum
1233 1061 1279 1116 eo
1304 1041 1412 1116 etde
1438 1060 1493 1115 eo.
1520 1042 1627 1118 Nunc

449 1168 576 1236 autem
596 1167 784 1236 moventes
797 1154 835 1252 (¹)
863 1160 909 1234 de
935 1162 1014 1235 loco
1040 1161 1235 1235 veniebant
1255 1180 1385 1234 versus
1411 1182 1529 1235 unum
1553 1162 1626 1237 tlu-

451 1279 568 1370 vium,
594 1301 661 1375 per
685 1280 791 1353 cuius
815 1299 991 1376 aggerem
1018 1280 1201 1355 habebant
1227 1280 1383 1356 transire
1407 1281 1515 1356 istam
1538 1301 1625 1356 are-

451 1421 555 1493 nam3
580 1400 677 1473 unde
702 1400 805 1473 dicit:
832 1420 891 1471 mu
915 1421 1051 1491 sempre
1076 1407 1131 1472 lca
1156 1403 1181 1473 li
1199 1402 1296 1492 piacli
1310 1404 1421 1473 stretti
1445 1403 1485 1474 ul
1507 1401 1624 1493 bosco,

449 1518 540 1593 idest
565 1520 677 1615 sylvae
702 1518 883 1613 praedictae
913 1519 951 1591 in
976 1541 1049 1612 qua
1081 1540 1155 1592 non
1180 1519 1275 1594 cadit
1300 1519 1412 1613 ignis3
1438 1529 1476 1596 et
1499 1519 1623 1597 subdit

451 1637 550 1732 quod
575 1648 824 1733 pervenerunt
855 1638 952 1711 taciti
976 1638 1054 1712 sine
1079 1658 1252 1712 sermone
1276 1638 1323 1712 ad
1348 1639 1500 1732 llumen,
1526 1638 1624 1715 unde

451 1758 559 1833 dicit:
577 1761 785 1831 divcnimmo
804 1761 962 1848 tacendo,
980 1758 1071 1832 idest
1093 1757 1425 1834 tacite-meditando
1442 1758 1490 1833 ad
1506 1759 1625 1834 subti-

450 1877 523 1951 lem
550 1876 745 1969 fictionem,
772 1897 885 1969 quam
911 1877 1033 1951 statim
1054 1877 1172 1971 faciet,
1190 1867 1226 1950 ut
1251 1898 1314 1950 oue
1338 1898 1387 1950 uu
1406 1878 1534 1969 pt‘co'ol
1553 1881 1624 1970 fiu-

450 1999 582 2070 micello
606 1999 748 2088 spicata,
767 1996 857 2071 idest
882 1997 1042 2091 erumpit
1069 1999 1127 2072 vel
1152 2004 1345 2092 separatur
1361 1987 1410 2090 (²),
1425 2000 1511 2090 soor
1527 2000 1571 2072 dc
1586 2001 1625 2072 tu

449 2119 554 2189 selua.
582 2115 635 2189 Ad
662 2116 760 2210 quod
785 2115 973 2190 sciendum
990 2107 1026 2207 (³)
1053 2116 1152 2208 quod
1178 2116 1245 2192 istc
1268 2122 1323 2189 est
1343 2117 1474 2190 tertius
1490 2116 1625 2192 lluvius

449 2235 635 2309 infernalis
661 2242 813 2309 vocatus
839 2236 1050 2331 phlegeton,
1065 2236 1129 2329 qui
1145 2236 1230 2309 facit
1246 2236 1380 2310 fossam
1405 2236 1444 2309 in
1464 2257 1538 2329 qua
1553 2257 1625 2331 pu-

450 2354 603 2436 niuntur
623 2356 769 2431 violenti
796 2357 832 2428 in
857 2356 1081 2451 proximum.
1108 2356 1213 2431 blodo
1239 2357 1306 2430 iste
1331 2356 1464 2432 fluvius
1490 2377 1537 2432 en
1563 2356 1624 2433 illu

452 2476 546 2551 valle
571 2477 648 2551 enit
672 2477 709 2549 in
735 2477 887 2571 sylvam,
906 2482 943 2550 et
962 2476 1097 2549 labitur
1113 2476 1158 2549 ad
1176 2476 1329 2550 modum
1351 2475 1486 2551 cauabs
1500 2464 1538 2566 (⁸)
1556 2495 1623 2570 per

450 2595 577 2690 ipsam,
596 2605 633 2672 et
652 2595 781 2668 deinde
809 2595 934 2671 transit
959 2615 1025 2689 per
1050 2616 1202 2670 arenam
1221 2596 1340 2689 istam,
1352 2604 1389 2671 et
1405 2593 1537 2667 lluvius
1553 2594 1624 2669 iste

449 2721 504 2789 est
528 2713 677 2806 calidus,
696 2714 854 2807 rubeus;
873 2734 957 2787 nam
976 2714 1175 2810 Phlegeton
1196 2696 1456 2809 interpretatur
1474 2713 1622 2806 ardens,

452 2833 532 2909 ideo
552 2833 659 2909 dicit:
686 2836 720 2905 lo
745 2837 801 2906 cui
824 2855 949 2906 rossor
973 2856 1085 2907 anaor
1110 2838 1158 2907 mi
1181 2837 1435 2927 ruccapn‘cciu,
1453 2834 1545 2909 idest
1569 2833 1625 2908 ia·

449 2955 499 3028 cit
525 2974 585 3028 me
610 2954 764 3028 horrere
788 2960 824 3026 et
850 2954 1073 3048 tremiscere,
1100 2964 1137 3030 et
1169 2962 1224 3028 est
1248 2976 1345 3048 aqua
1372 2935 1475 3031 istius
1500 2953 1623 3028 llumi-

449 3074 503 3146 nis
533 3073 660 3166 rubea,
687 3072 814 3166 calida,
840 3072 964 3147 ioetida
989 3079 1138 3168 propter
1163 3074 1329 3167 sulphur.
1343 3112 1394 3127 -
1410 3076 1529 3161 Quok.
1556 3072 1622 3147 llic

447 3199 557 3266 autor
575 3192 782 3268 manifestat
799 3192 1011 3285 qualitatem
1031 3198 1068 3266 et
1085 3192 1242 3266 formam
1260 3192 1363 3268 istius
1380 3192 1540 3265 fluminis
1557 3211 1624 3286 per

448 3332 562 3386 unam
589 3312 900 3405 comparationem
928 3311 1318 3387 convenientissimam.
1345 3312 1399 3386 Ad
1426 3312 1533 3386 cuius
1549 3311 1624 3392 ,de-
1672 3378 1678 3388 .

380 3450 382 3454 ·
449 3431 686 3506 clarationem
704 3431 816 3506 (lebes
841 3431 935 3504 scire
961 3431 1060 3524 quod
1081 3431 1177 3525 apud
1198 3431 1381 3506 civitatem
1400 3431 1550 3506 Viterbii
1569 3437 1623 3506 est

448 3549 616 3644 quaedam
648 3549 822 3623 mirabilis
857 3571 955 3643 aqua
990 3550 1116 3642 calida,
1144 3551 1271 3643 rubea,
1297 3551 1509 3647 sulphurea,
1534 3570 1623 3646 pro-

447 3669 571 3763 lunda,
592 3661 644 3744 'de
669 3670 774 3743 cuius
791 3660 827 3761 (⁵)
855 3670 949 3742 lecto
975 3670 1050 3743 enit
1075 3669 1223 3762 quidam
1250 3669 1394 3743 rivulus
1408 3659 1444 3761 (ὅ)
1471 3689 1621 3766 parvus,

448 3810 561 3884 quem
583 3790 796 3865 meretrices
821 3789 1024 3863 habitantes
1049 3789 1086 3861 in
1112 3789 1173 3864 illa
1198 3791 1351 3885 planicie
1373 3790 1537 3866 dividunt
1562 3789 1621 3863 in·

448 3915 506 3985 ter
525 3929 582 4002 se3
601 3930 687 3982 nam
710 3909 747 3981 in
774 3908 935 4002 qualibet
952 3908 1175 3982 domuncula
1193 3910 1399 3986 meretricis
1414 3899 1451 4002 (⁷)
1470 3915 1525 3985 est
1540 3908 1621 3984 bal-

449 4049 561 4103 neum
588 4048 635 4102 ex
666 4029 726 4102 illo
757 4028 875 4101 rivulo
901 4027 1131 4120 ordinatum3
1158 4048 1248 4124 ergo
1273 4029 1367 4104 bene
1393 4035 1448 4103 est
1472 4049 1623 4125 eompa-

449 4147 542 4222 ratio
559 4148 708 4243 propria
725 4148 762 4221 in
780 4147 928 4242 rubore,
943 4147 980 4220 in
997 4149 1121 4222 colore
1137 4154 1174 4222 et
1193 4149 1230 4221 in
1248 4150 1390 4224 loetore.
1403 4149 1496 4224 Dicit
1512 4169 1620 4247 ergo:

448 4270 572 4360 quello,
598 4267 733 4344 scilicet
757 4266 938 4362 fluviolus,
955 4288 1017 4339 sen
1040 4270 1124 4366 pluo
1140 4289 1180 4341 su
1192 4289 1261 4360 per
1284 4271 1426 4342 lurotu
1447 4272 1499 4342 tul
1520 4272 1623 4361 quola

447 4390 606 4479 mucello,
634 4387 724 4461 idest
749 4387 902 4478 rivuluS,
916 4408 990 4459 esce
1010 4389 1068 4458 del
1083 4388 1260 4479 mutuante,
1274 4395 1312 4463 et
1330 4394 1385 4463 est
1402 4389 1624 4465 conveniens
1668 4438 1673 4445 ·

509 4665 537 4729 (¹)
553 4666 584 4716 B.
601 4670 734 4717 moventes
752 4678 779 4715 se
796 4664 835 4715 ula.
1006 4660 1034 4726 (¹)
1050 4663 1081 4713 ll.
1098 4663 1140 4714 rel
1156 4665 1281 4728 seqnitur.

509 4741 537 4803 (¹)
553 4741 578 4792 S.
594 4742 728 4792 mendum
743 4746 791 4803 est,
808 4741 878 4806 quod
895 4741 943 4792 iste
959 4741 1052 4792 tertlns
1067 4739 1163 4791 fluvius
1178 4739 1313 4791 infernalis
1328 4743 1445 4792 vocatur.

509 4817 535 4879 θ)
553 4821 607 4878 tls,
623 4816 718 4868 anub
735 4831 781 4881 per
797 4818 891 4881 ripam.
1009 4814 1036 4877 (⁸)
1053 4815 1078 4866 S.
1095 4815 1168 4867 culus
1184 4816 1252 4867 loco.

509 4890 537 4953 (·)
553 4890 584 4941 lb
602 4891 672 4942 rivus
688 4904 793 4953 parnas.
1011 4888 1080 4952 (OS.
1096 4892 1247 4942 meretrices
1262 4890 1358 4944 habeut
1371 4903 1454 4943 unum
1471 4891 1601 4943 Musam.
