4154 6546
445 774 515 843 331
841 782 1043 838 counuruu
1068 782 1216 835 rurnnur

443 932 539 1025 eius3
557 938 594 1005 et
610 930 781 1004 Horatius
798 935 920 1002 tantus
938 926 1086 1001 moralis
1107 928 1265 1021 appellat
1289 945 1378 1002 eum
1390 921 1427 1018 (¹)
1446 947 1612 1022 porcum.

443 1051 514 1125 Sed
538 1050 698 1125 breviter
719 1047 895 1142 quidquid
912 1047 1068 1140 dicatur,
1084 1046 1167 1122 dico
1183 1047 1283 1141 quod
1302 1055 1412 1122 autor
1430 1049 1561 1123 merito
1577 1056 1615 1122 et

443 1169 670 1243 laudabiliter
687 1168 787 1263 ponit
799 1168 1000 1262 Epicurum
1018 1174 1209 1241 mortuum
1227 1176 1264 1242 et
1280 1169 1479 1263 sepultum,
1496 1168 1560 1262 qui
1576 1161 1614 1260 (²)

445 1291 565 1385 posuit
577 1310 745 1365 errorem
763 1289 925 1364 maxime
942 1288 1169 1363 contrarium
1183 1288 1240 1363 isti
1253 1289 1391 1384 optimo
1407 1290 1510 1385 operi
1526 1311 1613 1384 suo;

444 1409 529 1485 data
546 1410 644 1485 euim
659 1409 880 1484 mortalitate
895 1408 1105 1483 animarum
1119 1418 1261 1485 cessant
1273 1409 1446 1503 supplicia
1462 1415 1500 1484 et
1517 1430 1616 1504 proe-

445 1529 518 1603 mia
532 1520 569 1620 (³)
587 1530 809 1622 animarum,
826 1528 1022 1622 dequibus
1041 1534 1151 1603 autor
1169 1528 1254 1602 lacit
1270 1535 1388 1603 tolum
1405 1550 1516 1624 opus3
1534 1529 1616 1605 ideo

444 1652 539 1725 bene
562 1650 647 1726 dicit
664 1649 802 1724 Tullius
822 1656 951 1723 contra
970 1649 1074 1724 illum
1091 1670 1279 1725 errorem:
1296 1652 1514 1743 Jompn'dcm
1532 1653 1617 1744 Ept-

444 1791 629 1844 cureorum
665 1773 749 1843 deos
785 1773 984 1859 neporttium
1022 1772 1135 1843 clunis
1167 1777 1218 1843 est
1248 1773 1396 1862 explora
1437 1774 1614 1846 semona.

444 1893 489 1965 Et
512 1891 620 1965 alibi:
648 1894 728 1964 Non
753 1893 857 1964 audet
879 1892 1050 1982 Epicurus
1080 1893 1164 1964 deos
1192 1911 1337 1983 nepore,
1362 1894 1424 1964 sed
1447 1894 1530 1965 dicit
1551 1913 1611 1965 eos

444 2016 530 2087 nibil
553 2033 673 2104 apae,
699 2014 785 2086 nibil
807 2032 946 2085 curare.
974 2011 1071 2108 Ergo
1095 2012 1190 2086 bene
1215 2012 1394 2106 Epicurus
1411 2032 1615 2106 numquam

444 2140 565 2228 posset
581 2132 667 2207 satis
688 2132 900 2228 vituperari,
925 2133 972 2207 de
989 2152 1064 2226 quo
1080 2132 1165 2206 alibi
1182 2131 1301 2206 dicam
1317 2133 1436 2227 plura.
1449 2170 1499 2186 -
1511 2125 1614 2206 Perd.

444 2255 509 2329 llic
535 2253 704 2350 Virgilius
730 2273 777 2328 ex
808 2253 912 2327 dictis
937 2252 1122 2328 concludit
1146 2253 1267 2327 autori
1293 2253 1391 2344 quod
1416 2253 1565 2328 satisfiet
1578 2242 1614 2345 (⁸)

446 2374 607 2470 petitioni
633 2393 746 2467 quam
772 2373 856 2447 lecit
881 2372 987 2447 valde
1010 2371 1096 2463 cito,
1121 2378 1160 2447 et
1178 2373 1275 2446 ultra
1292 2373 1363 2447 boc
1382 2372 1493 2447 etiam
1510 2373 1615 2447 alteri

447 2497 501 2571 rei
526 2516 639 2589 quam
665 2495 758 2569 scire
782 2492 973 2586 desiderat,
999 2493 1045 2567 de
1070 2513 1145 2586 qna
1169 2513 1242 2567 non
1262 2492 1361 2588 petit.
1383 2492 1498 2568 llutor
1516 2493 1614 2567 enim

447 2612 627 2712 petiverat
654 2635 765 2709 supra
796 2634 819 2687 a
850 2613 1008 2710 Virgilio,
1040 2613 1070 2686 si
1095 2633 1185 2708 gens
1205 2613 1332 2708 jacens
1355 2634 1422 2708 per
1447 2615 1616 2709 sepulcra

450 2741 592 2830 poterat
617 2735 751 2828 videri;
777 2743 814 2810 et
845 2734 942 2807 ultra
966 2735 1036 2809 boc
1060 2733 1289 2808 desiderabat
1312 2733 1406 2808 scire
1430 2735 1460 2807 si
1485 2735 1616 2829 aliquis

447 2876 538 2929 suus
558 2855 782 2948 florentinus,
804 2854 862 2929 vel
881 2854 975 2928 alius
991 2853 1137 2948 spiritns
1157 2853 1356 2928 modernus
1372 2860 1453 2929 erat
1470 2855 1564 2929 inter
1578 2846 1616 2945 (³)

447 2978 533 3052 istos
558 2976 759 3069 baereticos,
777 2981 815 3050 et
836 2975 882 3050 de
906 2975 976 3048 boc
993 2994 1067 3048 non
1088 2973 1276 3068 petiverat.
1298 2974 1390 3049 llicit
1405 2995 1513 3072 ergo:
1527 2969 1617 3067 perd

444 3087 528 3171 scrd
552 3103 640 3169 tosto
663 3097 846 3190 sadr'ssotto
870 3116 895 3168 α
920 3097 957 3167 la
980 3096 1151 3167 amanda
1174 3096 1234 3166 cde
1258 3101 1319 3167 md
1333 3097 1419 3188 soci,
1445 3094 1537 3170 idest
1553 3116 1618 3190 pc-

447 3217 561 3295 titioni
586 3215 749 3312 generali
773 3215 820 3290 de
845 3215 983 3289 visione
1007 3213 1287 3289 hereticorum:
1305 3218 1520 3307 promendo,
1546 3216 1617 3290 sci·

447 3339 529 3412 licet
561 3336 656 3410 inter
688 3336 774 3409 istas
804 3356 920 3429 arcas,
946 3342 978 3407 et
1002 3355 1114 3407 nacor
1140 3338 1178 3408 ol
1200 3337 1289 3408 disto
1313 3336 1373 3408 clle
1397 3342 1433 3408 tu
1457 3356 1511 3408 ate
1535 3339 1617 3427 toci,

447 3457 538 3533 idest
560 3457 672 3532 etiam
697 3456 875 3531 desiderio
900 3455 1109 3550 particulari
1135 3454 1206 3529 cito
1222 3445 1259 3546 (θ)
1286 3454 1445 3548 satisfiet,
1469 3454 1517 3530 de
1541 3477 1617 3550 quo

447 3577 534 3651 nihil
559 3577 647 3651 mibi
673 3575 770 3650 dicis.
789 3576 834 3651 Et
858 3575 978 3648 statim
998 3574 1135 3669 patebit
1150 3595 1217 3670 per
1234 3574 1419 3669 ellectum,
1437 3576 1524 3668 quia
1540 3583 1616 3651 sta-

448 3699 513 3774 tim
537 3696 738 3793 perpendet
762 3696 862 3787 quod
880 3696 935 3769 isti
953 3702 1103 3791 possunt
1129 3695 1254 3789 videri,
1276 3702 1313 3769 et
1329 3703 1523 3791 cognoscet
1547 3696 1615 3770 ali-

447 3839 541 3913 quos
559 3820 607 3892 in
631 3815 787 3911 speciali,
814 3824 851 3891 et
877 3816 1059 3911 precipue
1085 3816 1293 3890 Fariuatam
1318 3815 1365 3890 de
1393 3816 1548 3910 libertis,
1569 3816 1616 3891 de

447 3959 523 4032 quo
544 3938 642 4013 'dixit
673 3956 785 4030 supra
811 3936 970 4030 capitulo
993 3935 1050 4030 Vl,
1071 3935 1170 4030 quod
1198 3936 1357 4010 multum
1386 3935 1616 4011 desiderabat

446 4059 574 4133 audire
588 4078 695 4151 nova;
707 4065 745 4133 et
756 4058 807 4131 sic
821 4056 903 4131 vide
915 4056 1099 4149 quomodo
1114 4056 1283 4152 Virgilius
1295 4076 1342 4131 ex
1356 4057 1425 4131 isto
1437 4057 1548 4131 modo
1560 4059 1616 4131 lo-

447 4180 580 4276 quendi
594 4177 749 4275 prestitit
764 4178 958 4252 materiam
976 4178 1095 4252 autori
1111 4177 1280 4272 loquendi
1294 4178 1467 4272 breviter,
1482 4177 1567 4272 quia
1577 4167 1616 4270 (⁷)

447 4301 622 4397 praevenit
633 4306 816 4392 autorem,
828 4305 866 4374 et
879 4298 995 4373 noluit
1012 4305 1207 4393 expectare
1223 4298 1442 4396 interrogari
1458 4299 1616 4394 amplius

447 4422 494 4496 ab
519 4442 575 4516 eo,
601 4420 700 4515 quod
725 4427 834 4493 autor
859 4419 988 4493 babuit
1012 4419 1117 4495 valde
1141 4426 1311 4516 gratum3
1328 4427 1366 4494 et
1383 4419 1616 4495 commendat

508 4685 537 4747 (¹)
555 4690 608 4745 116,
626 4684 739 4748 appellnt
754 4685 899 4748 Epicurum
915 4700 1034 4750 porcum.
1044 4686 1110 4737 -Ε,
1125 4686 1238 4751 appellat
1253 4699 1314 4737 enm
1331 4689 1442 4749 poetam

509 4759 537 4822 (¹)
553 4761 585 4811 ll.
601 4763 660 4825 qula
683 4762 766 4823 posull
783 4774 911 4812 errorem.
1136 4764 1162 4825 (¹)
1180 4763 1210 4813 ll.
1227 4763 1334 4826 premi·
1349 4777 1450 4814 earnm.

511 4835 537 4897 (⁸)
555 4840 607 4895 116,
624 4837 768 4886 ntislaciat
1137 4838 1165 4901 (⁸)
1181 4838 1210 4888 ll.
1229 4839 1296 4889 inter
1313 4837 1380 4889 illos.

511 4912 537 4975 ς’)
555 4917 608 4973 116,
624 4913 702 4963 eliam
718 4913 770 4964 cilo
785 4914 930 4966 alioruiel.
1138 4915 1165 4977 l')
1182 4915 1212 4967 lt
1229 4917 1290 4980 qula
1305 4915 1389 4969 noluo
1404 4921 1548 4981 expetore
