4154 6546
446 790 517 858 358
846 799 1049 856 counuruu
1074 801 1227 855 rursum

444 947 543 1040 quod
567 945 709 1021 dixerat
733 964 845 1038 supra
870 943 1052 1018 Varinata.
1079 942 1124 1017 st
1146 942 1269 1017 subdit
1294 962 1482 1019 recessum
1502 950 1541 1018 et
1557 964 1624 1021 ro-

445 1067 675 1162 sponsionem
702 1064 840 1160 Virgilii
859 1063 906 1138 ad
926 1084 967 1138 se
985 1062 1132 1138 dicens:
1150 1065 1184 1136 el
1196 1084 1234 1136 se
1250 1082 1376 1154 morse,
1392 1065 1480 1158 quia
1497 1065 1621 1160 primo

444 1187 563 1261 stabat
587 1192 626 1261 et
649 1184 884 1279 expectabam
910 1202 1010 1258 nunc
1034 1190 1161 1258 summ
1186 1182 1298 1278 coepit
1321 1183 1388 1276 ire,
1413 1205 1432 1257 e
1456 1188 1520 1278 pot
1545 1178 1623 1261 eost

444 1309 627 1397 undando,
657 1305 794 1381 scilicet
826 1324 874 1379 ne
902 1304 1073 1399 perderet
1098 1310 1255 1399 tempus,
1281 1304 1368 1397 quia
1393 1303 1439 1379 dc
1464 1305 1622 1383 materia

444 1428 516 1504 levi
537 1429 730 1502 locuturus
746 1432 838 1519 erat,
857 1446 910 1499 nte
935 1424 1050 1498 disse:
1070 1421 1201 1517 percle*
1221 1427 1271 1498 sic
1286 1432 1322 1498 ta
1338 1417 1409 1499 cosi
1426 1429 1622 1521 undrim

445 1556 483 1624 et
506 1547 616 1623 dicit:
642 1568 661 1620 c
691 1548 727 1619 io
758 1548 784 1619 li
811 1547 973 1638 sodisscci
1001 1549 1041 1619 al
1069 1564 1134 1618 sco
1167 1547 1349 1636 meando,
1374 1545 1461 1639 quia
1485 1545 1624 1623 scilieet

445 1668 594 1744 narravi
619 1667 687 1742 sibi
712 1666 962 1763 pronosticum
994 1665 1132 1742 lactum
1167 1673 1295 1740 contra
1325 1685 1386 1740 mc
1414 1687 1437 1742 a
1470 1666 1624 1743 Farina-

447 1796 483 1863 ta
497 1780 547 1880 l'l.
561 1793 676 1860 -Lc
700 1794 819 1860 meac.
846 1787 912 1860 llic
936 1792 1046 1860 autor
1071 1787 1173 1880 ponit
1196 1794 1421 1882 preceptum
1444 1794 1482 1863 et
1502 1788 1625 1863 oonsi-

446 1909 536 1982 lium
563 1907 699 2003 Virgilii
724 1907 871 1981 dicens:
898 1908 977 1997 quel
999 1911 1138 1997 sangro,
1163 1906 1256 1982 idest
1279 1906 1340 1981 ille
1355 1923 1470 2002 sagax
1495 1913 1532 1982 et
1548 1907 1624 1983 cir-

446 2034 681 2123 cumspectus
707 2026 890 2123 Virgilius,
915 2030 964 2100 mi
987 2018 1180 2100 oommtdd:
1200 2029 1237 2101 lo
1261 2034 1371 2101 mace
1386 2034 1448 2102 nto
1463 2032 1626 2104 maserei

446 2151 526 2241 puel
547 2151 649 2222 ctat
673 2150 768 2222 adito
792 2153 918 2220 contro
943 2149 981 2221 dt
1005 2153 1047 2241 tc,
1074 2146 1179 2240 quasi
1209 2147 1304 2222 dicat
1328 2147 1509 2224 breviter:
1536 2154 1624 2225 tene

447 2269 572 2362 menti,
604 2269 692 2362 quia
720 2268 767 2342 ad
798 2275 944 2362 tempus
976 2266 1126 2341 habebis
1154 2266 1239 2341 alibi
1270 2266 1461 2342 consilium
1493 2275 1624 2345 contra

447 2410 597 2464 omnem
615 2387 873 2464 adversitatem
887 2393 962 2462 tuae
973 2387 1150 2480 lortunae;
1167 2392 1204 2462 et
1220 2408 1308 2462 ecce
1325 2388 1400 2483 ubi,
1416 2396 1455 2465 et
1471 2389 1622 2483 quando

448 2517 486 2585 ct
510 2531 533 2584 a
559 2530 655 2601 quo;
677 2508 776 2601 quia,
793 2510 938 2601 quando
963 2515 998 2580 tu
1021 2510 1118 2581 scrut
1141 2510 1284 2580 macl
1305 2510 1344 2580 ol
1362 2511 1460 2582 dolm
1478 2512 1624 2602 roppto,

448 2629 583 2704 scilicet
616 2630 652 2702 in
678 2629 772 2702 coelo
802 2648 928 2702 coram
954 2627 1094 2702 lumine
1123 2627 1313 2721 Beatricis3
1344 2629 1426 2704 ideo
1450 2629 1555 2704 dicit:
1584 2632 1626 2705 dt

450 2752 564 2841 quello
588 2751 615 2822 il
637 2751 693 2821 cul
717 2749 791 2821 dett
804 2750 921 2820 occltlo
954 2754 1037 2820 mtto
1071 2750 1167 2839 code,
1192 2748 1283 2823 illest
1307 2769 1421 2824 sacrae
1450 2748 1622 2843 scienda,

449 2871 556 2944 cuius
581 2869 780 2963 speculatio
806 2867 991 2964 cognoscit
1017 2869 1178 2942 humana
1203 2874 1240 2943 et
1265 2868 1398 2962 divina,
1423 2873 1473 2943 da
1496 2873 1540 2943 lei
1563 2890 1627 2943 sc-

447 2993 533 3082 proi
556 2993 590 3062 el
612 2992 753 3080 mappic
782 2990 821 3062 di
844 2996 904 3061 tuo
936 2991 1020 3079 vito,
1051 2987 1142 3062 idest
1175 3008 1327 3070 cursum
1353 2995 1429 3063 tnae
1452 2991 1624 3083 fortunae,

449 3116 487 3184 et
512 3109 764 3206 expulsionem
790 3115 827 3184 et
852 3109 986 3183 omnia.
1013 3108 1057 3182 Et
1080 3109 1233 3183 adverte
1249 3109 1307 3183 hic
1324 3109 1424 3201 quod
1440 3116 1550 3184 autor
1568 3109 1625 3184 vi·

449 3233 558 3307 detur
583 3232 642 3306 liic
667 3230 790 3305 dicere
813 3229 958 3323 lanum,
984 3237 1021 3304 ct
1052 3229 1303 3304 contradicere
1333 3230 1399 3304 sibi
1429 3230 1506 3325 ipsi,
1537 3230 1626 3324 quia

449 3374 523 3428 non
547 3352 673 3428 audiet
696 3352 763 3426 ista
788 3373 811 3426 a
837 3351 1014 3443 Beatrice
1035 3349 1099 3425 sed
1119 3350 1238 3444 potins
1263 3350 1541 3447 aCacciaguida
1557 3372 1627 3426 an·

450 3475 553 3568 tiquo
579 3472 847 3568 predecessore
871 3491 952 3564 suo,
978 3476 1021 3543 ut
1037 3476 1136 3564 patet
1153 3468 1313 3544 Paradisi
1339 3471 1498 3564 capitulo
1519 3471 1624 3546 llVll.

450 3593 650 3668 Dicendum
685 3593 859 3684 breviter,
884 3590 982 3684 quod
1014 3596 1124 3664 autor
1148 3589 1273 3664 audiet
1304 3589 1372 3664 ista
1400 3611 1424 3665 a
1453 3591 1627 3686 predicto

452 3713 636 3789 mediante
660 3712 838 3805 Beatrice,
864 3731 948 3804 quaa
972 3710 1083 3784 ducet
1111 3729 1199 3783 eum
1235 3728 1301 3803 per
1332 3710 1558 3785 Paradisum.
1572 3750 1624 3767 -

451 3838 527 3908 Poi.
545 3834 610 3908 Hic
629 3838 739 3908 autor
763 3832 841 3906 linit
865 3830 1066 3926 capitulum
1084 3840 1122 3906 et
1145 3830 1242 3923 uicit,
1260 3831 1359 3922 quod
1377 3830 1547 3927 Virgilius
1571 3833 1628 3907 liis

450 3954 571 4030 dictis:
591 3974 703 4026 mosae
715 3956 812 4044 pot’l
820 3955 911 4044 pede
926 3973 951 4024 a
968 3971 1053 4024 mun
1068 3953 1224 4042 maudo,
1244 3950 1335 4027 idest
1352 3951 1482 4025 redirit
1498 3960 1626 4046 postea

451 4076 497 4150 ad
527 4074 708 4148 sinistram
740 4094 827 4147 cum
859 4073 961 4166 prius
993 4072 1115 4148 ivisset
1147 4071 1193 4145 ad
1226 4070 1407 4165 dextram,
1441 4078 1626 4168 utsupra

453 4195 569 4293 patuit
590 4196 626 4268 in
647 4195 720 4268 line
745 4194 892 4289 capituli
918 4192 1087 4287 proxime
1104 4192 1359 4287 praecedentis;
1381 4199 1418 4266 et
1434 4201 1629 4288 coeperunt

453 4315 627 4392 recedere
651 4315 698 4388 ab
724 4313 793 4388 isto
817 4312 1075 4406 ambulatorio,
1086 4332 1158 4406 per
1175 4313 1275 4405 quod
1292 4313 1573 4389 ambulaverant
1586 4306 1625 4407 (¹)

452 4439 498 4513 ad
522 4437 689 4512 dextram
716 4435 812 4509 inter
835 4452 941 4507 arcas
965 4439 1004 4507 ct
1028 4453 1182 4505 murum
1207 4432 1361 4507 civitatis
1381 4424 1431 4527 (³).
1453 4434 1555 4509 Unde
1570 4433 1630 4509 di-

453 4558 524 4632 cit:
563 4559 729 4630 iconomo
765 4557 793 4627 tl
824 4574 940 4644 mmo,
972 4552 1058 4646 quia
1089 4552 1208 4646 primo
1247 4552 1348 4627 ibant
1378 4574 1489 4629 muro
1519 4559 1629 4629 tenus

512 4845 540 4904 (¹)
556 4843 586 4893 E.
604 4856 618 4891 a
635 4842 754 4891 Farinata
771 4841 838 4904 ipro.
1147 4838 1174 4900 (¹)
1191 4838 1221 4888 Ε.
1239 4839 1347 4890 iverant.

516 4919 542 4982 (¹)
558 4920 592 4980 8.,
611 4919 641 4969 lt
657 4933 673 4969 e
690 4922 746 4979 tlt,
759 4918 876 4980 civitatis,
893 4923 920 4969 et
935 4916 1041 4969 entem
1057 4928 1148 4969 reram
1164 4929 1259 4980 corpm
1275 4916 1391 4969 civitatis·
