4154 6546
464 781 535 849 438
857 793 1060 849 munorum
1087 794 1238 847 insnum

461 938 644 1012 civitatem
671 939 849 1031 Pisarum,
875 938 1060 1033 depositus
1089 938 1187 1032 apud
1212 939 1402 1012 castellum
1428 937 1543 1012 sancti
1568 938 1634 1011 bli-

462 1058 548 1132 niati
574 1058 751 1152 percussit
766 1050 802 1149 (¹)
829 1065 939 1151 caput
963 1058 1010 1132 ad
1036 1078 1200 1151 murum,
1232 1065 1269 1131 et
1300 1063 1469 1131 mortuus
1494 1064 1550 1132 est
1574 1058 1634 1132 ibi.

461 1179 527 1252 dlii
553 1186 676 1253 tamen
696 1179 832 1272 dicunt,
851 1179 949 1273 quod
966 1180 1097 1254 Petrus
1114 1186 1214 1253 stans
1230 1179 1267 1251 in
1288 1179 1421 1272 palatio
1438 1198 1518 1271 suo,
1536 1178 1636 1272 quod

462 1301 620 1375 babebat
644 1301 750 1376 valde
781 1301 898 1373 altum
923 1299 960 1372 in
986 1300 1110 1394 Capua
1140 1299 1256 1393 patria
1286 1319 1365 1393 sua,
1398 1296 1636 1393 praecipitavit

426 1429 430 1435 ’
462 1441 502 1495 se
532 1421 578 1494 de
602 1423 676 1495 alta
701 1421 860 1495 fenestra
884 1420 973 1494 dum
1000 1420 1199 1515 imperator
1232 1419 1403 1495 transiret
1433 1439 1500 1514 per
1525 1419 1633 1493 mam.

462 1541 532 1616 Sed
558 1541 732 1635 quidquid
758 1541 911 1631 dicatur,
938 1541 1060 1633 credo,
1084 1547 1125 1613 ut
1151 1539 1224 1613 iam
1241 1539 1326 1634 dixi,
1344 1539 1444 1632 quod
1463 1559 1504 1613 se
1520 1539 1635 1612 inter·

462 1661 588 1737 iecerit
613 1661 650 1733 in
676 1680 851 1753 carcere3
877 1660 964 1753 quia
991 1680 1064 1733 non
1089 1660 1234 1736 videtur
1248 1651 1287 1751 θ)
1307 1660 1402 1734 bene
1427 1657 1635 1751 verisimile,

462 1780 560 1874 quod
585 1780 785 1874 imperator
810 1785 891 1872 post
922 1779 1123 1853 cecitatem
1156 1779 1309 1854 duceret
1338 1799 1428 1854 eum
1459 1776 1634 1852 inutiliter

461 1921 599 1994 secum,
632 1907 697 1974 aut
731 1899 830 1994 quod
861 1899 1038 1973 dimiserit
1069 1920 1157 1973 eum
1188 1900 1224 1973 in
1256 1900 1424 1974 libertate
1456 1919 1524 1972 sua
1553 1903 1635 1993 post

461 2021 675 2113 cecitatem,
707 2020 794 2113 quia
825 2039 898 2092 non
928 2028 1008 2093 erat
1037 2027 1195 2093 caecatus
1227 2026 1361 2112 mente,
1393 2025 1430 2095 et
1459 2018 1635 2112 potuisset

461 2140 527 2213 sibi
554 2160 673 2217 cacus
700 2141 859 2213 multum
880 2159 1016 2214 nocero
1032 2140 1182 2215 consilio
1200 2160 1280 2232 suo,
1298 2139 1391 2213 sicut
1410 2138 1544 2233 Appius
1561 2158 1635 2212 cae-

461 2281 527 2335 cus
553 2261 837 2354 sapientissimus
870 2281 1045 2335 romanus
1078 2261 1202 2334 nocuit
1231 2261 1373 2355 Pyrrho
1405 2258 1634 2332 infestissimo

462 2381 554 2453 hosti
567 2379 586 2422 *
599 2370 637 2471 (³)
663 2383 928 2475 Romanorum,
954 2381 1048 2454 sicut
1073 2380 1140 2455 iste
1166 2379 1361 2454 Fodericus
1377 2385 1458 2453 erat
1477 2378 1633 2452 infestis-

462 2501 577 2574 simus
608 2501 720 2574 bostis
747 2522 910 2575 romana
935 2500 1108 2574 ecclesia.
1135 2500 1330 2574 Fodericus
1345 2488 1381 2591 (⁴)
1409 2499 1519 2574 etiam
1545 2498 1635 2573 alios

463 2622 597 2694 multos
622 2621 673 2694 sic
690 2623 884 2695 mulctatos
901 2621 984 2695 iecit
1010 2621 1047 2694 in
1071 2641 1223 2695 carcere
1242 2621 1347 2713 mori,
1366 2620 1440 2694 imo
1457 2619 1530 2694 filio
1549 2640 1634 2713 pro-

463 2741 541 2835 prio
568 2761 640 2813 non
667 2741 826 2834 pepercit
852 2741 888 2813 in
914 2740 1043 2814 eodem
1070 2761 1157 2814 casu
1185 2741 1322 2833 inquo
1349 2741 1478 2813 Petrus
1502 2739 1549 2813 de
1571 2738 1633 2811 Vi-

443 2862 550 2971 lnois.
588 2863 692 2934 Nunc
724 2860 770 2933 ad
804 2861 945 2934 literam
983 2863 1113 2934 Petrus
1147 2861 1393 2956 interrogatus
1426 2881 1449 2934 a
1484 2859 1632 2955 Virgilio

462 2980 654 3075 respondet
680 2980 914 3055 manifestans
939 3001 980 3053 se
1004 2981 1051 3054 ab
1077 2980 1199 3053 officio
1230 3001 1309 3073 suo,
1334 2979 1481 3054 dicens:
1507 2983 1542 3052 to
1566 3000 1633 3052 son

460 3104 551 3174 colui
574 3103 633 3173 ete
657 3103 750 3172 tenni
774 3101 877 3172 orabo
903 3103 1079 3190 betriaci,
1097 3099 1187 3173 idest
1212 3098 1393 3193 duplicem
1414 3105 1630 3193 potestatem

460 3220 649 3294 claudendi
676 3227 713 3293 et
736 3220 933 3314 aperiendi,
958 3222 1016 3293 det
1044 3240 1107 3292 cor
1137 3223 1174 3292 dt
1203 3221 1382 3308 rederico,
1413 3219 1547 3294 scilicet
1572 3240 1632 3294 se-

377 3328 378 3332 *
460 3340 580 3432 cundi,
597 3344 772 3412 serrendo
793 3362 811 3412 c
835 3332 1110 3414 obsecundari
1127 3343 1240 3429 socci,
1261 3339 1351 3413 idest
1373 3346 1447 3413 tam
1469 3340 1631 3415 suaviter

460 3460 719 3554 complacendo
745 3460 822 3553 sibi,
849 3464 908 3532 obe
932 3464 1033 3552 qamt
1063 3463 1140 3533 tolsi
1167 3482 1286 3551 oprum
1315 3463 1378 3533 dal
1399 3482 1463 3533 suo
1486 3468 1631 3551 secreto,

461 3581 547 3675 quia
573 3580 655 3653 licet
681 3580 875 3655 Fodericus
901 3580 1053 3654 baberet
1078 3579 1169 3653 alios
1198 3580 1336 3654 aulicos
1365 3580 1411 3655 ad
1441 3580 1631 3654 consilium

461 3722 584 3794 suum,
610 3706 734 3775 tamen
759 3700 824 3775 soli
851 3702 959 3775 Petro
985 3701 1221 3774 commitebat
1246 3701 1375 3794 ardua,
1403 3708 1440 3775 et
1470 3708 1551 3776 erat
1576 3701 1635 3775 ille

461 3823 525 3916 qui
561 3821 800 3896 concludebat
817 3812 853 3910 (⁵)
884 3821 921 3893 in
959 3821 1058 3893 omni
1095 3840 1206 3894 causa
1238 3821 1457 3895 affirmando
1494 3829 1532 3896 et
1570 3841 1641 3895 ne.

460 3941 590 4037 gando.
605 3943 766 4012 -chc
794 3939 858 4013 Hic
883 3941 1013 4013 Petrus
1029 3931 1065 4031 (⁶)
1086 3942 1260 4034 confutat,
1283 3942 1504 4036 respondens
1530 3961 1634 4035 quae-

460 4061 566 4135 stioni
592 4060 721 4152 tacita,
739 4059 824 4152 quia
851 4066 993 4154 poterat
1018 4067 1127 4134 autor
1151 4060 1285 4155 dicere,
1307 4063 1365 4136 vel
1390 4061 1495 4155 alius,
1515 4082 1633 4154 quare

459 4181 643 4277 perdidisti
670 4181 732 4255 tibi
757 4181 868 4254 istum
895 4188 1031 4255 statum
1058 4188 1095 4255 et
1116 4188 1254 4256 tantm
1272 4182 1547 4276 amplitudinem
1567 4203 1632 4277 po-

460 4302 598 4376 testatis
623 4300 825 4395 proditione
842 4304 935 4373 tuat
953 4301 1029 4374 Hoc
1046 4301 1208 4375 excludit
1225 4303 1355 4376 Petrus
1371 4302 1511 4376 dicens:
1530 4303 1629 4396 quod

459 4443 604 4517 semper
629 4421 697 4495 luit
723 4421 847 4514 fidelis,
873 4421 936 4495 sed
965 4422 1041 4494 sola
1072 4422 1204 4496 invidia
1234 4423 1368 4517 eripuit
1399 4422 1465 4496 sibi
1497 4423 1631 4498 bonam

521 4593 549 4655 (¹)
566 4593 592 4642 S.
609 4593 734 4655 percussit
752 4605 778 4641 se
795 4592 959 4641 admocum.
1229 4592 1256 4655 (¹)
1273 4598 1326 4653 116,
1345 4594 1485 4646 rideretur.

521 4671 547 4732 (¹)
565 4671 655 4720 blanca
665 4670 708 4718 net
719 4670 811 4721 Codice
823 4670 928 4720 tbwnse
939 4670 971 4719 dc
983 4674 1074 4733 questo
1085 4672 1207 4721 asterisco
1224 4672 1276 4722 dno
1292 4671 1410 4725 all'altro
1427 4672 1496 4724 nella
1507 4686 1564 4737 pag.
1575 4677 1629 4724 ur.

521 4747 547 4808 θ)
563 4745 589 4795 S.
606 4747 744 4795 chericus
760 4747 890 4799 nicetium
906 4746 970 4797 alios
985 4746 1083 4798 multoc
1099 4747 1160 4799 lecit
1176 4749 1201 4798 in
1219 4762 1323 4801 carcere
1340 4751 1416 4804 mori.

522 4822 548 4883 (¹)
566 4825 620 4880 116,
637 4823 680 4884 qui
698 4822 867 4873 concludebat
883 4823 909 4873 in
925 4836 1002 4872 caum
1018 4824 1105 4874 omnia
1121 4824 1280 4883 affirmando.

524 4895 550 4958 (⁸)
568 4900 619 4947 tto.
638 4898 730 4951 Petrus
747 4899 883 4965 rumudet
897 4900 1040 4964 questioni.
