4154 6546
447 795 519 879 230
844 804 1048 872 COLOENTUM
1071 803 1221 870 Wl

446 951 620 1042 seeundo,
644 949 675 1025 si
690 948 820 1040 aliquis
839 941 875 1038 (¹)
894 953 950 1023 est
961 949 1084 1041 justus
1101 948 1137 1023 in
1153 967 1198 1027 ee
1212 970 1224 1038 ;
1239 947 1359 1040 lartio,
1380 968 1496 1040 quere
1513 954 1614 1027 tanta

448 1068 633 1159 discordia,
641 1068 772 1143 invasit
789 1087 852 1143 eos
867 1058 916 1157 (²).
934 1066 1026 1151 nien
1042 1086 1134 1161 ergo
1145 1066 1283 1160 primo:
1302 1087 1361 1143 mo
1376 1069 1502 1145 mame
1515 1088 1540 1143 n
1554 1071 1616 1145 alm

451 1208 627 1265 vernano
654 1189 678 1265 li
700 1187 867 1276 mamm,
891 1185 983 1271 idest
1008 1183 1216 1279 Florentini,
1241 1187 1285 1262 de
1308 1188 1345 1259 lu
1368 1176 1450 1261 aaa
1467 1188 1611 1276 paedia

449 1306 512 1381 Hic
536 1304 667 1392 dieunt¹
685 1303 796 1397 aliqui
822 1303 920 1396 quod
944 1309 1053 1383 autor
1078 1309 1183 1387 vonat
1202 1302 1424 1385 Florentiam
1446 1303 1612 1394 divionna

447 1423 534 1516 quia
558 1422 645 1501 olim
670 1424 764 1513 laeta
788 1428 844 1509 est
868 1442 918 1508 en
939 1421 1140 1498 Foesnlanis
1164 1429 1203 1496 et
1221 1422 1405 1514 Romanis,
1422 1421 1520 1499 sicut
1538 1422 1614 1515 ipsa

447 1548 556 1627 autor
580 1540 703 1617 scribit
728 1541 827 1631 inira¹
844 1540 1003 1634 capitulo
1020 1540 1095 1632 llll,
1113 1540 1175 1617 sed
1197 1540 1283 1615 nillil
1299 1540 1346 1620 ad
1365 1540 1611 1637 propositum
1696 1533 1703 1557 ⁸

449 1661 534 1754 quia
559 1667 667 1738 autor
693 1679 766 1739 non
790 1658 1035 1759 loquiturlpie
1051 1659 1098 1737 de
1117 1658 1178 1742 lali
1195 1659 1378 1751 divisione,
1395 1659 1471 1735 imo
1495 1658 1614 1739 inton-

448 1780 498 1853 dit
522 1781 569 1855 de
592 1779 766 1863 divisione
790 1778 902 1852 civilis
927 1775 1183 1863 discordiam
1209 1798 1282 1870 qua
1307 1778 1427 1851 statim
1460 1777 1610 1857 dicetur.

448 1900 493 1970 Et
516 1898 601 1975 dicit
625 1903 816 1973 notanter:
842 1917 879 1969 se
903 1902 939 1968 a
961 1897 1030 1984 sni,
1048 1894 1135 1986 quia
1150 1895 1238 1986 petit
1258 1895 1304 1973 de
1324 1895 1462 1987 lutuno,
1482 1901 1520 1975 et
1543 1894 1613 1973 dtr

449 2017 537 2091 bitat
562 2022 686 2105 utrum
712 2013 873 2104 damnati
897 2013 938 2091 in
958 2011 1103 2097 Manno
1127 2010 1261 2087 seirent
1280 2002 1316 2102 (³)
1346 2013 1489 2087 lutura:
1517 2014 1614 2091 unda

450 2134 615 2221 movebit,
630 2122 666 2224 (s)
693 2133 797 2211 islam
828 2131 1089 2207 dubitationem
1119 2129 1210 2204 inira
1243 2129 1279 2203 in
1308 2129 1466 2221 capitulo
1495 2131 1538 2203 x.
1569 2130 1613 2205 Et

452 2254 564 2349 tangit
577 2250 774 2329 mundam
787 2249 998 2344 petitionem
1015 2266 1100 2321 cum
1119 2247 1219 2323 dicit:
1237 2249 1375 2323 solean
1391 2243 1464 2322 o'e‘e
1479 2250 1612 2337 naum:

448 2373 577 2447 deinde
615 2372 759 2446 tertiam
797 2389 883 2445 cum
921 2367 1026 2443 dicit:
1053 2389 1072 2440 e
1100 2369 1225 2439 nimau
1255 2369 1291 2440 lo
1319 2370 1463 2456 copim
1487 2365 1615 2458 perat

449 2498 546 2564 touta
571 2492 748 2565 uncorum
773 2490 854 2575 raa
879 2489 1096 2559 (1.1εαὶ111-
1109 2490 1141 2556 Ε
1163 2488 1273 2574 puelli
1300 2485 1365 2559 Hic
1389 2492 1497 2560 antor
1513 2487 1612 2580 ponit

452 2607 720 2699 responsionem
738 2605 857 2677 Ciaehi
875 2604 1173 2697 adinterrogata
1191 2603 1254 2694 qui
1271 2602 1389 2696 primo
1408 2593 1444 2692 (⁶)
1463 2624 1611 2698 respon—

449 2726 511 2798 det
535 2724 580 2797 ad
605 2724 760 2818 primam
787 2721 1007 2815 petitionem,
1034 2727 1070 2792 et
1094 2720 1189 2811 dicit,
1215 2720 1312 2811 quod
1338 2721 1435 2799 cives
1459 2722 1610 2801 civitatis

449 2843 571 2917 divisae
596 2842 789 2919 devenient
806 2831 842 2930 (⁶)
869 2840 915 2913 ad
940 2839 1103 2930 vulnera,
1140 2846 1276 2913 mortes
1305 2847 1343 2914 et
1371 2842 1610 2934 expulsiones.

452 2965 503 3038 lid
528 2963 633 3043 cuius
659 2962 713 3034 rei
737 2959 980 3054 oognitionem
1010 2970 1064 3033 est
1096 2959 1372 3051 praesciendum,
1404 2961 1504 3052 quod
1531 2949 1631 3035 nc?

450 3083 566 3159 nentia
591 3087 670 3153 erat
696 3080 732 3151 in
766 3078 896 3155 maiori
926 3078 1015 3157 llore
1047 3085 1087 3153 et
1109 3079 1279 3170 potentia,
1311 3100 1422 3171 quam
1448 3099 1613 3173 unquam

452 3202 571 3293 luerit,
598 3201 640 3287 in,
659 3198 787 3290 olene,
813 3198 849 3273 in
875 3216 949 3288 quo
974 3216 1071 3272 anno
1096 3203 1204 3271 autor
1231 3205 1353 3272 noster
1374 3199 1559 3293 inceperat
1577 3190 1613 3289 (⁷)

451 3320 545 3393 istud
570 3338 663 3411 opus
687 3315 866 3392 lloridum
892 3315 975 3407 Sed,
1000 3326 1045 3393 ut
1061 3316 1281 3407 plerumque
1297 3316 1348 3408 lit,
1367 3336 1425 3391 res
1445 3317 1614 3393 wanda

451 3442 671 3531 pepererunt
695 3424 729 3524 (⁸)
763 3433 998 3523 discordiam3
1031 3452 1116 3507 num
1148 3439 1223 3506 tota
1254 3434 1380 3507 civitas
1408 3435 1522 3511 divisa
1546 3443 1614 3528 est,

452 3555 569 3647 primo
595 3553 689 3627 inter
715 3551 863 3641 nobiles,
889 3549 1050 3624 seeundo
1074 3550 1168 3625 inter
1188 3552 1380 3643 populares
1394 3544 1444 3644 (⁹),
1462 3555 1497 3629 in
1523 3554 1614 3628 duas

450 3679 578 3765 mulas,
609 3670 741 3745 scilicet
777 3669 953 3753 lllhopum
987 3674 1024 3740 et
1054 3668 1260 3761 Nigrorum.
1299 3668 1388 3754 Quae
1419 3670 1612 3762 partialitas

450 3794 568 3886 primo
604 3790 782 3875 babuerat
810 3787 990 3881 originem
1023 3786 1059 3860 in
1093 3785 1238 3863 civitate
1266 3786 1406 3863 Platorii
1437 3788 1473 3861 in
1502 3788 1612 3865 domo

451 3932 584 4006 magna
609 3917 645 3982 et
670 3907 805 4002 potenti
830 3904 1151 3996 cancellariorum,
1172 3904 1265 3981 deut
1284 3905 1425 3981 dicetur
1442 3906 1533 3981 inira
1549 3925 1612 3981 oa·

451 4032 563 4122 pitulo
580 4028 709 4105 XXxll
721 4018 786 4116 (¹⁰).
813 4025 884 4100 Sed
903 4024 974 4097 cito
991 4024 1058 4096 iste
1080 4023 1232 4098 morbus
1247 4026 1479 4119 contagiosus
1494 4033 1612 4102 trans-

451 4152 566 4224 iverat
602 4147 820 4225 Florentiam
859 4151 896 4217 et
924 4143 1098 4219 iniecerat
1131 4150 1250 4217 totum
1283 4164 1415 4237 eorpus
1448 4145 1613 4235 civitatis,

451 4270 629 4363 repletum
645 4266 747 4343 malis
765 4263 990 4341 humoribus.
1009 4263 1113 4353 Nam,
1131 4268 1172 4335 ut
1183 4263 1269 4337 dicit
1282 4264 1458 4357 Valerius,
1472 4265 1614 4339 nullum

512 4501 538 4559 ι’)
555 4501 577 4548 S.
596 4502 615 4548 si
632 4500 689 4563 quis
702 4500 787 4562 justus
804 4504 842 4553 est
858 4499 884 4551 in
899 4512 937 4548 ea.
1076 4493 1103 4556 (Ἴ
1118 4495 1144 4546 S.
1161 4496 1228 4549 illos.

513 4575 539 4634 (⁸)
554 4575 580 4622 S.
598 4576 686 4624 selant.
1075 4571 1101 4630 (⁸)
1119 4574 1172 4628 lit,
1190 4571 1407 4621 morabatinum.

514 4649 541 4708 (⁸)
557 4650 581 4696 S.
598 4663 612 4696 e
629 4648 659 4696 E.
676 4656 702 4698 et
719 4652 810 4711 primo.
1074 4647 1100 4707 (⁸)
1119 4653 1163 4697 lln
1179 4661 1194 4695 e
1211 4647 1241 4695 E.
1257 4648 1367 4697 reniam.

514 4723 538 4778 (²)
556 4723 585 4770 Ε.
604 4725 715 4784 iueoepit.
1073 4722 1099 4780 (⁸)
1117 4728 1170 4784 llo,
1188 4723 1299 4784 pariunt.

512 4797 539 4855 l'l
557 4803 609 4858 tlt,
628 4799 806 4860 popularmet
822 4802 953 4851 inseetis

501 4872 537 4930 l'⁰t
556 4876 607 4931 llo,
626 4871 709 4928 xxn.
727 4872 805 4925 nuru
819 4873 926 4929 hieru.
942 4873 1000 4923 Sed.
