4154 6546
457 809 528 874 254
852 821 1056 877 compunt
1081 821 1231 874 turnum

458 968 529 1042 mel
554 966 734 1042 iaciebant
759 967 841 1059 hoc,
867 966 932 1042 sed
953 965 1127 1040 continuo
1143 965 1324 1042 iterabant
1342 964 1422 1040 sine
1441 965 1623 1043 intermin-

454 1088 555 1161 sione
568 1080 605 1178 (¹)
640 1087 696 1160 vel
730 1086 869 1180 requie,
900 1085 998 1161 unde
1029 1086 1136 1160 dicit:
1152 1087 1227 1178 poi
1256 1106 1295 1158 rc
1326 1087 1452 1176 colped
1481 1087 1622 1161 mooun

454 1211 616 1280 cmo’cra
647 1209 779 1298 ponto,
806 1205 896 1280 idest
926 1225 1014 1280 cum
1046 1211 1264 1301 pervenerat
1293 1204 1340 1280 ad
1371 1203 1507 1280 lineam
1536 1224 1622 1300 qun

453 1336 508 1402 eat
532 1328 712 1401 terminus
736 1325 878 1401 medius
911 1345 1044 1400 eorum
1072 1347 1140 1418 per
1169 1329 1205 1398 lo
1234 1346 1299 1398 suo
1327 1344 1450 1399 mezzo
1472 1327 1621 1416 medio,

453 1446 538 1540 quia
563 1445 665 1520 avari
690 1451 817 1522 tenent
842 1465 955 1519 unam
987 1445 1221 1521 medietatem
1252 1443 1381 1518 circuli
1410 1462 1477 1539 por
1506 1462 1620 1539 qum

452 1566 625 1639 continuo
650 1571 828 1658 currunt3
854 1571 891 1640 et
916 1565 1190 1662 prodigialium
1217 1563 1463 1639 medietatem.
1493 1563 1551 1648 et,
1568 1562 1620 1637 sic

453 1685 534 1759 vide
559 1685 660 1778 quod
684 1706 821 1759 avarus
846 1691 883 1760 et
909 1684 1084 1780 prodigus
1107 1703 1254 1778 semper
1284 1682 1463 1758 accedunt
1492 1689 1617 1757 contra

451 1805 492 1879 'se
517 1804 671 1878 invicem
697 1804 959 1879 contendentes
973 1795 1013 1895 (²)
1036 1803 1083 1878 de
1108 1803 1242 1896 medio,
1259 1801 1345 1896 quia
1361 1808 1521 1896 uterque
1542 1801 1619 1876 vult

452 1924 648 1999 defendere
671 1922 769 2016 quod
799 1928 885 2019 agat
915 1922 1078 1997 virtuose
1110 1929 1149 1997 et
1180 1928 1305 1997 tamen
1336 1926 1469 1997 neuter
1501 1926 1620 2017 potest

452 2061 584 2136 capere
609 2041 771 2117 medium
797 2041 856 2116 vol
882 2041 1051 2135 retinere,
1077 2041 1159 2117 ideo
1184 2040 1410 2116 benedicit:
1436 2061 1462 2113 a
1490 2042 1512 2115 t
1524 2042 1618 2115 wa

451 2164 599 2251 posca,
624 2160 715 2236 iden
737 2160 785 2235 ad
809 2160 923 2235 aliurn
950 2180 1173 2234 concursum
1191 2178 1302 2252 quem
1321 2163 1426 2234 vocnt
1442 2159 1617 2254 gioetram

452 2280 733 2375 methaphorice.
752 2277 854 2354 Sicut
871 2279 970 2354 enim
987 2278 1254 2374 armigeranten
1271 2282 1496 2352 concurrunt
1512 2296 1616 2370 que-

452 2407 573 2474 rentes
597 2406 830 2494 prosternere
857 2421 954 2473 unus
977 2399 1137 2474 alterurn
1151 2388 1200 2491 (⁴⁴),
1218 2406 1256 2474 et
1273 2397 1408 2473 habere
1427 2396 1616 2472 victoriam

453 2537 549 2590 unus
572 2517 619 2592 de
643 2518 771 2609 altero,
797 2526 833 2592 et
858 2518 905 2592 de
930 2519 999 2592 hoc
1025 2517 1240 2613 gloriantur,
1266 2517 1315 2591 ita
1338 2515 1441 2590 avari
1466 2521 1504 2590 et
1526 2535 1613 2611 pro·

450 2637 534 2730 (ligi,
560 2643 602 2708 ut
626 2637 699 2711 iam
724 2637 862 2712 dictum
889 2644 953 2710 est.

525 2760 570 2827 nt
590 2758 626 2826 io
649 2757 701 2860 ¹clt'
716 2776 804 2829 occo
828 2759 856 2830 it
877 2779 950 2830 cor.
976 2759 1047 2833 lsta
1072 2766 1128 2834 est
1143 2759 1249 2834 tertia
1267 2778 1351 2852 pars
1366 2755 1559 2854 generalis,
1578 2755 1614 2830 in

451 2896 524 2967 qua
550 2880 660 2948 autor
680 2880 810 2949 tractat
835 2877 872 2949 in
896 2878 1059 2972 generali
1084 2879 1131 2954 de
1155 2877 1335 2974 predictis
1358 2884 1396 2953 et
1409 2864 1447 2969 (⁸)
1473 2876 1510 2949 in
1534 2894 1616 2971 spe-

450 2994 530 3069 ciali
555 2992 601 3068 de
627 3014 701 3068 uno
725 3014 863 3090 genero
880 2998 1071 3072 hominum
1090 2998 1127 3072 in
1144 2997 1278 3093 quihus
1298 2994 1616 3073 fundamentaliter

450 3117 548 3210 viget
564 3114 735 3208 avaricia,
760 3123 799 3189 et
822 3116 912 3211 petit
928 3125 1038 3192 autor
1052 3138 1077 3193 a
1093 3117 1241 3214 Virgilio
1257 3117 1304 3192 de
1320 3101 1480 3191 duobus:
1498 3114 1616 3210 primo

450 3235 486 3306 in
516 3253 665 3329 genere,
699 3234 763 3326 qui
794 3242 879 3309 sunt
895 3225 930 3327 (⁵)
965 3235 1045 3310 isti:
1073 3236 1235 3312 secundo
1268 3236 1305 3309 in
1334 3235 1465 3329 specie,
1500 3234 1529 3309 si
1567 3234 1615 3311 illi

290 3344 296 3364 ⁸
400 3385 402 3388 ¹
449 3353 551 3428 avari
582 3354 644 3446 qui
675 3358 759 3427 sunt
790 3375 813 3428 a
842 3354 985 3429 sinistra
1016 3356 1166 3431 luerunt
1195 3375 1324 3431 omnes
1356 3355 1489 3430 clerici.
1525 3355 1616 3431 Dicit

449 3492 562 3568 ergo:
581 3480 614 3545 et
627 3476 662 3546 to
678 3477 729 3545 ct’
741 3495 831 3547 coco
846 3477 874 3546 tl
888 3496 951 3546 cor
968 3478 1070 3565 qwci
1084 3482 1280 3566 coniuncto,
1298 3473 1434 3567 scilicet
1449 3495 1497 3549 ex
1513 3480 1616 3551 tanta

450 3592 707 3667 contrarietate
733 3599 769 3666 et
795 3593 1035 3688 repugnantia
1054 3591 1261 3686 hominum,
1279 3594 1365 3666 dori
1375 3617 1388 3664 .·
1404 3614 1427 3664 o
1443 3598 1613 3682 Moatra,

449 3733 493 3783 or
517 3733 571 3786 me
600 3714 771 3786 dtnwstra
804 3716 864 3787 cite
893 3719 992 3804 pace
1020 3705 1042 3784 c*
1068 3718 1200 3803 quein,
1230 3710 1332 3804 idest,
1361 3732 1448 3805 quae
1474 3730 1612 3807 genera

449 3832 638 3920 hominum
664 3838 750 3905 sunt
773 3831 841 3906 ista
866 3831 996 3907 in-isto
1020 3831 1170 3926 circulo,
1196 3851 1280 3925 quae
1304 3830 1418 3908 divisa
1442 3851 1508 3926 per
1532 3851 1612 3907 nre-

447 3951 547 4024 dium
573 3949 745 4025 continuo
775 3949 963 4026 decertant
994 3951 1127 4046 linguis
1151 3950 1245 4026 inter
1275 3968 1328 4045 se,
1350 3957 1388 4028 et
1420 3970 1610 4046 nunquam

447 4070 616 4145 ridentur
641 4070 763 4145 iacere
787 4091 934 4165 paoem3
960 4079 997 4145 et
1022 4070 1080 4145 dic
1105 4071 1193 4146 milri
1224 4071 1262 4146 in
1285 4071 1432 4167 speciali
1459 4070 1506 4146 de
1534 4069 1611 4145 istis

446 4190 510 4283 qui
535 4195 620 4263 sunt
644 4191 691 4264 ad
715 4190 896 4265 sinistram
914 4190 978 4283 qui
993 4180 1030 4282 (ὅ)
1050 4190 1220 4266 videntur
1235 4191 1373 4265 habere
1392 4197 1611 4266 extraneum

448 4309 628 4402 lrabitum3
649 4331 686 4381 se
710 4313 817 4400 questi
841 4311 1000 4399 cltcrcuti,
1017 4309 1108 4384 idest
1124 4301 1159 4401 (⁷)
1178 4310 1312 4404 clerici,
1336 4310 1413 4384 slve
1438 4311 1611 4384 habentes

515 4548 533 4605 ¹)
552 4552 605 4605 lto,
622 4547 806 4599 irremirrione.
1142 4547 1169 4607 (¹)
1187 4552 1240 4607 tto,
1258 4547 1449 4601 oontmdentea.

507 4620 534 4679 l'l
550 4621 575 4671 S·
592 4621 680 4672 ulum.
1143 4624 1170 4687 (⁸)
1185 4624 1218 4675 lt
1233 4628 1263 4676 et
1275 4623 1356 4676 etim
1370 4622 1406 4675 in

508 4696 534 4827 g}
550 4696 580 4817 ἒ
593 4698 776 4823 {ititvssteinffirro
793 4700 924 4764 incpedit,
940 4699 963 4749 ni
979 4699 1064 4750 illi·-
1074 4700 1105 4750 li.
1122 4700 1167 4764 qui
1183 4701 1235 4751 tini
1249 4699 1307 4761 ioth
1323 4699 1445 4761 nennio,
1461 4699 1489 4749 ln
1502 4697 1596 4762 specle.

506 4845 532 4906 tt
550 4850 595 4896 nc
610 4860 626 4896 ο
641 4848 673 4899 n
688 4809 791 4900 aare
806 4851 849 4902 nu
863 4851 980 4905 nean
996 4851 1038 4903 vu
1053 4851 1176 4905 namra
1191 4849 1401 4904 utum-n
1416 4849 1482 4903 uae
1495 4847 1611 4902 mu

446 4921 458 4968 s
457 4933 540 4970 rrrrr
541 4927 552 4972 l
566 4934 657 4974 omnm
672 4924 825 4976 uoertlolet.
842 4926 884 4978 Ra.
