4154 6546
453 787 523 854 412
848 797 1051 854 consuuntur
1076 799 1229 852 nuruum

451 963 537 1017 nem
562 944 609 1016 ab
633 944 754 1037 ocule,
780 949 816 1017 et
841 943 1002 1016 azonem
1022 942 1067 1014 lll
1093 942 1206 1015 lilium
1233 942 1325 1036 eius,
1351 943 1437 1037 quia
1463 949 1620 1037 uterque

451 1064 548 1137 visus
574 1070 628 1138 est
652 1063 834 1137 violentus
859 1070 1025 1156 tempore
1055 1083 1134 1136 suo.
1167 1064 1258 1136 Nam
1290 1064 1402 1137 Obizo
1432 1085 1504 1136 non
1531 1085 1621 1138 uon·

450 1191 572 1258 tentus
597 1205 708 1256 suum
734 1184 936 1257 dominium
963 1184 1058 1258 intra
1083 1205 1198 1278 aquas
1224 1185 1309 1258 Padi
1335 1185 1524 1277 contineri,
1550 1185 1621 1259 llo-

449 1307 552 1401 gium
569 1298 605 1397 (¹)
619 1312 656 1380 ct
669 1305 842 1378 Mutinam
856 1305 1059 1399 occupavit,
1078 1311 1115 1379 et
1133 1306 1250 1379 tenuit
1267 1305 1469 1379 dominium
1483 1306 1615 1381 Ferra-

451 1427 515 1499 riae
528 1448 640 1500 xxvrn
653 1426 767 1519 annis,
781 1426 844 1499 ubi
857 1417 1072 1518 mortuusss)
1088 1433 1143 1499 est
1155 1426 1401 1500 annoDomiui
1412 1427 1618 1520 llCCXClll,

450 1547 500 1619 ita
526 1547 623 1640 quod
650 1545 761 1619 Obizo
792 1552 829 1619 ot
853 1546 928 1619 Azo
953 1545 1048 1619 lilius
1073 1546 1152 1620 eius
1179 1553 1427 1641 regnaverunt
1453 1553 1619 1641 tempore

451 1667 563 1740 nostri
588 1666 737 1739 autoris
766 1667 840 1738 Azo
866 1686 956 1739 vero
981 1666 1180 1739 Bononiam
1215 1673 1252 1739 et
1278 1667 1449 1741 Parmam
1476 1666 1618 1763 magnis

453 1787 552 1861 bellis
577 1787 715 1879 afflixit,
742 1792 912 1859 neutram
941 1793 1063 1859 lamen
1097 1785 1213 1879 potuit
1239 1785 1427 1881 obtinere;
1463 1787 1538 1860 imo
1564 1787 1619 1861 vi-

450 1906 606 1979 debatur
631 1906 894 2002 subiugaturus
909 1897 946 1998 (³)
965 1905 1030 1978 sibi
1045 1905 1300 1979 Lombardiam
1314 1907 1474 2001 potentia
1487 1914 1525 1981 et
1538 1928 1619 1980 ma·

448 2025 654 2121 guilicentia
680 2045 759 2118 sua,
773 2032 920 2120 aocepta
946 2026 982 2098 in
1007 2045 1163 2099 uxorem
1191 2024 1263 2098 lilia
1289 2026 1407 2100 Caroli
1434 2027 1463 2098 ll
1489 2047 1618 2100 sorore

451 2146 546 2240 regis
576 2146 733 2219 Roberti.
762 2147 846 2218 Post
878 2145 1063 2219 modicum
1094 2151 1218 2220 tamen
1247 2146 1388 2218 amissis
1419 2146 1556 2220 Mutina
1582 2153 1620 2220 et

450 2266 563 2360 Regio
589 2266 624 2338 in
648 2266 793 2340 duobus
817 2265 945 2340 diebus
970 2266 1176 2340 infirmatus
1190 2255 1227 2356 (⁴)
1255 2271 1309 2340 est
1334 2273 1372 2340 et
1394 2269 1565 2341 mortuus
1583 2266 1619 2338 in

315 2416 317 2420 ·
450 2387 633 2461 anxietate
658 2387 735 2462 sine
759 2388 881 2481 prole3
908 2407 954 2460 ex
972 2408 1047 2480 quo
1072 2387 1275 2460 dominium
1294 2386 1373 2460 eius
1391 2389 1565 2461 remansit
1583 2388 1618 2460 in

451 2528 584 2602 magna
603 2506 664 2580 lite
682 2507 775 2581 inter
794 2506 923 2581 iratres
942 2514 979 2580 et
991 2513 1161 2600 nepotes3
1180 2513 1216 2580 et
1234 2497 1272 2596 (⁵)
1286 2506 1380 2578 iilius
1400 2507 1480 2580 eius
1501 2508 1618 2580 Fran-

451 2628 568 2701 ciscus
585 2628 761 2700 naturalis
788 2628 902 2700 tenuit
927 2626 1128 2700 dominium
1157 2627 1352 2721 modicum,
1379 2635 1416 2701 ot
1442 2648 1616 2723 magnum

452 2748 588 2822 bellum
611 2749 693 2821 lecit
715 2768 801 2821 cum
820 2749 945 2822 lavore
959 2749 1196 2842 Venetorum,
1214 2749 1299 2841 quia
1320 2755 1437 2821 mater
1453 2748 1532 2822 eius
1549 2747 1617 2820 luit

453 2868 600 2940 Veneta.
620 2868 784 2940 Mortuus
801 2873 856 2941 est
876 2868 950 2940 uzo
968 2868 1011 2939 lll
1037 2888 1134 2941 anno
1159 2868 1300 2940 Domini
1319 2868 1512 2942 llCCCVlll
1529 2887 1616 2942 cum

450 2994 637 3084 regnasset
669 3010 718 3062 nv
747 2989 861 3062 annis.
895 2989 999 3061 Nunc
1037 2988 1081 3061 ad
1121 2989 1264 3062 literam
1303 2995 1411 3062 autor
1448 2988 1618 3062 describit

448 3107 644 3182 obizonem
672 3109 719 3181 ab
745 3109 869 3182 babitu
895 3109 1068 3202 corporis,
1086 3109 1225 3182 diceus:
1252 3131 1271 3181 c
1295 3112 1394 3200 quel?
1406 3112 1501 3181 ultro
1526 3101 1618 3181 clr'le

448 3231 575 3301 biunde
600 3225 620 3302 e*
647 3230 755 3301 obizo
781 3231 830 3301 du
857 3234 958 3320 Esle5
984 3236 1021 3302 et
1048 3229 1162 3323 tangit
1187 3236 1346 3302 mortem
1372 3228 1451 3302 eius
1478 3228 1617 3302 violen-

448 3355 535 3441 tam,
554 3349 640 3440 quia
661 3348 808 3421 infamia
829 3349 905 3443 luit,
924 3348 1124 3441 quodcum
1148 3348 1407 3440 infirmaretur,
1425 3348 1500 3422 Azo
1522 3347 1617 3421 filius

448 3468 573 3541 lecerit
610 3469 728 3564 ipsum
769 3469 886 3542 iuvari
924 3469 1030 3541 citius
1067 3469 1172 3542 mori.
1212 3469 1287 3542 Hoc
1324 3476 1449 3542 autem
1489 3468 1616 3544 babuit

448 3589 582 3662 [lantes
607 3610 630 3663 a
655 3588 850 3662 Ricobaldo
875 3588 1099 3662 l'errariensi
1122 3588 1533 3682 magnocbronicbista,
1552 3588 1615 3681 qui

448 3715 536 3783 tuuc
561 3709 718 3801 vivebat,
744 3716 781 3782 et
806 3709 868 3802 qui
895 3709 964 3781 boc
990 3708 1113 3781 scribit
1134 3708 1169 3779 in
1191 3708 1367 3781 chronicis
1394 3708 1480 3800 suis,
1499 3708 1561 3801 qui
1578 3699 1614 3799 (Β)

448 3828 544 3920 dicit,
570 3829 669 3921 quod
694 3829 768 3901 Ano
794 3835 964 3900 mortuus
990 3828 1105 3901 estin
1132 3828 1259 3901 Castro
1284 3828 1434 3922 Estensi‚
1460 3848 1547 3901 cum
1574 3828 1619 3900 ti-

449 3958 567 4024 meret
600 3970 725 4023 necem
760 3949 824 4022 sibi
858 3948 981 4021 inserri
1017 3970 1039 4021 a
1071 3948 1318 4040 familiaribus,
1345 3948 1439 4020 sicut
1468 3947 1618 4020 Obizoni

449 4072 543 4167 patri
559 4060 597 4162 (⁷)
626 4070 808 4143 intulerat.
828 4069 919 4143 Dicit
944 4090 1049 4164 ergo:
1076 4073 1109 4142 ei
1132 4073 1216 4160 qual
1232 4091 1301 4162 per
1326 4089 1410 4140 vero
1432 4072 1472 4161 so
1496 4075 1616 4175 specto

448 4196 511 4265 dol
530 4193 705 4282 fioliostro
730 4211 771 4262 su
796 4192 854 4261 net
877 4192 1013 4288 mundo
1033 4190 1077 4262 Et
1101 4190 1160 4263 bic
1185 4195 1282 4282 nota,
1300 4208 1412 4282 quam
1439 4190 1565 4283 pulcre
1582 4195 1619 4262 et

450 4313 602 4385 honeste
635 4316 744 4383 autor
775 4309 897 4404 palliat
926 4309 1020 4382 istud
1051 4309 1201 4403 lactum,
1227 4329 1362 4382 vocans
1387 4307 1501 4382 lilium
1529 4308 1619 4382 lilia·

448 4441 579 4525 strum,
606 4432 708 4524 quasi
736 4431 822 4504 velit
847 4431 1013 4523 innuere,
1044 4430 1141 4523 quod
1172 4451 1244 4502 non
1279 4429 1389 4522 possit
1421 4428 1553 4503 cadere
1582 4429 1618 4501 in

509 4612 535 4671 (¹)
551 4610 581 4659 E.
599 4611 707 4672 Regium
724 4614 750 4658 et
767 4611 909 4659 Mantuam.
1055 4606 1082 4670 (¹)
1100 4608 1130 4657 E.
1148 4613 1267 4658 mortuus
1282 4611 1321 4657 est
1338 4610 1407 4656 129³.

508 4686 534 4745 (¹)
552 4687 582 4735 Ε.
598 4686 782 4749 subjugaturus
797 4686 978 4735 Lombardiarn
995 4686 1108 4748 potentia
1125 4699 1170 4734 sua
1186 4690 1212 4734 et
1230 4683 1425 4746 magnificentia,
1442 4686 1556 4747 acceptu.

508 4762 535 4821 (·)
552 4763 582 4811 E.
601 4763 744 4812 inllrmatus
759 4769 786 4813 et
803 4769 922 4813 mortuus
938 4765 963 4812 in
979 4764 1114 4813 anxietate.

507 4840 534 4899 (¹)
551 4840 575 4887 s.
593 4845 619 4887 et
635 4839 703 4889 lilius
718 4841 774 4890 eius
790 4840 915 4890 naturalis
932 4841 1062 4890 tenuit·
1072 4839 1103 4889 E.
1120 4844 1145 4888 el
1163 4838 1230 4888 lilius
1246 4839 1400 4887 Frauclscus
1415 4838 1548 4889 unturnlts.

510 4915 537 4976 (·)
552 4915 583 4965 li.
599 4917 667 4978 qula.
1055 4916 1083 4980 (¹)
1098 4916 1128 4965 E.
1146 4917 1212 4980 putri
1228 4920 1387 4966 occurrerat.
