4154 6546
868 740 1005 797 emtis
1030 738 1195 794 mnus.
1548 731 1624 796 115·

448 894 582 971 lnlemi
608 890 766 987 separati
791 890 839 964 ab
863 887 1035 962 omnibus
1051 894 1090 961 et
1105 886 1269 985 relegati,
1290 886 1395 981 quasi
1419 887 1525 980 dicat,
1551 904 1619 962 nec

449 1016 560 1107 naus,
585 1030 654 1087 nec
678 1009 844 1084 diabolus
875 1005 1047 1102 dignatur
1078 1006 1216 1080 babere
1241 1026 1305 1080 eos
1331 1005 1367 1078 in
1400 1026 1515 1102 regno
1540 1025 1618 1079 suo.

450 1132 488 1211 st
514 1152 607 1208 vero
635 1128 882 1225 intelligamus
905 1126 953 1200 de
987 1124 1129 1219 morali,
1160 1131 1249 1200 tunc
1282 1133 1487 1220 exponetur
1515 1129 1621 1202 litera

449 1250 524 1328 sict
554 1248 797 1324 merula
822 1247 848 1319 li
869 1247 1015 1336 sdeprto,
1042 1243 1128 1337 quia
1154 1242 1247 1317 sicut
1263 1244 1431 1319 videmus
1461 1266 1547 1343 sepe
1575 1246 1622 1323 de

450 1366 548 1447 iaoto
570 1388 646 1443 non
671 1366 895 1440 miserentur
918 1383 1005 1457 sepe
1020 1362 1187 1436 homines
1204 1362 1290 1457 istis,
1307 1365 1455 1458 quando
1480 1368 1621 1443 suntin

452 1493 668 1583 paupertate
692 1491 730 1560 et
753 1483 920 1579 penuria,
946 1481 1021 1555 imo
1045 1481 1192 1556 dicunt:
1219 1483 1314 1557 bene
1344 1491 1399 1557 est
1430 1484 1509 1580 sibi,
1535 1487 1622 1580 quia

452 1622 601 1700 semper
611 1604 680 1677 mu
689 1597 726 1695 (¹)
741 1623 838 1675 unus
852 1600 931 1674 vilis
944 1600 1055 1674 tristis
1065 1598 1131 1694 qui
1144 1620 1334 1695 nunquam
1348 1604 1463 1678 valuit
1474 1604 1620 1699 aliquid.

452 1727 610 1815 mssa,
622 1724 721 1817 quia,
738 1723 833 1796 sicut
848 1719 960 1795 etiam
972 1726 1134 1815 apparet,
1148 1720 1314 1797 homines
1327 1724 1623 1801 verecundantur

453 1843 585 1938 punire
608 1860 673 1917 eos
697 1840 846 1935 quando
870 1838 1109 1932 delinquunt:
1134 1839 1233 1913 unde
1249 1841 1411 1936 gaudent
1434 1844 1623 1943 privilegio

453 1968 602 2058 propter
625 1960 801 2036 vilitatem
827 1977 972 2050 eorum,
989 1958 1083 2031 sicut
1103 1959 1290 2054 meretrix,
1309 1982 1392 2054 quae
1415 1983 1489 2036 non
1506 1972 1624 2061 potest

453 2080 619 2157 accusari
643 2098 714 2154 nec
737 2077 859 2173 puniri
883 2076 931 2151 de
954 2075 1144 2151 adulterio.
1176 2078 1260 2153 ldeo
1292 2080 1479 2177 eleganter
1503 2082 1623 2158 subdit

454 2196 649 2298 Virgilius:
674 2218 748 2271 non
771 2199 973 2288 rugientium
989 2196 1027 2269 di
1043 2200 1112 2288 lor,
1130 2218 1188 2269 mu
1203 2203 1346 2288 guarda
1363 2223 1382 2272 e
1394 2222 1519 2294 passo,
1537 2204 1624 2297 quia

453 2338 526 2397 non
551 2326 608 2396 est
632 2317 819 2393 faciendus
844 2334 967 2391 sermo
991 2316 1038 2390 de
1063 2317 1195 2390 talibus
1221 2318 1286 2392 nisi
1313 2318 1362 2394 ita
1386 2320 1423 2393 in
1449 2324 1624 2418 transitu;

453 2458 526 2515 non
550 2438 649 2514 enim
674 2436 784 2512 debet
808 2434 887 2510 fleri
913 2435 1092 2509 memoria
1118 2436 1165 2510 de
1188 2435 1274 2510 istis.
1287 2438 1346 2511 'Ad
1371 2441 1469 2533 quod
1487 2443 1625 2537 optime

451 2558 537 2635 dreit
559 2556 648 2632 illud
673 2555 773 2650 quod
798 2553 923 2628 scribit
947 2552 1113 2627 Valerius
1134 2554 1312 2629 Maximus
1336 2557 1383 2631 de
1407 2578 1453 2632 eo
1477 2561 1541 2653 qui
1567 2561 1625 2634 in-

453 2677 572 2754 cendii
595 2676 777 2770 templum
801 2673 927 2747 Dianae
945 2672 1241 2767 apudcivitatem
1268 2676 1465 2773 Ephesum,
1483 2685 1524 2755 ut
1543 2682 1626 2779 pul·

454 2796 613 2871 terrimo
637 2812 751 2889 opere
775 2798 992 2886 consumpto
1018 2813 1152 2866 nomen
1169 2795 1250 2888 ejus
1266 2816 1333 2891 per
1349 2802 1468 2871 totum
1494 2800 1622 2876 orbem

455 2921 644 2990 terrarum
668 2910 946 2986 didlrnderetur.
972 2911 1016 2983 Et
1047 2911 1133 2985 dicit
1162 2913 1260 3005 quod
1289 2914 1384 2989 bene
1408 2912 1621 3016 reserante)

455 3032 599 3129 ltpbesii
623 3032 781 3106 tollendo
806 3030 1025 3105 memoriam
1051 3031 1201 3107 eiusde
1226 3039 1325 3106 terra
1341 3025 1376 3126 (³)
1403 3056 1470 3129 per
1497 3036 1625 3115 decre-

456 3160 552 3245 tum,
576 3148 644 3225 nisi
669 3150 768 3244 quod
793 3148 943 3243 quidam
968 3148 1234 3244 Theopompus,
1260 3152 1317 3224 vir
1343 3156 1465 3250 magni
1490 3156 1624 3256 ingenii

455 3277 494 3347 et
504 3269 735 3364 eloquentie,
752 3288 887 3342 nornen
904 3266 1000 3341 illius
1015 3266 1052 3340 in
1072 3266 1148 3341 suis
1164 3268 1321 3342 historiis
1340 3274 1623 3368 comprehendit.

458 3390 559 3465 Unde
583 3394 622 3464 et
644 3387 861 3481 Macrobius,
887 3386 980 3461 libro
1005 3386 1267 3481 Saturnalium,
1292 3386 1377 3463 lacit
1402 3394 1624 3472 mentionem

455 3508 504 3584 de
526 3508 596 3581 isto
620 3505 777 3580 mirabili
802 3505 951 3599 templo,
977 3511 1015 3578 et
1039 3503 1123 3578 dicit
1140 3504 1238 3599 quod
1255 3528 1444 3601 nunquam
1462 3522 1543 3588 erat
1560 3538 1627 3591 no

457 3624 650 3704 minandus
664 3626 729 3720 qui
741 3626 919 3719 templum
935 3622 1060 3697 Dianae
1073 3626 1235 3720 Ephesiae
1254 3627 1463 3707 incenderat
1479 3620 1526 3725 (⁴).
1541 3634 1626 3711 ldeo

456 3747 604 3825 mmuni
624 3744 774 3821 oonsilio
790 3742 883 3818 daie
900 3744 1091 3819 decretum
1109 3754 1164 3820 est
1181 3768 1228 3822 ne
1244 3748 1374 3844 aliquis
1391 3752 1515 3849 aliquo
1533 3763 1627 3831 tem-

457 3884 547 3963 pore
560 3865 770 3940 nominaret
794 3882 929 3938 nomen
954 3862 1044 3938 elus.
1071 3865 1124 3938 lta
1140 3867 1186 3940 ad
1205 3871 1443 3967 propositum,
1462 3881 1503 3947 ut
1528 3876 1627 3952 vide

459 4006 543 4061 mus
556 3990 634 4059 tota
657 3982 729 4077 die,
753 3980 811 4056 isti
836 3980 963 4056 ribaldi
988 3982 1187 4058 incendunt
1205 3984 1250 4059 ad
1271 3984 1560 4090 delectationem,
1586 4007 1628 4072 ut

459 4103 652 4179 videantur
675 4100 771 4176 scire
793 4098 931 4194 aliquid
944 4092 982 4194 (⁶)
999 4101 1134 4197 lacere,
1150 4125 1268 4178 unum
1286 4108 1466 4200 palacium
1493 4114 1627 4190 valoris

459 4222 620 4316 plurium
637 4222 779 4295 milium
794 4211 832 4313 (⁶)
848 4240 1065 4315 aureorum,
1083 4222 1158 4297 imo
1183 4245 1270 4319 sepe
1287 4247 1400 4301 unam
1423 4234 1624 4308 eeclesiam.

459 4345 506 4416 Εἰ
525 4342 572 4413 io.
597 4340 662 4416 llic
689 4347 812 4433 autor,
837 4340 924 4433 quia
952 4339 1096 4416 dixerat
1127 4363 1199 4416 non
1231 4364 1311 4419 esse
1341 4348 1526 4444 agendum
1552 4360 1629 4426 stu-

519 4610 877 4677 pam-vuemo
1150 4614 1396 4680 erraberunt

521 4687 915 4755 placemusque.
1151 4696 1450 4758 (summersam.

520 4764 961 4903 gfffflatmgm
976 4766 1103 4831 wallum
1119 4771 1240 4835 pulcrum
1256 4772 1378 4827 millium.
