3990 6540
724 818 874 874 'caurus
899 818 1079 874 sumnum.
1414 809 1484 874 2117

317 966 412 1059 coeli,
438 963 520 1038 ideo
544 964 639 1037 bene
662 961 766 1037 dicit:
792 965 824 1034 el
847 969 972 1054 troppo
988 969 1065 1034 star
1084 964 1234 1054 nuso,
1254 961 1347 1037 idest
1362 963 1487 1058 prohi-

318 1087 425 1158 betur
450 1084 553 1157 nobis
568 1076 604 1173 (¹)
626 1082 800 1175 quianon
818 1081 952 1155 babent
969 1088 1021 1153 sta
1027 1100 1067 1153 re
1083 1080 1150 1153 nisi
1168 1100 1234 1175 per
1252 1087 1327 1156 tres
1342 1081 1419 1156 dios
1431 1072 1484 1173 (²),

317 1203 398 1277 ideo
423 1222 496 1275 non
520 1207 688 1296 poterant
707 1200 863 1295 amplius
883 1205 981 1274 stare
1006 1201 1043 1272 in
1068 1199 1163 1273 dicto
1180 1199 1318 1274 circulo
1337 1200 1368 1274 si
1384 1201 1488 1274 role-

317 1323 406 1396 bant
428 1321 576 1396 visitare
590 1311 627 1412 (³)
654 1327 788 1395 caetera
812 1320 892 1394 loca
910 1319 1054 1413 lnierni,
1072 1319 1108 1391 in
1130 1319 1263 1413 quibus
1283 1320 1487 1413 puniuntur

318 1447 371 1515 tot
394 1440 464 1514 aliu
490 1441 591 1514 vicia.
620 1442 697 1513 Not.
716 1441 781 1514 llic
797 1446 906 1517 autor
923 1440 1091 1514 describit
1108 1440 1296 1515 introitum
1314 1438 1361 1513 ad
1378 1439 1486 1532 quin-

318 1569 396 1633 tum
423 1560 602 1634 circulum
627 1560 772 1633 dicens:
800 1563 868 1632 Not
890 1563 1109 1652 ricedemmo
1135 1559 1226 1633 idest
1260 1565 1487 1634 transversu-
1548 1555 1552 1566 '

320 1681 452 1773 vimus,
477 1684 510 1752 el
532 1681 680 1770 coctio,
711 1676 803 1753 idest
836 1680 1049 1773 praedictum
1084 1680 1262 1753 circulum
1298 1684 1485 1773 quartum,

320 1823 344 1872 n
369 1803 499 1873 tolera
522 1803 616 1890 rivo,
642 1820 726 1893 quse
751 1799 884 1875 scilicet
909 1806 965 1874 cst
990 1800 1109 1874 media
1134 1800 1229 1874 inter
1248 1806 1422 1893 quartum
1449 1806 1487 1872 ot

320 1920 487 2013 quintum
515 1919 706 1992 circulum.
734 1918 804 1992 Sed
820 1919 879 1992 bic
897 1919 1096 1997 notandum
1114 1927 1314 2012 antequam
1332 1918 1487 1992 ulterius

321 2039 528 2133 procedam,
555 2039 652 2133 quod
682 2046 792 2112 autor
822 2041 1016 2132 hucusque
1049 2040 1217 2114 tractavit
1246 2039 1293 2114 de
1326 2044 1488 2131 quatuor

320 2160 475 2253 peccatis
500 2141 751 2254 corporalibus
768 2166 806 2232 et
822 2159 1039 2251 levioribus,
1060 2159 1194 2233 scilicet
1212 2159 1371 2253 luxuria,
1387 2161 1485 2255 gula,

320 2268 478 2352 avaricia
505 2284 542 2352 et
568 2278 842 2374 prodigalitate:
869 2298 966 2353 nunc
991 2278 1247 2371 compendiose
1262 2285 1487 2352 tractaturus

318 2405 373 2472 est
385 2398 431 2472 dc
443 2405 603 2491 quatuor
623 2397 868 2492 spiritualibus
881 2403 918 2471 et
929 2398 1158 2494 gravioribus
1171 2388 1221 2492 (⁴),
1238 2399 1372 2473 scilicet
1390 2401 1487 2474 acci-

317 2517 386 2610 dia,
414 2503 478 2610 im,
505 2517 636 2591 invidia
663 2523 701 2589 et
724 2516 904 2609 superbia.
931 2517 984 2589 nd
1008 2519 1232 2612 propositum
1258 2538 1349 2615 ergo
1378 2525 1487 2593 autor

320 2643 541 2713 tractaturus
555 2627 590 2725 (⁵)
619 2654 752 2709 novam
780 2636 970 2710 materiam
1001 2637 1156 2712 ostendit
1186 2637 1284 2731 quod
1298 2628 1336 2731 (⁶)
1367 2638 1486 2732 primo

318 2756 497 2830 invenerit
514 2753 700 2827 introitum
719 2753 822 2827 istius
839 2756 954 2848 quinti
972 2755 1109 2849 circuli,
1128 2763 1164 2830 et
1181 2757 1299 2851 primo
1324 2757 1427 2854 fingit
1447 2777 1486 2829 so

319 2874 498 2947 invenisse
512 2892 628 2944 unum
642 2872 777 2946 iontem
792 2873 1025 2950 ebullientem
1040 2885 1077 2951 ct
1089 2876 1336 2957 effundentem
1350 2896 1484 2970 aquam

319 3012 402 3084 quae
428 2991 511 3067 iacit
544 3012 661 3064 unum
694 2992 814 3065 rivum
841 2994 1099 3068 decurrentem
1134 3014 1343 3088 perunum
1375 2997 1488 3070 iossa-

320 3119 411 3202 tum,
437 3110 500 3203 qui
536 3097 638 3183 rivus
653 3100 689 3200 (⁷)
714 3117 857 3206 stagnat
883 3118 921 3186 et
948 3113 1033 3186 iacit
1054 3135 1166 3186 unam
1184 3114 1354 3207 paludem
1373 3136 1486 3209 quam

320 3235 425 3302 vocat
448 3235 602 3326 stygem.
629 3229 683 3303 ld
708 3230 807 3322 quod
833 3231 986 3305 ulterius
1011 3237 1067 3304 ost
1087 3233 1287 3306 notandum
1306 3234 1404 3327 quod
1420 3252 1487 3328 per

319 3352 388 3423 boc
422 3356 529 3423 autor
560 3348 694 3445 figurat
725 3350 824 3442 quod
855 3350 922 3422 ista
956 3360 1117 3443 quatuor
1148 3351 1252 3445 vicia,
1279 3353 1326 3427 de
1355 3353 1488 3447 quibus

319 3469 427 3560 inodo
461 3469 613 3544 intendit
646 3477 817 3564 tractare,
844 3478 929 3544 sunt
963 3472 1067 3564 quasi
1093 3471 1254 3546 fraterna
1283 3482 1321 3548 et
1354 3473 1488 3549 habent

320 3588 488 3663 eamdem
514 3588 694 3684 originem
719 3597 757 3663 et
783 3591 935 3665 tendunt
966 3589 1013 3663 ad
1042 3591 1233 3664 tristitiam.
1264 3588 1349 3666 ldoo
1378 3599 1488 3666 autor

317 3708 420 3802 punit
444 3708 520 3801 ipsa
551 3709 586 3781 in
616 3709 734 3805 stygia
765 3711 897 3804 palude
927 3730 1011 3804 que
1041 3712 1302 3806 interpetratur
1334 3708 1485 3788 tristitia.

318 3827 384 3901 lilii
410 3835 534 3902 tarum
559 3826 683 3902 dicunt
709 3830 808 3923 quod
834 3829 901 3904 iste
930 3831 1009 3904 lons
1039 3832 1231 3928 figurative
1264 3838 1319 3906 est
1349 3830 1487 3909 orendo

318 3948 393 4040 irae,
419 3947 500 4021 idoo
526 3954 635 4021 autor
659 3947 766 4022 dicit:
791 3971 902 4042 sopra
925 3972 999 4024 ono
1012 3957 1109 4046 [onte
1124 3955 1184 4024 otc
1200 3953 1288 4033 bolle
1304 3975 1323 4025 e
1337 3955 1484 4026 rivom

228 4062 233 4071 '
320 4066 410 4139 Nam
437 4065 491 4139 ira
516 4072 572 4140 ost
596 4068 763 4142 accensio
789 4070 974 4165 sanguinis
999 4071 1095 4146 circa
1120 4092 1202 4164 oor3
1220 4072 1302 4146 idoo
1327 4071 1487 4145 insonte

320 4184 441 4257 nullus
465 4187 627 4280 punitur,
653 4187 739 4280 quia
765 4196 914 4263 nonest
939 4191 974 4263 in
1000 4191 1106 4285 culpa
1125 4210 1192 4264 neo
1210 4197 1391 4265 moeretur
1407 4210 1487 4284 poe-

320 4323 417 4397 nam,
443 4305 529 4398 quia
545 4296 580 4396 (⁸)
607 4309 801 4381 vescimini
824 4317 857 4382 et
879 4313 982 4383 notite
1000 4331 1160 4402 peccare.
1186 4311 1300 4385 Rivus
1333 4330 1487 4383 manans

380 4534 405 4594 (¹)
422 4535 452 4585 ll.
470 4535 543 4585 nobis
558 4543 584 4588 ct
600 4539 703 4598 merito,
721 4542 781 4603 quta
798 4555 849 4592 non
866 4541 993 4592 trabebant
1010 4544 1063 4592 illic
1080 4549 1156 4594 stare.

379 4607 406 4670 (¹)
424 4613 477 4670 lto,
494 4611 590 4667 diesin
607 4614 721 4675 latomo,
738 4618 805 4669 ideo.
1015 4619 1040 4680 (¹)
1056 4619 1081 4669 S.
1098 4621 1192 4672 videro.
1233 4679 1238 4687 ¹

378 4686 404 4747 ι’)
421 4687 451 4736 E.
468 4690 629 4750 gravioribus
645 4694 764 4755 pcccatis,
780 4694 887 4745 scilicet.
1013 4695 1040 4756 (¹)
1058 4698 1111 4754 tlt,
1128 4695 1273 4748 intratum
1285 4707 1389 4751 norm·

379 4763 407 4823 (¹)
425 4768 470 4815 lto
486 4779 502 4814 e
518 4766 548 4816 B.
564 4769 625 4831 quld
642 4769 727 4831 primo
743 4772 868 4821 invenerit
884 4773 909 4820 in
926 4772 1033 4822 introitu
1049 4773 1130 4823 letius.

378 4839 404 4897 (¹)
421 4839 446 4888 s„
464 4841 534 4891 rivus
551 4842 634 4894 tactus
649 4850 749 4909 stagnat
763 4861 842 4901 unam
859 4848 991 4910 paludem.
1217 4896 1220 4903 .

379 4912 405 4976 (¹)
421 4915 452 4965 B.
468 4917 528 4980 qula
543 4931 591 4982 per
608 4921 765 4984 Propbeum
780 4924 875 4975 dicitur
891 4923 918 4974 in
934 4925 1050 4989 psalmo:
1065 4925 1220 4978 nomint.
1294 4987 1297 4991 ¹
