4154 6546
448 816 520 882 111
844 824 1048 880 uounvruu
1072 825 1224 879 rvrnnur

449 991 574 1068 regem
601 976 835 1045 terrenarum
862 976 899 1043 et
923 968 1196 1046 mundanarum
1227 968 1442 1043 diviciarum
1477 988 1614 1065 reprae-

449 1096 567 1166 sentat
591 1090 628 1164 in
652 1089 816 1186 generali
841 1089 1048 1164 universale
1074 1090 1209 1164 vicium
1236 1088 1409 1162 avaritiae.
1435 1088 1539 1164 Modo
1566 1089 1615 1164 ud

447 1211 672 1306 propositum
707 1216 815 1286 autor
850 1210 952 1307 tingit
986 1211 1178 1286 Plutonem
1212 1211 1374 1285 clamare
1407 1208 1616 1285 terribiliter

448 1332 524 1405 viso
548 1338 682 1406 autore
707 1332 814 1406 vivo:
835 1353 930 1426 pope
958 1333 1099 1433 rodon,
1121 1352 1215 1423 pape
1243 1332 1370 1404 sanan
1399 1331 1510 1424 utcplv.
1541 1331 1617 1405 lloc

448 1457 574 1525 autem
599 1450 735 1546 figurat
760 1451 858 1544 quod
884 1451 990 1525 Pluto
1007 1450 1132 1526 videns
1152 1449 1338 1525 hominem
1358 1449 1485 1524 vivum
1501 1449 1540 1523 in
1557 1468 1617 1524 re-

451 1590 524 1665 gno
538 1563 576 1662 (¹)
601 1568 783 1663 avaricia,
808 1569 900 1645 idest
931 1591 1004 1645 non
1029 1576 1221 1644 mortuum
1247 1569 1284 1642 in
1310 1568 1403 1643 vicio
1434 1568 1613 1661 avaricie,

451 1689 656 1764 venientem
683 1689 730 1764 ad
756 1689 1041 1764 destructionem
1067 1689 1247 1782 avariciae,
1265 1708 1338 1762 non
1355 1689 1480 1762 valens
1494 1679 1532 1780 (¹)
1549 1687 1618 1762 im·
1752 1763 1755 1766 ,

450 1808 573 1903 pedire
603 1809 683 1882 eius
712 1809 793 1904 iter,
826 1809 993 1905 miratur,
1025 1810 1122 1884 dolet
1158 1816 1195 1883 et
1232 1809 1401 1903 implorat
1438 1808 1615 1883 auxilium

450 1928 610 2002 alterins.
636 1929 740 2016 Quod
764 1928 920 2003 miretur
951 1933 1059 2023 patet,
1086 1929 1172 2022 quia
1201 1927 1309 2002 dicit:
1331 1949 1427 2021 pope
1442 1919 1492 2023 (³),
1519 1929 1617 2023 quod

451 2055 505 2121 est
524 2049 740 2124 adverbium
766 2048 987 2123 admirantis.
1013 2048 1118 2137 Quod
1137 2048 1257 2123 doleat
1277 2053 1387 2143 patet,
1404 2067 1491 2121 cum
1508 2047 1614 2141 dicit:

450 2172 563 2262 olept,
589 2169 687 2262 quod
721 2175 777 2243 eet
809 2168 1025 2243 adverbium
1059 2167 1233 2262 dolentis3
1263 2187 1349 2241 curn
1384 2187 1475 2241 voro
1507 2165 1614 2240 dicit:

449 2293 589 2382 sottum
614 2289 785 2384 implorat
814 2289 993 2364 auxilium
1022 2288 1196 2383 alterius3
1231 2309 1316 2362 narn
1347 2289 1474 2362 sathan
1503 2286 1617 2362 inter-

452 2417 618 2504 pretatur
643 2411 810 2506 princeps
834 2410 1113 2484 daemoniorum.
1131 2409 1223 2483 Dicit
1238 2428 1346 2505 ergo:
1365 2411 1466 2481 Pluto
1484 2409 1618 2480 mnriu-

451 2522 517 2618 ctd,
531 2530 670 2622 supple,
683 2531 846 2603 clamare
858 2537 894 2602 et
907 2529 1048 2603 dicere:
1063 2531 1163 2621 utept
1173 2517 1225 2620 (⁴),
1237 2531 1362 2601 swan
1377 2530 1516 2619 sodon,
1526 2546 1619 2621 pope

448 2667 557 2737 pope,
575 2646 665 2719 idest
690 2648 749 2739 ab,
767 2648 825 2740 ab,
843 2646 1008 2742 dyabolo,
1026 2648 1199 2742 dyabolo!
1216 2647 1325 2741 quale
1342 2653 1545 2721 monstrum
1563 2652 1619 2721 est

453 2766 548 2840 istud
574 2765 672 2858 qnod
697 2765 803 2839 vivus
828 2767 940 2840 lromo
964 2765 1132 2841 videatur
1163 2767 1200 2839 in
1232 2769 1313 2842 loco
1343 2767 1430 2841 isto!
1461 2767 1505 2840 nt
1533 2772 1618 2841 nota

452 2883 551 2978 quod
584 2884 682 2978 apud
713 2884 879 2958 hebraeos
910 2887 1011 2978 otepb
1044 2893 1098 2960 est
1128 2886 1247 2981 prima
1278 2887 1382 2962 litera
1416 2885 1618 2982 alphabeti:

449 3002 569 3077 Graeci
598 3021 688 3077 vero
721 3003 846 3078 dicunt
875 3005 981 3096 otptu
993 3030 1009 3097 ‚·
1034 3005 1133 3079 latini
1148 2997 1186 3098 (⁵)
1212 3028 1249 3098 a,
1278 3013 1315 3082 et
1348 3009 1394 3079 ut
1427 3005 1620 3102 aliquando

452 3130 506 3196 est
531 3121 748 3197 adverbium
773 3123 936 3217 dolentis,
955 3130 992 3198 et
1009 3131 1097 3199 tunc
1121 3125 1230 3200 debet
1249 3127 1412 3221 aspirari,
1431 3131 1468 3201 et
1493 3127 1543 3202 ita
1559 3146 1621 3202 ca-

453 3243 550 3337 pitur
565 3231 602 3334 (⁶)
627 3242 696 3316 bic.
723 3243 767 3315 Et
792 3243 886 3337 dicit,
912 3264 979 3317 con
1004 3248 1040 3318 lu
1066 3266 1147 3319 noce
1166 3238 1329 3338 cttoccio,
1346 3247 1437 3321 idest
1455 3266 1568 3322 rauca
1583 3252 1621 3321 et

452 3384 592 3458 aspera,
620 3364 706 3457 quia
738 3384 824 3438 cum
856 3364 1099 3460 indignatione
1130 3371 1166 3440 et
1196 3366 1250 3439 ira
1284 3367 1476 3441 clamabat.
1502 3365 1621 3462 Aliqui

453 3491 577 3557 tamen
602 3482 727 3557 dicunt
752 3483 850 3576 quod
867 3486 1039 3576 adoptent
1056 3483 1276 3577 vocabulum
1295 3505 1471 3580 graecum,
1486 3493 1524 3558 et
1540 3490 1622 3560 tan-

454 3611 533 3677 tum
548 3593 585 3695 17)
611 3603 719 3695 valet7
746 3608 925 3696 qnantum
953 3606 1053 3695 eadm
1078 3609 1115 3676 et
1131 3602 1333 3677 secundum
1352 3605 1421 3677 boc
1437 3610 1547 3677 autor
1567 3604 1622 3676 vi-

453 3724 561 3798 detur
586 3723 709 3796 dicere
733 3721 834 3815 qnod
857 3722 964 3796 Pluto
980 3741 1027 3796 ex
1044 3720 1286 3796 admiratione
1302 3721 1409 3816 ooepit
1434 3740 1568 3796 vocare
1583 3711 1617 3813 (⁸)

454 3843 588 3917 Satiran
613 3848 651 3916 et
675 3840 820 3915 dicere:
846 3840 929 3914 veni
945 3832 980 3933 (⁹)
1013 3846 1051 3914 et
1080 3840 1162 3915 vide
1193 3861 1274 3915 rem
1305 3840 1509 3916 mirabilem
1536 3858 1620 3935 quoe

458 3982 542 4036 raro
568 3963 627 4037 vel
652 3979 857 4055 numquam
883 3959 1021 4055 accidit,
1048 3968 1086 4036 et
1111 3967 1199 4036 tunc
1222 3960 1365 4036 dicetur
1390 3981 1456 4034 con
1480 3963 1517 4034 to
1540 3981 1622 4033 uoce

454 4085 615 4172 cboccio,
643 4082 733 4156 idest
758 4080 949 4156 submissu.
976 4087 1009 4155 Ε
1031 4086 1117 4174 quet.
1144 4083 1209 4157 Hic
1225 4089 1335 4156 autor
1351 4082 1506 4157 ostendit
1527 4103 1621 4178 quo-

456 4202 564 4277 modo
573 4201 742 4298 Virgilius
759 4201 1029 4277 confortaverat
1044 4195 1096 4295 (¹⁰)
1123 4202 1257 4297 ipsum,
1275 4202 1373 4277 unde
1389 4201 1497 4277 dicite
1515 4206 1625 4295 eque!

516 4488 543 4549 (¹)
562 4493 607 4537 tlt
622 4501 637 4537 e
654 4487 684 4536 Ε.
701 4488 728 4537 ln
744 4501 825 4551 regno
842 4488 967 4547 avaricie,
984 4488 1128 4539 uenientem
1144 4488 1176 4539 nd
1191 4489 1394 4539 destructionem
1410 4489 1534 4540 avaricie.

516 4565 545 4626 (¹)
559 4565 591 4614 Ε.
607 4577 659 4615 non
677 4563 774 4614 volens.

516 4638 542 4699 ι’)
560 4643 612 4699 lto,
630 4640 710 4704 Papa,
727 4654 788 4690 cum
805 4653 868 4693 rero
884 4640 945 4692 dicit
961 4642 1035 4707 nlept
1051 4640 1130 4703 dolet,
1146 4642 1216 4705 quod
1232 4646 1273 4692 eat
1288 4640 1437 4693 adverbium
1453 4639 1571 4692 dolentia

516 4713 542 4774 (⁵)
559 4714 584 4763 S.
601 4715 690 4778 Atapb,
708 4717 797 4779 nepa
1117 4717 1144 4780 (¹)
1160 4718 1191 4768 E.
1209 4717 1281 4768 latini
1297 4722 1384 4768 nutem
1400 4717 1490 4768 dicunt
1504 4729 1529 4767 u.

515 4789 542 4848 (⁸)
559 4789 590 4838 E.
607 4790 733 4852 recipitur
748 4791 800 4841 bie.
1116 4793 1144 4857 (¹)
1160 4794 1191 4845 n.
1207 4798 1234 4845 et
1249 4793 1319 4859 qnod
1336 4797 1446 4844 tuntum.

515 4863 542 4925 (⁸)
559 4866 584 4914 S.
601 4866 678 4927 cmpit
693 4865 814 4916 clamare.
1117 4873 1144 4934 l')
1162 4876 1215 4934 111,
1232 4871 1299 4932 veni,
1315 4869 1381 4923 vide.

505 4938 544 5002 (¹⁰)
558 4938 584 4990 8.
599 4951 616 4989 e
632 4941 686 4999 tta,
703 4939 973 4994 confortaverit-ll.
990 4945 1154 4997 confortavit
