4154 6546
742 809 883 865 caurus
908 772 1055 864 annuus.
1439 795 1485 865 35

314 973 435 1050 suam,
460 974 578 1049 quare
601 972 708 1029 senes
736 954 882 1048 Trojani
906 953 1095 1050 fugiebant
1123 961 1358 1048 conspectum
1391 956 1488 1049 ejus:

316 1079 392 1174 ipsa
417 1082 543 1150 tamen
567 1074 716 1167 Helena,
734 1073 819 1147 visis
845 1075 947 1170 mgis
971 1074 1009 1147 in
1040 1074 1131 1148 lacie
1156 1066 1235 1168 sua,
1261 1073 1402 1148 ridebat
1426 1092 1491 1148 eos

315 1198 379 1292 qui
408 1197 612 1272 dilexerant
635 1214 733 1286 eam,
765 1200 808 1266 ut
837 1195 889 1267 ait
912 1193 1061 1268 Ovidius
1086 1193 1132 1268 de
1155 1201 1237 1268 arte
1261 1194 1419 1268 amandi.
1447 1193 1493 1267 Et

315 1338 382 1413 per
405 1318 477 1391 hoc
501 1315 613 1390 etiam
640 1313 881 1388 confirmatur
896 1307 933 1404 (¹)
950 1313 1050 1406 quod
1062 1314 1142 1408 jam
1164 1314 1311 1388 dictum
1329 1321 1396 1408 est,
1421 1314 1492 1389 sci-

317 1437 402 1512 licet
426 1435 527 1530 quod
551 1434 700 1508 luxuria
726 1439 797 1507 stat
822 1433 859 1505 in
884 1433 988 1526 pelle.
1013 1434 1152 1520 Quarto
1168 1425 1218 1527 (²),
1243 1434 1328 1528 quia
1355 1436 1492 1530 pardus

318 1576 407 1630 cum
432 1554 528 1648 cepit
551 1553 711 1646 aliquam
735 1553 866 1646 leram,
884 1552 982 1648 sugit
1007 1558 1125 1626 totum
1151 1554 1368 1649 sanguinem
1395 1556 1491 1649 ejus:

320 1676 370 1749 ita
396 1680 496 1749 recle
519 1673 653 1747 mulier
678 1672 876 1746 libidinosa.
902 1672 1049 1765 Quinto,
1074 1672 1210 1766 pardus
1242 1694 1315 1748 non
1339 1675 1420 1747 vult
1444 1676 1491 1749 ab

320 1795 470 1870 homine
494 1792 609 1868 videri
633 1812 719 1867 cum
736 1782 773 1884 (³)
791 1811 831 1865 se
847 1792 977 1886 pascit:
1004 1792 1054 1864 ita
1080 1798 1118 1867 et
1135 1793 1269 1866 mulier
1290 1795 1493 1889 luxuriosa,

320 1913 366 1988 de
400 1931 637 2007 quocumque
665 1917 772 2006 pastu
803 1910 982 2004 loquaris3
1021 1910 1119 1985 unde
1150 1932 1301 2006 pascens
1335 1913 1492 2007 pardum

320 2031 473 2128 porrigit
497 2031 563 2105 sibi
588 2031 722 2104 taciam
751 2018 787 2120 (⁸)
823 2029 916 2104 facie
946 2038 1164 2105 retroversa.
1209 2031 1332 2125 Serto,
1358 2033 1494 2127 pardus

320 2150 491 2245 quamvis
509 2149 736 2223 familiariter
752 2149 1025 2241 domesticatur,
1043 2141 1185 2244 sape(⁶)
1204 2150 1293 2224 fallit
1310 2158 1347 2224 et
1364 2151 1497 2245 prodit,

322 2273 398 2346 imo
409 2288 508 2364 saepe
520 2269 631 2342 vincit
642 2269 787 2342 leonem
803 2267 949 2342 fraude:
963 2269 1012 2341 ila
1025 2276 1063 2342 et
1083 2269 1217 2342 mulier
1237 2271 1359 2344 virum
1373 2269 1495 2343 fortis-

321 2391 458 2465 simum
471 2388 592 2462 iorma
609 2393 647 2461 et
663 2387 792 2462 iraude
805 2386 926 2461 vincit.
941 2388 1048 2461 Potes
1065 2388 1175 2462 etiam
1188 2408 1254 2482 per
1270 2389 1422 2463 lontiam
1441 2389 1496 2461 in-

323 2510 490 2605 telligere
501 2508 718 2602 pantheram
733 2496 788 2599 (⁶);
806 2526 891 2580 nam
906 2508 1083 2601 panthera
1096 2526 1165 2580 suo
1179 2507 1295 2581 halitu
1312 2506 1496 2582 odorifero

322 2627 471 2703 attrahit
489 2626 537 2701 ad
557 2646 598 2701 se
616 2625 687 2700 alia
706 2625 878 2699 animalia
898 2645 984 2699 cum
1014 2626 1094 2698 vult
1119 2626 1229 2721 pasci,
1254 2633 1292 2700 et
1316 2627 1389 2720 iila,
1411 2645 1496 2720 quoe

323 2748 421 2844 eligit
429 2737 482 2842 (⁷),
499 2746 564 2819 sibi
578 2751 703 2839 vorat;
715 2745 765 2819 ita
783 2751 821 2819 et
836 2745 998 2838 loemina,
1012 2746 1106 2820 sicut
1118 2752 1156 2821 ct
1173 2766 1324 2841 magnes
1341 2746 1497 2839 ferrum,

323 2868 474 2943 attrahit
485 2866 664 2960 homines,
678 2871 715 2939 et
727 2884 821 2958 quos
837 2865 904 2938 sibi
916 2866 1027 2961 eligit,
1037 2867 1229 2939 consumit.
1241 2866 1359 2942 Credo
1372 2873 1497 2941 tamen

324 2987 424 3082 quod
439 2993 548 3061 autor
559 2986 679 3081 potius
698 2985 874 3081 intelligat
890 2985 948 3059 hic
967 2985 1012 3059 de
1029 2985 1155 3080 pardo,
1164 3006 1277 3079 quam
1295 2986 1340 3061 de
1357 2977 1498 3080 aliis(⁸),

327 3115 409 3181 tum
425 3106 513 3201 quia
529 3105 768 3202 proprietates
785 3104 886 3199 pardi
905 3106 1022 3200 magis
1039 3104 1210 3179 videntur
1225 3106 1423 3180 convenire
1439 3107 1499 3179 lu-

326 3226 457 3320 xuriae,
473 3231 517 3298 ut
534 3230 633 3318 patal
652 3243 697 3298 ex
718 3223 834 3316 dictis,
852 3229 933 3294 tum
954 3224 1040 3316 quia
1064 3223 1160 3297 istud
1183 3225 1405 3298 vocabulum
1432 3225 1501 3298 llo-

327 3345 514 3421 rentinum
539 3346 646 3417 tonza
671 3342 816 3416 videtur
840 3342 958 3438 magis
984 3342 1183 3436 importare
1200 3343 1370 3437 pardum,
1386 3363 1501 3436 quam

326 3466 436 3541 aliam
455 3464 584 3540 ieram.
602 3461 717 3555 Unde,
735 3462 824 3535 dum
845 3463 958 3536 semel
975 3468 1185 3557 portaretur
1198 3462 1348 3556 quidam
1365 3462 1501 3556 pardus

327 3605 393 3682 por
409 3583 644 3677 Florentiam,
656 3582 763 3677 pueri
781 3589 1043 3656 concurrentes
1058 3573 1094 3675 (⁹)
1109 3583 1316 3672 clamabant
1330 3575 1400 3674 (Ἧι
1420 3582 1503 3658 tide

327 3702 497 3797 lanciam,
510 3709 553 3776 ut
570 3702 659 3775 mihi
680 3700 852 3776 narrabat
873 3701 1112 3775 suavissimus
1128 3702 1317 3776 Boccatius
1343 3701 1388 3775 de
1414 3703 1503 3777 Cer-

217 3868 226 3887 ·
329 3823 437 3898 taldo.
450 3824 504 3895 Er
517 3821 696 3917 predictis
712 3821 824 3916 igitur
836 3827 935 3915 patet
946 3821 1045 3896 clare
1059 3821 1158 3914 quod
1169 3828 1279 3895 autor
1291 3829 1415 3895 noster
1429 3841 1503 3896 non

330 3942 494 4036 loquitur
517 3940 576 4015 bic
598 3938 645 4013 de
668 3959 762 4013 vana
778 3939 907 4035 gloria,
928 3940 1022 4015 sicut
1043 3939 1156 4033 aliqui
1178 3960 1272 4014 vane
1289 3940 1502 4035 opinantur:

331 4061 465 4157 primo,
482 4060 569 4153 quia
585 4058 733 4133 luxuria
750 4064 807 4132 est
823 4058 984 4152 primum
1008 4059 1143 4134 vicium
1161 4059 1379 4153 damnabile,
1404 4059 1504 4153 quod

330 4180 468 4256 invadit
497 4178 709 4271 hominem;
739 4177 837 4253 unde
870 4179 1005 4254 bantes
1035 4186 1115 4254 erat
1139 4199 1274 4253 novem
1308 4200 1505 4276 annorum,

332 4300 478 4395 quando
502 4300 622 4396 primo
646 4305 775 4394 captus
791 4305 846 4372 est
862 4319 992 4373 amore
1009 4299 1193 4374 Beatricis.
1220 4301 1400 4393 Secundo,
1419 4300 1506 4394 quia

334 4441 429 4497 vana
444 4421 560 4517 gloria
578 4424 634 4494 est
651 4419 724 4494 lilia
740 4419 934 4513 superbiae,
947 4426 984 4493 et
1001 4420 1289 4514 inseparabiliter
1310 4420 1508 4493 comitatur

397 4626 426 4688 (¹)
442 4626 473 4678 li.
488 4626 600 4678 affirmat
614 4628 691 4691 quod.
946 4624 974 4690 (¹)
991 4627 1021 4677 li.
1037 4626 1145 4689 Quarta
1161 4627 1264 4693 quando
1280 4624 1376 4691 pardus
1393 4626 1469 4688 capit.

397 4702 424 4766 (Ἴ
441 4702 471 4752 lt
487 4716 548 4753 cnm
564 4716 631 4766 sepa
647 4703 768 4766 pascitur.
944 4702 973 4764 tl)
990 4702 1021 4752 ll.
1037 4705 1158 4753 cateiam.
1174 4703 1208 4752 al.
1226 4702 1341 4761 tacciam,
1358 4699 1392 4749 al.
1411 4701 1508 4751 latiam.

397 4779 427 4841 (Ἰ
443 4778 473 4828 tt
487 4784 574 4829 tamen
591 4792 665 4843 sepa.
946 4780 974 4840 (Ἰ
990 4779 1021 4830 ll.
1037 4780 1199 4845 pantheram,
1216 4793 1274 4843 quaa
1290 4792 1337 4828 auo
1355 4776 1445 4828 halitu.

397 4854 424 4919 f)
441 4855 471 4905 li.
481 4869 539 4920 qua
555 4855 637 4920 eligit,
648 4857 785 4906 consumit.
796 4854 887 4907 Credo.
949 4856 974 4917 (⁸)
992 4857 1022 4907 ll.
1038 4856 1103 4918 aliis,
1113 4858 1224 4921 septimo
1234 4856 1294 4921 quia
1310 4856 1488 4918 proprietate,

399 4931 428 4993 (t)
444 4930 475 4981 ll.
490 4930 565 4994 pueri
581 4936 724 4982 currentes.
943 4931 979 4991 θ’)
994 4930 1020 4982 S.
1037 4933 1161 4983 dicem
