3990 6540
714 794 854 850 caurus
877 795 1054 862 ouranos.
1402 782 1470 851 rto

302 946 396 1037 iicet,
423 943 522 1036 quod
546 948 656 1016 autor
681 940 763 1016 ideo
788 941 989 1015 introduxit
1019 941 1117 1033 istos,
1141 941 1229 1034 quia
1248 933 1286 1032 (⁴)
1310 944 1473 1017 antecel-

300 1066 382 1137 lunt
393 1064 617 1137 alios-Du
630 1062 797 1135 clr'edber.
816 1062 881 1136 iiic
894 1060 1170 1168 autorostendit
1186 1061 1372 1153 quomodo
1388 1063 1471 1137 dicti

300 1191 418 1280 poetae
446 1183 638 1258 habuerint
657 1173 695 1273 (¹)
728 1201 768 1256 se
797 1201 886 1277 erga
916 1202 1016 1272 eum,
1048 1180 1190 1254 dicens:
1222 1188 1259 1255 et
1283 1182 1330 1254 illi
1357 1189 1475 1277 poetae

303 1307 447 1377 tulsersi
473 1323 497 1374 a
523 1324 577 1375 mo
601 1323 667 1374 oon
691 1304 860 1374 suluteool
883 1321 1005 1391 senno,
1030 1300 1121 1373 idest
1138 1301 1390 1374 salutaverunt
1415 1322 1475 1376 me

302 1447 387 1499 cum
406 1423 636 1498 conniventia
648 1412 686 1513 (³)
699 1423 906 1514 oculorum,
921 1420 1125 1495 inclinando
1144 1421 1242 1513 mibi,
1255 1422 1476 1493 duol'ebder

173 1537 176 1542 “
301 1547 494 1634 rapionuto
518 1545 685 1633 alquanto
713 1543 867 1630 insieme,
898 1539 999 1633 idest,
1030 1546 1110 1633 post
1140 1540 1336 1632 aliqualem
1366 1541 1476 1614 codia-

303 1664 438 1737 tionem
467 1660 624 1734 habitam
655 1660 750 1734 inter
775 1679 824 1732 se.
852 1661 896 1731 Et
920 1659 1028 1732 dicit:
1054 1664 1114 1731 e'l
1130 1663 1199 1731 mio
1220 1666 1371 1732 monstro
1395 1681 1477 1732 sor-

300 1787 372 1855 rise
396 1785 434 1855 di
459 1788 568 1870 tanto,
594 1779 680 1872 quia
706 1779 840 1852 scilicet
866 1778 1000 1872 placuit
1025 1779 1090 1851 sibi
1123 1780 1222 1872 quod
1252 1782 1475 1853 honorarent

302 1904 456 1976 [tantem
472 1890 521 1993 (ἢ,
549 1899 611 1992 qui
630 1905 731 1971 tanto
753 1898 871 1972 studio
888 1900 1090 1972 conabatur
1108 1900 1240 1974 imitari
1258 1901 1376 1994 ipsum
1396 1901 1476 1973 Vir-

301 2023 440 2117 giiium.
469 2020 512 2093 Et
545 2019 603 2091 hic
631 2026 717 2091 nota
751 2018 849 2109 quod
881 2026 990 2092 autor
1025 2020 1118 2093 bene
1152 2020 1254 2116 tingit
1288 2021 1385 2114 quod
1419 2020 1475 2093 isti

301 2146 417 2235 ptoetae
435 2139 554 2234 primo
576 2140 851 2211 honoraverunt
867 2138 1070 2235 Virgilium,
1087 2139 1218 2214 deinde
1242 2141 1409 2232 Dantem,
1429 2139 1475 2213 ad

300 2258 547 2334 denotandum
574 2257 673 2351 quod
701 2257 757 2329 isti
784 2263 890 2330 erant
914 2258 988 2330 duo
1013 2265 1131 2352 poetae
1148 2260 1283 2353 eximii,
1304 2260 1364 2333 ilio
1381 2261 1477 2332 anti-

300 2401 408 2473 quus,
426 2379 494 2452 iste
517 2378 727 2469 modernus,
746 2376 805 2449 ille
822 2376 857 2448 in
876 2377 957 2450 stilo
975 2378 1115 2472 literati,
1134 2380 1192 2454 bic
1209 2379 1244 2452 in
1263 2380 1477 2476 vulgari.-

300 2494 428 2591 Epiri.
458 2499 656 2571 Hicautor
687 2495 786 2568 addit
809 2495 922 2568 alium
955 2498 1132 2572 honorem
1168 2500 1346 2574 maiorem
1377 2501 1477 2573 salu·

302 2619 449 2710 tatione,
464 2617 550 2708 quia
569 2615 704 2689 scilicet
723 2609 989 2708 receperuntt⁵t
1008 2617 1044 2690 in
1061 2619 1286 2692 consortium
1302 2620 1475 2714 ipsorum.

302 2738 403 2812 Unde
427 2737 534 2811 dicit:
562 2758 580 2808 e
601 2731 666 2827 piri
691 2739 725 2808 d'
738 2755 830 2807 onor
854 2757 966 2809 ancor
991 2741 1088 2810 assui
1112 2742 1161 2810 mi
1180 2744 1301 2833 senato,
1328 2747 1366 2814 et
1390 2760 1477 2814 ecce

302 2877 427 2949 quem,
453 2860 503 2929 clt’
518 2877 613 2929 esser
638 2858 814 2949 miserum
839 2859 882 2928 de
906 2860 942 2928 lo
968 2861 1045 2930 loro
1069 2861 1219 2948 scliero,
1245 2859 1336 2933 idest
1361 2860 1477 2933 socie-

302 2983 376 3050 tate
400 2976 568 3050 ordinata
598 2982 636 3048 et
660 2982 803 3048 armata
823 2976 912 3048 stitis
928 2978 1014 3068 suis,
1035 2979 1169 3069 quibus
1186 2977 1414 3051 dimicabant.
1435 2979 1477 3049 Et

299 3096 407 3168 dicit:
436 3088 466 3167 si
492 3098 542 3167 ct’
555 3099 590 3167 to
607 3099 661 3188 pti
683 3104 773 3167 sesto
800 3103 858 3166 tra
874 3104 1012 3168 colunto
1028 3117 1146 3169 senno.
1166 3098 1236 3170 Sed
1254 3098 1311 3171 bic
1328 3106 1383 3171 est
1399 3097 1478 3170 dili-

299 3224 429 3313 genter
457 3214 723 3289 advertendum
754 3214 852 3307 quod
878 3216 981 3287 muiti
1012 3215 1059 3288 ad
1084 3217 1344 3310 expositionem
1377 3217 1478 3289 istius

299 3336 413 3410 iiterae
439 3335 626 3428 dixerunt,
654 3334 752 3426 quod
778 3335 911 3408 Sextus
936 3335 1003 3407 luit
1028 3335 1176 3428 quidam
1203 3335 1325 3408 latuus
1345 3335 1479 3408 floren-

301 3457 408 3549 tinus,
435 3463 472 3530 et
496 3455 595 3547 quod
620 3461 730 3529 auwr
755 3456 836 3528 vult
864 3454 987 3528 dicere
1012 3455 1110 3548 quod
1137 3455 1211 3548 ipse
1237 3455 1304 3527 suit
1328 3454 1476 3548 quidam

302 3577 423 3649 iatuus
459 3575 658 3669 roepectire
690 3575 783 3649 inter
813 3575 899 3648 istos
916 3565 954 3665 (θ)
984 3576 1186 3669 sapientes;
1218 3575 1315 3649 unde
1355 3576 1480 3649 dicunt

302 3696 399 3788 qnod
425 3703 534 3769 autor
554 3714 627 3768 non
644 3702 875 3769 numerasset
895 3714 935 3768 se
953 3694 1046 3768 inter
1063 3693 1262 3788 praedictos.
1282 3695 1351 3768 Sed
1369 3695 1421 3768 sic
1441 3686 1479 3783 (b

300 3816 461 3890 dicentes
486 3821 573 3888 sunt
601 3834 690 3888 vere
716 3813 804 3888 latui
835 3814 872 3887 in
904 3815 990 3906 hoc3
1017 3834 1088 3887 non
1120 3814 1217 3888 enirn
1249 3814 1479 3888 considerant

303 3934 400 4027 quod
428 3943 537 4009 autor
556 3934 786 4028 presumpsit
803 3934 993 4028 imponere
1012 3934 1195 4008 silentium
1221 3935 1366 4009 duobus
1385 3935 1479 4029 ipso-

305 4078 399 4147 rum,
419 4057 553 4129 scilicet
574 4053 701 4128 Ouidio
719 4061 756 4128 et
774 4053 932 4146 Lucano,
955 4061 996 4127 ut
1013 4061 1111 4149 patet
1127 4055 1218 4127 inira
1237 4055 1395 4148 capitulo
1412 4055 1476 4127 XX

305 4175 366 4247 ubi
391 4175 499 4248 dicit:
526 4177 637 4248 tactio
664 4179 816 4264 mano,
842 4179 954 4247 monto
984 4178 1116 4249 ovidio.
1144 4176 1188 4248 Et
1211 4176 1241 4248 si
1264 4175 1352 4250 dicis
1384 4197 1480 4269 quo-

303 4292 412 4365 modo
437 4302 546 4367 autor
571 4315 611 4369 se
636 4294 809 4385 laudavit
835 4294 917 4370 dico
943 4296 1042 4388 quod
1067 4297 1137 4369 boc
1162 4302 1217 4369 est
1234 4295 1370 4370 licitum
1393 4316 1479 4390 sepe

158 4485 162 4494 ,
307 4414 456 4485 ironesta
482 4414 528 4487 de
553 4434 689 4505 causa;
714 4414 851 4488 sciebat
874 4415 970 4486 enirn
994 4414 1163 4510 Virgilius
1184 4415 1283 4508 quod
1309 4416 1479 4490 inconve-

312 4580 416 4587 -.---
439 4580 585 4587 ---——
926 4581 1173 4589 ---.-

368 4680 394 4736 t't
413 4684 466 4738 uo,
483 4681 527 4743 qut
545 4681 712 4731 nntooettnnr.
784 4681 811 4742 υ)
829 4686 875 4732 tro
891 4695 906 4732 e
924 4682 952 4731 Β,
969 4682 1123 4732 amemur.
1198 4682 1223 4741 ll
1240 4682 1270 4731 R
1286 4685 1440 4734 annoto.

368 4753 394 4811 Λ)
410 4753 435 4802 S.
452 4755 521 4818 quod
539 4759 592 4804 tam
608 4755 802 4807 honoraverunt
816 4769 878 4806 enm
894 4756 1004 4806 Dantem
1021 4758 1065 4820 qut
1080 4762 1130 4807 etr.

370 4829 396 4884 τ’)
412 4830 469 4881 §.a
486 4830 517 4881 tt
535 4837 691 4896 mutuat
704 4846 766 4883 m
783 4834 818 4884 in.
1200 4834 1227 4895 ξ’)
1241 4833 1269 4885 8.
1283 4837 1353 4887 inter
1369 4841 1416 4887 tot.

370 4905 395 4963 ε’)
414 4912 468 4963 rra
485 4907 534 4957 sea
551 4907 601 4959 aee
617 4907 740 4961 m
