4154 6546
450 804 520 870 tol
848 816 1050 873 conunruu
1076 816 1227 872 rursum

449 980 516 1034 nec
541 981 612 1055 ego
641 960 905 1034 fraudulentus.
936 963 1046 1035 Latro
1077 963 1175 1036 enim
1205 969 1260 1037 est
1290 963 1352 1056 qui
1380 962 1558 1038 violenter
1582 970 1625 1037 et

447 1088 613 1175 patenter
632 1082 771 1174 spoliat,
784 1081 845 1153 sur
860 1102 949 1156 vero
965 1083 1217 1157 fraudulenter
1228 1079 1284 1176 (¹),
1303 1084 1384 1158 ideo
1398 1106 1472 1158 non
1488 1106 1624 1158 sumus

446 1201 617 1295 puniendi
638 1202 760 1294 aliqua
780 1222 888 1295 poena
907 1202 941 1274 in
960 1202 1105 1278 civitate
1124 1203 1204 1295 ista,
1222 1203 1258 1275 in
1280 1225 1354 1296 qua
1372 1204 1522 1299 punitur
1540 1205 1623 1279 rio·

447 1322 557 1395 lentia
582 1332 619 1398 et
643 1322 898 1395 fraudulentia.
911 1363 960 1375 -
973 1328 1046 1396 Mo.
1078 1324 1142 1396 llic
1173 1323 1343 1419 Virgilius
1368 1325 1462 1398 lacta
1488 1345 1623 1400 narra-

448 1442 546 1516 tione
576 1463 655 1536 sua,
686 1463 784 1516 nunc
813 1442 897 1516 lacit
931 1443 1154 1537 petitionem,
1180 1450 1217 1516 et
1247 1443 1391 1516 adiurat
1423 1444 1619 1519 Chironem

448 1568 490 1634 ut
513 1561 574 1635 det
598 1562 665 1635 sibi
689 1563 833 1656 ducem,
854 1564 953 1637 unde
978 1563 1079 1636 dicit:
1106 1584 1165 1635 mo
1185 1565 1301 1635 donne
1317 1584 1366 1636 aa
1385 1567 1531 1657 ddtnoi,
1548 1567 1622 1641 sci-

448 1682 530 1754 licet
554 1682 659 1755 sociis
675 1674 723 1777 (ἶ),
750 1704 775 1755 α
798 1686 853 1756 cui
875 1687 936 1755 not
959 1687 1072 1756 doum
1090 1705 1114 1754 o
1124 1705 1278 1775 pruovo,
1297 1683 1388 1757 idest
1413 1704 1537 1779 prope,
1558 1688 1622 1759 cle

448 1825 491 1874 oe
516 1806 637 1875 mosot
661 1794 698 1875 td
722 1806 810 1876 dovre
834 1826 871 1876 se
894 1807 1027 1895 pando,
1052 1805 1143 1878 idest
1168 1826 1241 1898 qua
1266 1815 1372 1897 parte
1396 1803 1441 1877 sit
1466 1804 1620 1899 vadum,

447 1946 466 1996 e
490 1926 549 1995 cte
571 1927 666 2015 porti
689 1926 797 1996 coslai
812 1926 849 1995 io
865 1946 906 1997 su
923 1927 960 1995 lo
979 1945 1133 2015 proppo,
1150 1923 1285 1997 scilicet
1303 1924 1449 2016 equina,
1467 1927 1527 1996 cte
1542 1945 1617 1996 aon

446 2039 483 2116 e'e
506 2047 617 2136 spirto
642 2046 702 2116 cle
719 2066 788 2136 per
819 2047 841 2116 t’
854 2066 919 2117 aer
952 2046 1059 2134 vodo,
1084 2044 1178 2117 sicut
1202 2063 1273 2138 ego
1305 2053 1342 2119 et
1373 2043 1454 2117 aliae
1485 2043 1621 2117 animoe

448 2170 703 2256 mortuorum;
727 2171 764 2237 et
790 2163 904 2259 tangit
921 2164 1092 2238 ellectum
1115 2162 1306 2257 petitionis,
1324 2162 1466 2236 dicens:
1489 2165 1620 2236 otim

446 2288 477 2356 st
507 2287 600 2356 ootse
623 2305 664 2356 su
689 2288 726 2357 to
750 2288 867 2357 dastro
888 2306 1022 2377 poppo,
1040 2285 1129 2357 idest
1156 2283 1372 2376 mamillam3
1398 2292 1436 2358 et
1459 2283 1511 2356 sic
1535 2283 1621 2357 ride

448 2403 546 2498 quod
572 2405 704 2478 Chiron
734 2412 814 2478 crat
840 2406 876 2477 in
903 2405 1035 2498 medio,
1057 2405 1102 2477 ad
1128 2404 1319 2477 dexteram
1343 2403 1500 2476 habebat
1528 2404 1621 2477 Nes-

449 2547 543 2619 sum,
576 2526 623 2599 ad
653 2527 834 2599 sinistram
867 2527 1057 2619 Folum,e
1094 2528 1185 2597 disse
1216 2545 1241 2594 o
1273 2529 1396 2614 Nesso,
1427 2532 1618 2616 mmquam

448 2646 646 2739 audaciori,
665 2655 783 2737 torno,
801 2646 934 2720 scilicet
952 2666 1081 2719 versus
1098 2646 1246 2718 llumen.
1268 2645 1328 2717 lsti
1345 2644 1443 2718 enim
1465 2650 1540 2718 tres
1557 2663 1621 2717 re-

449 2772 633 2840 cesserant
658 2766 705 2838 al)
730 2787 839 2859 aqua,
866 2765 961 2838 circa
988 2787 1100 2858 quarn
1118 2765 1237 2859 primo
1255 2764 1466 2857 currebant,
1491 2770 1528 2837 et
1553 2783 1621 2837 ve-

450 2892 584 2958 nerunt
599 2876 635 2976 (³)
661 2885 806 2958 obviarn
825 2885 898 2957 istis
914 2885 1059 2958 duobus
1076 2906 1206 2959 versus
1223 2885 1356 2979 ripam,
1374 2907 1393 2957 e
1408 2877 1439 2957 si
1455 2887 1480 2956 t·
1495 2885 1621 2974 palla,

449 3005 535 3099 quia
561 3006 695 3081 habent
725 3025 899 3079 securum
929 3006 1152 3079 conductum
1187 3027 1209 3078 a
1241 3005 1406 3099 Domino,
1438 3005 1488 3078 ita
1523 3002 1624 3098 quod

450 3127 571 3199 nullus
596 3126 730 3199 audeat
757 3146 889 3200 nocere
906 3125 985 3218 sibi,
1002 3129 1240 3219 eso’consor,
1258 3125 1350 3198 idest
1366 3125 1509 3218 cedere,
1529 3126 1558 3195 s‘
1565 3125 1625 3195 ol-

449 3255 506 3319 tra
533 3250 669 3320 sclrtcro
703 3250 734 3317 v’
747 3250 903 3338 iatoppo,
933 3247 1024 3319 idest
1053 3247 1082 3318 si
1112 3247 1182 3319 alia
1212 3247 1320 3319 turba
1354 3257 1620 3321 centaurorum

447 3367 569 3441 obviat
595 3366 706 3440 robis.
734 3366 865 3439 Similis
890 3387 995 3440 casus
1017 3366 1212 3459 aliquando
1230 3365 1356 3438 accidit
1373 3366 1420 3440 de
1440 3365 1534 3439 lacto
1552 3384 1623 3437 no-

447 3496 523 3562 stro
536 3488 674 3580 autori,
687 3487 775 3560 dum
794 3487 1016 3560 discurreret
1028 3507 1093 3581 per
1112 3486 1305 3579 mundum,
1329 3484 1566 3579 perveniebat
1581 3471 1623 3574 (⁸)

448 3609 494 3681 ad
510 3628 642 3680 manus
659 3606 815 3679 alicuius
838 3605 965 3678 nobilis
985 3607 1181 3699 castellani,
1199 3627 1221 3679 a
1239 3626 1313 3699 quo
1331 3604 1366 3677 in
1387 3624 1532 3678 recessu
1551 3622 1620 3698 pe-

450 3730 548 3802 tebat
573 3749 688 3800 unum
716 3725 951 3799 caballarium
970 3727 1033 3818 qui
1052 3733 1230 3800 scortaret
1250 3747 1337 3800 eum
1355 3732 1392 3799 et
1409 3725 1564 3798 sociaret
1579 3716 1618 3815 (Β)

447 3872 513 3945 per
538 3870 648 3921 suum
676 3846 920 3939 territorium3
945 3847 1101 3919 multum
1121 3846 1218 3920 enim
1247 3845 1495 3920 honorabatur
1520 3862 1619 3938 saepe

447 3970 637 4062 atalibuS,
664 3969 750 4062 quia
776 3968 891 4040 virtus
918 3967 1054 4061 ubique
1085 3988 1218 4062 magno
1247 3967 1379 4062 prsctio
1405 3966 1617 4059 estimatur,

448 4098 490 4163 ut
514 4091 563 4163 ait
590 4089 766 4162 Valerius.

526 4216 578 4282 Or
602 4212 635 4281 ci
658 4228 860 4279 moocnrmo.
882 4207 1017 4293 erarta
1036 4197 1072 4298 (⁶)
1099 4215 1136 4280 et
1163 4207 1288 4278 ultima
1315 4226 1399 4299 pars
1423 4205 1617 4300 generalis,

448 4332 483 4403 in
510 4353 583 4425 qua
609 4337 717 4403 autor
743 4335 874 4401 tractat
900 4329 936 4400 in
962 4328 1104 4421 speciali
1132 4327 1177 4401 de
1203 4326 1420 4419 quibusdam
1452 4327 1619 4401 violentis

448 4451 483 4522 in
508 4452 730 4544 proximum,
755 4449 789 4520 in
811 4469 887 4520 are
913 4452 949 4520 et
976 4468 1141 4539 persona,
1160 4447 1222 4541 qui
1240 4447 1444 4540 puniuntur
1464 4447 1620 4521 diversi·

448 4571 555 4644 mode
580 4571 616 4642 in
643 4570 709 4642 ista
735 4589 831 4662 aqua
858 4567 1144 4662 sanguinolenta.
1171 4568 1216 4639 Et
1249 4566 1368 4660 primo
1398 4566 1615 4640 continuans

450 4713 735 4723 ————--——-—
943 4711 1086 4718 —-

510 4769 537 4831 (¹)
555 4775 607 4827 llo,
625 4768 803 4819 fraudulenter
819 4773 846 4819 et
862 4769 1027 4818 clandestine.
1184 4766 1211 4830 (¹)
1228 4768 1258 4817 E.
1275 4768 1415 4817 sociorum.

510 4850 536 4911 (⁸)
552 4850 577 4897 S.
593 4862 608 4896 e
624 4848 655 4897 E.
672 4853 795 4898 venerant
811 4848 921 4898 obviam.
1185 4847 1212 4906 (¹)
1228 4847 1253 4894 S.
1271 4848 1396 4897 veniebat.

509 4927 536 4989 (¹)
554 4926 583 4975 E.
600 4925 745 4975 associaret.
1182 4921 1210 4986 θ)
1226 4926 1272 4974 tlt
1287 4935 1303 4973 a
1318 4924 1350 4973 Ε.
1365 4925 1417 4974 ista
1432 4929 1473 4975 cst
1488 4928 1592 4987 quatu.
