4154 6546
777 796 917 851 GAMOE
942 794 1101 851 nncmus
1123 796 1303 862 nunnus.
1549 784 1621 850 m

449 939 585 1017 scilicet
608 940 657 1015 de
676 940 794 1014 ·lmtbe
810 939 906 1036 quia
931 959 1006 1014 non
1025 939 1220 1013 nominasti
1240 959 1377 1034 comte
1393 938 1625 1031 coluerat·

446 1060 535 1136 linet
559 1059 847 1155 Phlegetontcm,
874 1061 935 1149 di',
952 1058 1044 1133 idest
1060 1058 1158 1153 dicis,
1176 1060 1236 1131 ebe
1255 1081 1292 1132 te
1309 1061 1351 1154 sc
1370 1061 1405 1132 d'
1414 1065 1488 1132 estu
1498 1061 1622 1151 mono,

446 1179 544 1256 idest
568 1180 615 1254 de
631 1179 709 1253 ·ista
733 1178 857 1273 pluria
874 1178 1131 1274 lacrymarum
1155 1177 1340 1273 predicta,
1362 1199 1450 1273 quae
1475 1184 1626 1255 emano

449 1321 476 1376 a
488 1282 622 1375 'statua
637 1299 745 1374 sonis.
762 1298 807 1371 111
823 1298 883 1372 hic
898 1305 987 1372 nota
1004 1298 1104 1392 quod
1121 1318 1250 1375 omnes
1270 1304 1493 1395 noemam
1510 1299 1626 1395 8111·

449 1440 567 1517 quam
593 1419 707 1514 latini,
727 1425 807 1493 tam
832 1417 972 1511 antiqui
998 1439 1111 1512 quam
1131 1419 1314 1512 moderni,
1331 1425 1471 1514 ponunt
1496 1429 1626 1495 1111-

446 1541 596 1616 minant
619 1539 785 1634 quinque
809 1537 962 1642 tlnmina
978 1537 1187 1633 infernalia,
1208 1539 1344 1614 scilicet
1366 1540 1626 1631 Acherontem,

452 1661 618 1758 Stygem,
642 1660 932 1757 Ρ1ι118111111ι1,
952 1657 1137 1754 ·Gocytum
1159 1665 1207 1734 et
1230 1661 1398 1734 ·Letbem.
1423 1660 1527 1734 blodo
1548 1681 1627 1733 au·-

453 1785 514 1855 tor
539 1801 622 1855 mon
656 1779 865 1854 numeravit
899 1777 967 1852 nisi
996 1784 1169 1873 quatuor,
1202 1780 1291 1873 quia
1318 1779 1365 1853 de
1389 1781 1508 1854 bathe
1539 1778 1627 1853 111111

454 1898 564 1995 diritq
576 1900 631 1975 de
650 1898 893 1996 'Phlegetonte
912 1903 1038 1972 autem
1056 1897 1372 1973 outordnbitabat
1386 1920 1462 1973 non
1479 1899 1628 1993 quidem

455 2018 503 2095 de
520 2019 676 2095 momine
692 2019 764 2094 sed
789 2018 953 2113 deloco,
972 2018 1058 2112 quia
1078 2017 1161 2092 licet
1181 2018 1332 2093 uidisset
1345 2019 1470 2115 ipsum
1485 2014 1535 2112 (¹),
1552 2037 1629 2092 non

456 2145 580 2214 tamon
595 2144 830 2234 *cognoverat
854 2137 975 2230 ipsum
1000 2137 1148 2229 quaudo
1172 2136 1336 2231 viderat3
1368 2159 1454 2212 mm
1483 2136 1630 2232 quando

456 2258 625 2354 Virgilium
650 2256 805 2331 ostendit
826 2255 901 2330 ·sibi
915 2246 954 2346 (²)
986 2276 1123 2350 aquam
1153 2257 1394 2352 sanguineam
1424 2278 1629 2351 numquam

458 2377 712 2453 nominaverat
736 2376 1035 2470 Phlegetontcm3
1050 2395 1151 2470 ‘ergo
1178 2374 1322 2450 uiderat
1347 2376 1463 2471 ipsam
1490 2397 1565 2450 non
1588 2383 1632 2450 ut

453 2498 585 2594 ipmm.
600 2536 650 2550 -
662 2501 706 2570 ln
724 2503 819 2570 metite
839 2494 911 2568 llic
932 2501 1047 2568 autor
1070 2494 1172 2589 ponit
1192 2495 1470 2590 responsionem
1494 2495 1633 2592 Virgilii

454 2616 505 2692 ad
532 2617 649 2691 istam
685 2613 887 2690 secundm
922 2613 1149 2708 petitionem,
1170 2615 1243 2708 qui
1272 2615 1392 2709 primo
1422 2615 1547 2712 arguit
1577 2615 1634 2689 in·

447 2737 723 2813 adsentantium
739 2733 889 2810 autoris
912 2734 1012 2808 circe
1037 2731 1283 2830 cognitionem
1305 2735 1569 2832 phlegetontis,
1587 2742 1634 2811 ·et

458 2856 579 2952 primo
603 2853 838 2931 commendat
863 2873 950 2928 eum
977 2860 1019 2926 ut
1043 2852 1230 2927 honestius
1246 2861 1398 2950 arguat
1420 2854 1517 2930 Dicit
1541 2874 1633 2950 ergo

459 2979 587 3049 autor:
615 2980 652 3048 et
676 2974 736 3047 ille
761 2971 932 3068 Virgilius
956 2975 1111 3064 tisposc:
1132 2980 1225 3046 certo
1248 2981 1284 3046 tu
1309 2977 1358 3046 mi
1376 2977 1531 3066 1111111
1551 2981 1631 3048 ute

459 3100 513 3169 tue
538 3095 718 3186 quoteni,
744 3090 831 3186 quia
849 3091 944 3166 soles
964 3091 1144 3166 subtiliter
1162 3093 1304 3167 moveri
1317 3083 1368 3188 (³),
1386 3115 1446 3167 ma
1469 3097 1499 3167 u
1520 3095 1634 3167 tollor

459 3215 503 3288 de
528 3216 677 3306 lacque
702 3232 808 3286 rosso
833 3214 946 3285 doceo
963 3212 1027 3284 beu
1042 3215 1158 3285 solvet
1175 3214 1284 3286 lutra
1300 3214 1360 3300 cite
1377 3215 1512 3309 tusco,
1530 3213 1635 3308 quasi

460 3332 579 3407 dicat:
606 3338 647 3404 tu
672 3332 767 3406 bene
800 3330 959 3406 debebas
989 3330 1245 3406 coniecturare
1277 3352 1322 3407 ex
1350 3332 1636 3408 evidentissimis

458 3450 573 3548 118111
596 3451 662 3545 qni
688 3448 824 3525 liutius
857 3457 939 3526 erat
959 3448 1173 3546 Piileqeton,
1205 3452 1354 3546 qnando
1380 3451 1496 3529 uidisti
1521 3453 1637 3529 ardo·

464 3591 552 3673 rem..
577 3578 614 3645 et
653 3571 829 3645 ruborem
859 3590 970 3664 aque
1002 3570 1196 3664 bullientis,
1228 3592 1316 3646 nam
1347 3573 1547 3670 Plrlegeton
1579 3574 1636 3646 in-

464 3697 688 3786 terpretatur
713 3690 863 3766 ardeus:
890 3698 928 3765 et
953 3690 1035 3766 vide
1061 3690 1160 3783 qnod
1185 3698 1294 3765 autor
1320 3693 1416 3767 bene
1439 3692 1541 3790 lingit
1566 3694 1636 3768 boc

463 3810 510 3885 ad
534 3809 817 3885 declarationem
844 3811 901 3884 sui
928 3818 1115 3904 tractatus,
1134 3809 1220 3903 quia
1241 3811 1356 3884 lector
1381 3820 1524 3907 poterat
1549 3814 1636 3887 iaci-

464 3929 546 4003 liter
572 3929 644 4005 salli
669 3929 706 4003 in
732 3930 940 4027 cognitione
965 3931 1068 4004 istius
1088 3951 1196 4023 aquae
1213 3951 1326 4024 quam
1347 3953 1552 4026 numquam
1571 3955 1638 4008 no-

464 4048 681 4143 minaverat,
708 4049 775 4122 nisi
807 4069 906 4123 nunc
937 4054 1012 4122 tam
1045 4049 1235 4125 manifeste
1269 4072 1309 4126 se
1333 4050 1562 4128 declarasset.
1594 4054 1637 4126 Et

463 4168 571 4241 solvit
599 4169 754 4244 alteram
788 4174 930 4263 partem
961 4167 1205 4261 dubitationis,
1232 4169 1377 4244 diceus:
1409 4176 1498 4262 Lete,
1524 4192 1636 4265 quem

464 4287 613 4363 hicnon
638 4288 835 4382 nominavi,
854 4290 989 4379 vedrct,
1008 4307 1081 4361 non
1099 4287 1136 4361 in
1153 4288 1221 4362 isto
1239 4289 1395 4386 inferno,
1417 4313 1476 4365 mo
1498 4299 1584 4387 lucr
1602 4297 1640 4368 di

462 4415 583 4502 questo
603 4412 716 4502 sesso,
742 4409 833 4483 idest
849 4413 954 4483 extra
972 4406 1079 4482 istam
1097 4407 1230 4482 vallem
1242 4408 1395 4509 luterni.
1413 4411 1457 4484 Et
1475 4412 1533 4487 bic
1551 4420 1637 4488 nota

463 4528 562 4623 quod
587 4536 697 4603 autor
722 4549 795 4603 non
821 4528 921 4623 ponit
949 4527 1101 4602 Letbcm
1133 4527 1228 4603 inter
1260 4529 1411 4605 flumina
1445 4531 1635 4609 infernalia

463 4668 570 4724 more
594 4648 752 4723 aliorum
778 4654 984 4744 poetarum,
1010 4647 1074 4722 sed
1100 4647 1137 4721 in
1161 4648 1380 4745 Purgatorio
1397 4650 1494 4726 circa
1511 4653 1635 4747 linem,

527 4897 555 4960 (¹)
572 4898 603 4949 11.
618 4911 690 4949 oum.
937 4901 966 4963 (¹)
982 4901 1014 4952 11.
1029 4901 1063 4953 11.
1313 4901 1339 4967 (¹)
1355 4903 1387 4954 11.
1403 4916 1516 4955 morere.
