4154 6546
752 815 890 905 CANVUS
915 814 1059 870 ramus
1449 804 1495 873 55

320 960 453 1056 rliales,
469 982 496 1034 a
513 963 569 1034 otri
586 962 832 1050 rammoplto,
849 959 940 1034 idest
960 959 1094 1053 quibus
1113 959 1287 1055 adhaeret
1306 968 1497 1057 tamquam

321 1101 427 1156 uror.
444 1081 489 1155 Et
505 1087 562 1156 est
576 1081 705 1175 pulcra
722 1080 982 1173 transumptio:
1000 1079 1094 1154 sicut
1112 1081 1211 1155 enim
1228 1102 1323 1156 uxor
1341 1102 1415 1156 non
1431 1104 1498 1178 po-

322 1208 392 1277 test
407 1200 606 1295 separaria
622 1199 715 1292 viro,
728 1198 796 1271 nisi
815 1219 883 1293 per
899 1205 1071 1294 mortem,
1085 1201 1135 1274 ita
1152 1202 1305 1275 avaritia
1322 1186 1499 1276 amantis—

319 1320 412 1395 sima
422 1319 560 1413 conjux
572 1316 860 1411 inseparabiliter
867 1311 905 1409 (¹)
915 1318 1079 1392 adbaeret
1092 1320 1217 1393 multis
1226 1318 1312 1394 viris
1327 1322 1499 1415 usquead

320 1445 499 1513 mortem:
525 1436 608 1512 ideo
627 1436 760 1510 melius
781 1442 900 1531 potest
919 1437 989 1511 dici
1008 1458 1103 1513 uxor
1123 1459 1234 1532 quam
1255 1440 1394 1514 amica:
1416 1440 1498 1517 ideo

321 1557 439 1653 magis
454 1555 601 1650 proprie
616 1554 708 1630 dixit
731 1558 975 1647 summoque,
1001 1565 1040 1631 et
1063 1579 1138 1631 non
1162 1562 1323 1632 samma.
1345 1559 1390 1632 El
1408 1558 1497 1634 sub·

321 1668 426 1768 ditl¹l
446 1673 782 1769 multiplicationem
799 1680 837 1748 et
853 1673 1122 1750 incrementum
1135 1677 1246 1772 hujus
1263 1679 1345 1753 vicii
1362 1680 1496 1773 dicem,

321 1817 340 1868 e
349 1789 415 1888 ptri
428 1812 590 1867 auroram
605 1812 752 1865 ancora.
773 1794 818 1866 Et
834 1794 950 1889 tangit
966 1795 1107 1869 bostem
1129 1793 1231 1869 istius
1252 1798 1347 1891 lupae
1363 1805 1497 1873 vontu-

321 1903 463 2007 ruml⁸)‚
474 1912 611 2006 diceus,
622 1914 710 2004 infin
728 1912 826 1985 rba'l
844 1914 953 1986 vetuo
973 1905 1091 1986 verro.
1113 1916 1157 1988 Et
1173 1915 1335 1992 breviter
1352 1918 1431 1991 vult
1442 1917 1497 1991 di·

319 2051 406 2108 oere
429 2030 529 2126 quod
553 2030 728 2106 continuo
752 2030 905 2106 avaritia
931 2040 1084 2127 crescet,
1108 2034 1225 2109 donec
1251 2037 1372 2111 veniet
1402 2054 1498 2110 unus

319 2151 470 2244 reltrus,
483 2148 576 2224 idest
592 2149 703 2244 canis,
721 2149 784 2244 qui
801 2150 929 2244 perdet
946 2170 1048 2245 eam3
1066 2153 1153 2246 quia
1170 2154 1268 2226 enim
1285 2161 1394 2229 autor
1407 2154 1498 2228 assi·

320 2257 554 2375 milaveratl⁴l
567 2269 759 2344 avaritiam
777 2270 884 2363 lupae,
898 2270 979 2344 ideo
991 2272 1086 2345 beue
1098 2278 1243 2345 servata
1257 2273 1497 2367 methaphora

320 2391 476 2486 appellat
487 2394 762 2485 persecutorem
776 2390 856 2483 ejus
869 2409 1010 2483 canem,
1025 2392 1088 2484 qui
1102 2393 1317 2466 naturaliter
1330 2393 1498 2466 inimicus

319 2509 553 2607 persequitur
577 2510 721 2604 lupum,
737 2515 775 2584 et
798 2508 919 2603 ipsum
944 2500 1091 2603 expellit
1115 2510 1163 2585 ab
1187 2508 1329 2606 ovibus,
1347 2518 1384 2586 et
1401 2528 1499 2606 saepe

320 2635 465 2706 mactat
478 2630 532 2703 lta
544 2629 613 2703 iste
628 2629 769 2702 reltrus
785 2629 942 2722 expellet
958 2627 1149 2703 avaritiam
1166 2630 1215 2704 ab
1229 2630 1436 2705 bominibus
1446 2622 1497 2723 (ἢ,

319 2756 358 2826 et
375 2749 492 2845 ipsam
517 2746 777 2822 exterminabit
799 2768 886 2821 oum
910 2746 1053 2841 dolore3
1078 2748 1160 2823 ideo
1172 2748 1269 2844 dicit,
1285 2753 1344 2823 rte
1360 2754 1398 2824 lo
1409 2739 1499 2845 sord

320 2871 433 2943 morir
448 2888 516 2942 ooo
530 2869 661 2957 duolio
676 2865 746 2940 Sed
763 2866 845 2959 quis
862 2865 932 2940 erit
948 2866 1015 2940 iste
1028 2868 1180 2962 veltrus,
1193 2869 1239 2943 de
1255 2859 1375 2963 quol⁶)
1391 2864 1497 2942 mulli

321 2988 438 3062 mulla
461 2985 550 3061 lalsa
575 2991 613 3060 et
636 2984 766 3059 frivola
790 2984 975 3080 dixerunt,
992 2985 1132 3079 dequo
1155 2995 1241 3061 sunt
1265 2995 1319 3063 tot
1343 2995 1497 3062 conten·

320 3104 449 3197 boues,
465 3110 520 3179 tot
537 3103 750 3199 opiniones?
774 3104 837 3177 list
853 3123 956 3200 ergo,
974 3105 1118 3199 rejectis
1135 3106 1365 3200 opinionibus
1382 3107 1496 3200 vam's,

320 3223 368 3299 ad
392 3222 504 3297 istum
527 3243 676 3319 passum
701 3222 862 3296 arduum
895 3223 979 3296 totis
1014 3222 1153 3297 viribus
1183 3225 1433 3319 insistendum,
1459 3228 1497 3299 at

320 3362 389 3438 per
399 3341 618 3418 evidentiam
630 3331 667 3434 (⁷)
681 3348 739 3416 art
749 3341 1028 3436 praenotandum
1043 3343 1142 3436 quod
1154 3342 1325 3439 Virgilius
1341 3344 1497 3420 similem

319 3480 468 3555 passum
492 3460 594 3556 ponit
619 3461 712 3534 libro
739 3461 997 3535 Bucolicorum
1023 3462 1160 3558 Egloga
1186 3470 1330 3556 quarta,
1355 3462 1417 3537 ubi
1441 3463 1497 3537 lo·

321 3580 448 3676 quitur
471 3579 520 3655 de
544 3580 705 3674 quodam
732 3588 901 3675 venturo,
920 3582 984 3675 qui
1011 3582 1225 3656 reformabit
1250 3583 1443 3678 mundum,
1459 3590 1497 3658 et

321 3699 392 3774 surb
404 3718 483 3794 uuo
497 3699 569 3775 erit
584 3705 675 3774 atlas
690 3699 776 3774 lelix
792 3706 832 3773 et
846 3720 975 3794 aurea,
988 3700 1052 3774 ubi
1067 3701 1153 3774 dicit
1166 3701 1260 3775 inter
1276 3701 1347 3775 alia
1364 3702 1496 3777 verba:

468 3865 552 3936 lom
574 3865 668 3937 redit
689 3870 724 3936 et
753 3865 871 3956 Virgo,
896 3866 1044 3937 redeunt
1065 3868 1233 3939 Saturnio
1258 3887 1384 3958 regno,

372 4020 376 4025 ·
466 3984 549 4056 Iam
573 4004 670 4056 nouo
685 3986 874 4076 progemes
898 3984 985 4056 eoelo
1008 3987 1190 4058 1111111ιί111
1215 3990 1296 4058 alto.

392 4190 481 4264 liuto
504 4189 609 4264 litera
633 4189 772 4287 Virgilii
791 4198 847 4265 est
863 4191 1057 4288 ambigua3
1075 4191 1173 4267 undo
1199 4193 1304 4266 multi
1323 4193 1497 4268 dixemnt

322 4309 422 4403 quod
444 4309 615 4406 Virgilius
639 4310 784 4384 locutus
809 4317 865 4385 est
889 4310 935 4385 de
960 4311 1113 4405 Christo,
1137 4311 1233 4385 sicut
1256 4311 1497 4409 Augustinus,

322 4426 388 4520 qui
410 4426 624 4504 decimo-de
647 4429 793 4505 civitate
813 4430 890 4525 llei,
911 4430 1070 4524 capitulo
1084 4431 1225 4505 XXVlll
1239 4420 1290 4525 (⁸),
1310 4431 1395 4504 dicit
1411 4431 1497 4505 Vir·

383 4679 412 4739 β)
428 4684 482 4740 tlt,
497 4674 698 4745 inseparabilius
926 4681 955 4744 (¹)
973 4682 1003 4732 u.
1021 4683 1108 4733 mbrlit
1123 4682 1263 4746 multiplex
1280 4683 1482 4734 incrementum.

383 4752 416 4817 ι’)
430 4759 487 4817 trs,
501 4763 628 4809 reaturo.
928 4761 955 4820 (ll
973 4764 1027 4819 111,
1045 4759 1202 4810 assimilavit.

384 4829 410 4888 (⁸)
427 4830 458 4879 E.
475 4830 508 4881 ab
523 4833 643 4884 omulbur
658 4838 688 4885 et
700 4835 790 4898 bum.
926 4834 953 4893 (⁸)
971 4839 1024 4894 llo,
1041 4834 1074 4884 (la
1086 4849 1139 4898 quo
1155 4835 1221 4886 milri
1236 4836 1327 4885 multu.

384 4904 458 4966 (VR
476 4920 525 4970 pro
540 4909 673 4960 evitantia.
926 4910 957 4972 (¹)
973 4915 1028 4971 111,
1045 4910 1179 4962 xvllt-
1191 4911 1222 4961 lt
1239 4916 1281 4961 rt
