4154 6546
855 773 1002 831 ‘murus
1028 775 1205 842 Quantus.
1553 768 1621 836 177

450 926 518 1003 luit
536 925 615 1020 ipse
639 921 817 1018 Orpheus,
835 926 953 995 totum
973 921 1241 997 dilaniaverunt
1254 913 1291 1013 (⁴)
1309 940 1395 996 eum
1415 924 1622 1017 crudeliter,

449 1053 486 1122 et
510 1044 680 1121 membra
703 1043 918 1137 dejecerunt
943 1041 980 1114 in
1005 1041 1143 1116 Eorum
1176 1040 1314 1116 llumen
1343 1041 1493 1136 Traciae,
1518 1044 1624 1119 cuius

449 1164 637 1242 morientis
671 1163 796 1258 lingua
826 1161 952 1258 frigida
983 1162 1138 1236 vocabat
1171 1161 1378 1236 Euridicem
1411 1183 1530 1258 snam,
1562 1166 1624 1240 sed

449 1285 564 1361 tarde.
590 1285 676 1358 Post
699 1281 886 1377 Orpheum
912 1281 1021 1356 debet
1046 1282 1151 1375 sequi
1169 1280 1279 1355 Linus
1296 1281 1332 1354 in
1350 1282 1498 1376 ordine;
1524 1304 1625 1378 narn,

451 1405 546 1481 aaut
570 1403 693 1479 scribit
717 1401 942 1498 Augustinus
967 1401 1061 1474 xvss
1090 1401 1137 1475 de
1166 1401 1318 1477 Ciuitate
1343 1403 1419 1496 Dei,
1445 1404 1624 1498 Orpheus,

451 1524 573 1617 linus,
604 1529 641 1597 et
670 1522 817 1597 llnseus
846 1521 995 1595 luerunt
1027 1520 1135 1614 primi
1167 1527 1285 1615 poeta
1313 1521 1483 1618 theologi.
1514 1523 1624 1597 Linus

450 1643 551 1719 enim
575 1646 725 1738 propter
752 1641 833 1715 eius
865 1639 1116 1715 excellentiam
1145 1640 1279 1715 dicitnr
1305 1662 1328 1716 a
1354 1641 1505 1739 Virgilio
1529 1642 1624 1717 iilius

452 1763 635 1861 Apollinis,
659 1761 725 1854 qui
749 1760 876 1856 Apollo
900 1765 955 1835 est
971 1760 1070 1835 Deus
1086 1761 1281 1856 sapientire,
1298 1762 1398 1836 Deus
1417 1769 1621 1857 poetarum.

451 1884 496 1958 ut
520 1882 671 1957 advene
695 1879 794 1975 quod
819 1879 931 1974 ntiqui
956 1885 1079 1954 textus
1104 1880 1238 1955 habent
1256 1884 1384 1973 Aluum
1401 1882 1465 1956 sed
1482 1883 1552 1956 hoo
1576 1901 1622 1957 ex

451 2001 655 2100 ignorantia
685 1999 824 2074 dietum
850 2006 925 2092 est3
951 2018 1037 2073 narn
1064 1998 1200 2072 Manus
1232 2019 1305 2074 non
1336 2000 1471 2075 meruit
1498 2002 1623 2096 reponi

450 2121 486 2195 in
513 2140 672 2194 numero
698 2120 867 2212 istorum,
893 2138 961 2192 neo
986 2118 1097 2192 locari
1119 2119 1227 2214 juxta
1256 2119 1427 2214 Tullium,
1453 2122 1622 2215 quamvis

449 2238 494 2315 sit
511 2243 784 2314 commentator
799 2238 1001 2312 modernus
1018 2237 1220 2312 Rhetoricae
1238 2258 1342 2312 nnvae
1363 2238 1478 2312 Tullii.
1503 2242 1621 2313 iirtlt'n.

448 2358 514 2433 ilio
537 2364 649 2434 autor
674 2357 776 2452 ponit
801 2356 910 2432 simul
934 2357 1028 2430 duos
1053 2356 1182 2431 latinos
1200 2357 1429 2452 philosophos
1446 2358 1624 2453 eloquen-

451 2476 606 2552 tissimos
623 2467 685 2567 (lla
705 2466 844 2551 Tullius
875 2474 943 2549 luit
967 2466 1004 2568 (l)
1034 2475 1081 2551 de
1114 2475 1262 2570 Arpino,
1290 2478 1445 2572 parvula
1479 2479 1625 2554 civitate

450 2597 659 2693 campanis
677 2584 728 2691 (⁸),
753 2596 849 2671 illius
874 2596 1064 2671 cuiusdam
1082 2595 1187 2690 labri,
1203 2604 1328 2672 tamen
1344 2598 1492 2694 virtute,
1509 2599 1626 2674 soien-

453 2715 515 2811 tis,
539 2724 577 2792 et
600 2716 810 2811 eloquentia
835 2737 904 2791 sua
930 2716 1048 2791 lautam
1071 2723 1128 2791 est
1152 2717 1240 2791 civis
1265 2736 1452 2811 romanus,
1472 2718 1625 2795 Senator

452 2842 491 2911 et
513 2835 661 2931 Consul,
686 2836 751 2930 qni
775 2856 922 2911 summo
938 2836 1077 2930 labore,
1094 2838 1244 2913 oonsilio
1263 2830 1312 2930 (⁵),
1330 2844 1367 2912 et
1389 2839 1534 2935 ingenio
1550 2839 1624 2914 Ro-

455 2964 556 3031 main
581 2957 819 3051 preservavit
847 2978 870 3032 a
899 2957 1070 3053 pestilera
1103 2960 1357 3054 conjuratione
1389 2960 1561 3053 Catilina,
1588 2967 1624 3035 et

453 3077 569 3172 ipsam
590 3075 962 3173 exornavitdoetrina
979 3076 1183 3172 literarum,
1200 3079 1376 3171 moribus,
1394 3085 1431 3153 et
1446 3079 1624 3173 eloquen-

384 3240 387 3245 -
453 3196 515 3271 tin.
535 3195 619 3270 Fuit
638 3195 737 3270 enim
753 3196 921 3291 princeps
937 3196 1049 3271 totius
1065 3197 1186 3271 latinae
1204 3198 1422 3291 eloquentia
1438 3198 1516 3274 sine
1532 3199 1622 3294 pari,

452 3315 551 3391 unde
583 3315 743 3390 Sensum
763 3336 839 3408 par
862 3319 1033 3408 etoquom
1061 3319 1210 3409 irnperio
1234 3337 1385 3390 rontano
1398 3343 1414 3410 ;
1445 3318 1543 3411 qnod
1568 3325 1625 3392 te-

293 3473 297 3480 ·
451 3442 594 3511 stamm
619 3455 748 3510 omnes
771 3436 1074 3511 excellentissimi.
1092 3436 1195 3513 Unde
1212 3439 1436 3535 Augustinus
1459 3441 1507 3515 de
1531 3441 1625 3517 Civi-

450 3563 526 3634 tate
549 3544 638 3632 net:
662 3576 754 3629 murs
776 3576 825 3629 ear
852 3576 999 3629 minero
1029 3561 1307 3633 doctsomoram
1337 3567 1439 3651 atque
1471 3565 1624 3635 omniarm

449 3678 742 3769 summosam
773 3680 917 3748 Morou
959 3680 1086 3750 luitura
1123 3680 1252 3752 cinno.
1288 3675 1357 3754 Hic'
1385 3681 1524 3755 Tullius
1558 3681 1625 3755 luit

450 3795 674 3892 proscriptus
697 3794 746 3869 ab
771 3793 937 3886 Antonio,
968 3802 1006 3869 et
1039 3796 1250 3872 interlectos
1284 3799 1320 3872 in
1354 3800 1511 3896 gratiam
1545 3800 1624 3875 eius

449 3914 658 4009 aquodam
693 3913 949 4008 ingratissimo,
975 3933 1087 4007 quern
1114 3937 1181 3991 sua
1208 3918 1331 4014 lingua
1356 3919 1577 3995 liberaverat
1601 3941 1623 3993 a

448 4040 582 4110 morte
608 4032 724 4107 Huius
749 4040 906 4108 mortem
925 4033 1210 4130 indignissimam
1226 4038 1326 4112 dolet
1341 4039 1566 4135 Augustinus
1586 4042 1622 4114 in

453 4172 523 4228 suo
544 4153 591 4229 de
614 4152 769 4228 civitate
783 4152 862 4246 liei,
887 4159 925 4228 et
949 4152 1115 4229 Valerius
1141 4157 1320 4230 Maximus
1344 4178 1432 4233 oum
1458 4160 1621 4234 maximo

451 4270 579 4347 dolore
602 4271 708 4347 dioit:
735 4274 795 4363 qai
818 4274 1182 4364 dnmmntmortem
1202 4280 1482 4352 dicomulta
1504 4282 1623 4351 creare

512 4511 541 4573 (¹)
557 4515 603 4564 itt
618 4526 634 4564 ο
648 4513 674 4564 8.
691 4514 898 4566 dilaceraverunt
913 4517 1054 4569 crudeliter
1069 4526 1097 4570 et
1115 4523 1172 4570 aios
1193 4523 1358 4572 membra-
1369 4523 1400 4573 li.
1416 4523 1624 4573 dllarerarnrnnt

450 4587 593 4639 andelltar
607 4593 635 4639 sl
649 4590 767 4640 manin
783 4591 942 4643 dobnerum.

512 4660 583 4726 (Ἠ.
602 4666 676 4728 ponit
695 4666 775 4717 amul
795 4667 861 4718 duos
879 4667 974 4720 latinos
992 4669 1225 4735 eloquentissimos
1239 4700 1271 4713 -
1288 4677 1342 4732 tlt,
1368 4675 1434 4726 duos
1458 4674 1625 4739 pnnosopnos

450 4738 645 4801 mosollam
660 4743 892 4807 anmrustmon
910 4745 1020 4797 Tullios.

512 4814 539 4879 (Ἴ
555 4817 586 4869 tt
602 4818 705 4871 Tulllus
720 4821 766 4884 qul
782 4821 840 4871 init.
1136 4825 1163 4889 (⁸)
1181 4831 1226 4879 llo
1243 4842 1257 4878 n
1275 4828 1301 4879 S.
1319 4827 1433 4893 apollo.

513 4890 542 4956 (¹)
557 4891 584 4943 S.
599 4894 717 4956 mutto,
735 4896 830 4956 sturllm
848 4901 876 4949 st
890 4898 1001 4961 ingenio.

585 4999 605 5045 t.
1462 5010 1488 5056 tt
