4154 6546
450 814 520 882 ele
843 823 1046 879 munnruu
1071 825 1222 878 rnnnnnn

447 969 528 1060 plus
553 966 668 1060 culpae
683 960 733 1058 (¹),
758 973 795 1039 et
820 967 907 1058 quia
924 973 979 1040 est
995 966 1144 1062 gravius
1167 972 1378 1060 peccatum;
1395 966 1476 1049 ideo
1492 968 1610 1062 magis

445 1084 558 1158 tendit
594 1084 767 1159 deorsum
805 1104 934 1160 versus
974 1091 1166 1160 centrum:
1206 1085 1298 1157 ratio
1335 1091 1462 1159 autem
1501 1085 1610 1160 buius

446 1209 512 1296 ost,
538 1202 626 1296 quia
655 1203 859 1278 secundum
884 1203 1136 1298 philosophum
1163 1208 1202 1276 3⁰
1225 1202 1451 1295 Moerum,
1475 1209 1608 1277 natura

448 1322 566 1414 posuit
591 1341 764 1417 magnam
788 1322 1066 1397 delectationem
1092 1323 1129 1395 in
1152 1322 1297 1395 duobus
1320 1322 1499 1415 serrsdms,
1516 1322 1610 1395 scili-

447 1447 506 1514 cet
529 1441 566 1513 in
592 1447 691 1514 tactu
715 1446 755 1514 ot
778 1445 899 1536 gustu.
927 1441 967 1513 ln
992 1447 1092 1515 tactu
1118 1447 1267 1535 propter
1291 1439 1605 1515 conservationem

447 1559 466 1598 *
480 1558 626 1652 speciei;
659 1559 695 1630 in
729 1565 841 1652 gustu
875 1565 1024 1653 propter
1056 1559 1370 1633 conservationem
1383 1558 1404 1600 *
1416 1550 1454 1649 (¹)
1480 1558 1608 1632 indivi-

447 1677 531 1770 dui;
564 1684 602 1750 et
635 1676 811 1750 maiorem
845 1676 1120 1752 delectationem
1151 1678 1270 1771 posuit
1300 1680 1336 1751 in
1367 1684 1465 1751 tactu
1496 1698 1609 1770 quarn

449 1799 484 1868 in
509 1803 632 1891 gustu,
657 1795 743 1888 quia
768 1802 900 1868 natura
926 1796 1041 1890 magis
1066 1795 1216 1868 sollicita
1246 1802 1301 1869 est
1332 1790 1428 1869 circa
1461 1815 1611 1871 conser-

449 1916 632 1990 vationem
649 1914 779 2009 speciei
808 1931 920 2006 quam
954 1913 1064 1987 unius
1093 1912 1289 2006 individui3
1319 1914 1395 1987 imo
1429 1912 1541 1990 etiarn
1576 1914 1612 1986 in

448 2033 745 2109 delectationibus
774 2033 942 2107 ciborum
973 2032 1152 2124 videmus,
1185 2031 1284 2124 quod
1315 2033 1434 2105 maior
1463 2040 1520 2107 est
1547 2033 1613 2108 de·

449 2153 592 2227 lectatio
624 2153 662 2225 in
681 2158 842 2247 ‚guture
875 2151 938 2224 ubi
967 2156 1022 2224 est
1053 2157 1171 2223 tactus
1208 2149 1442 2244 deglutiendo
1473 2150 1609 2241 cibum,

449 2292 560 2364 quam
586 2272 623 2344 in
648 2271 771 2367 bngtna
788 2270 852 2345 ubl
868 2276 923 2344 est
938 2274 1077 2364 gusua.
1095 2267 1197 2341 Unde
1211 2268 1444 2361 philosophus
1464 2268 1610 2342 adducit

450 2392 659 2484 exemplum
686 2391 735 2465 ibl
750 2390 797 2464 de
813 2388 973 2482 quodam
993 2387 1204 2481 pbilosopbo
1218 2387 1358 2481 guloso,
1377 2386 1440 2478 qui
1457 2386 1610 2482 rogabat

448 2508 536 2581 deos
567 2509 665 2601 quod
698 2515 828 2603 guttur
861 2527 973 2580 suum
998 2505 1103 2581 fieret
1134 2505 1276 2600 longius
1307 2511 1459 2600 gutture
1485 2508 1609 2602 gruis3

450 2647 522 2700 non
546 2634 672 2700 autem
699 2627 852 2721 rogabat
875 2625 974 2718 quod
1000 2626 1124 2720 lingula
1139 2625 1220 2698 eius
1236 2624 1341 2698 deret
1357 2625 1463 2698 latior
1487 2625 1611 2720 lingua

449 2744 561 2818 bovis.
585 2745 890 2837 conquerebatur
914 2764 1005 2839 ergo
1036 2744 1135 2836 quod
1164 2743 1354 2818 delectatio
1386 2745 1484 2837 gule
1516 2754 1613 2821 oeset

451 2864 499 2935 ita
522 2862 643 2936 brevis
667 2862 754 2953 quia
773 2852 933 2953 durutl³l
957 2862 1051 2936 sorte
1067 2868 1229 2953 quatuor
1245 2861 1372 2957 digitis.
1390 2861 1494 2937 Nunc
1508 2851 1546 2953 (⁸)
1563 2863 1610 2937 ad

450 2981 592 3054 literam
618 2987 727 3053 autor
750 2980 967 3054 continuans
991 2999 1032 3054 se
1054 2979 1101 3052 ad
1126 2981 1367 3072 praecedentia
1388 2974 1490 3057 dicit:
1509 2983 1614 3054 lomi

452 3103 571 3190 occeio
595 3102 748 3188 iotam,
773 3098 860 3191 quia
885 3099 987 3172 locus
1003 3105 1084 3172 erat
1102 3099 1302 3191 circularis,
1319 3101 1379 3172 vel
1402 3100 1479 3192 ipse
1501 3099 1614 3173 iacta·

450 3217 511 3290 bat
535 3217 661 3290 oculos
686 3216 722 3288 in
747 3216 953 3309 circuitum,
979 3220 1084 3290 nanos·
1105 3221 1263 3290 tormcmi
1277 3217 1368 3291 idest
1384 3219 1454 3292 alia
1471 3218 1613 3292 umisa

450 3335 622 3428 supplicia
637 3355 661 3408 a
679 3334 938 3428 superioribus,
955 3339 1097 3408 emovi
1118 3339 1331 3426 brumali,
1355 3335 1490 3410 scilieet
1508 3336 1615 3431 gulo-

450 3476 521 3547 sos,
545 3457 584 3526 ol
606 3461 733 3527 tow
757 3457 801 3527 dc
815 3457 853 3526 la
869 3461 990 3544 nune,
1010 3454 1145 3528 scilicet
1165 3464 1351 3548 resumpta
1369 3455 1615 3547 speculatione

452 3573 600 3646 mentali
624 3593 709 3664 quae
733 3572 854 3647 luerat
878 3573 1081 3664 interrupta
1105 3592 1152 3645 ex
1177 3573 1426 3664 compaaeione
1444 3573 1613 3646 afflictiva

454 3692 599 3765 illorum
624 3691 784 3764 duorum
808 3689 1024 3781 amantium,
1045 3692 1105 3760 cle
1128 3710 1166 3761 cc
1186 3691 1312 3777 olene,
1337 3688 1427 3761 idest
1445 3708 1531 3780 quae
1546 3689 1614 3762 luit

452 3812 575 3884 claus‘a
600 3817 638 3884 et
662 3808 824 3900 coninua,
843 3810 989 3881 (immi
1011 3828 1037 3879 o
1061 3810 1097 3879 lu
1116 3797 1212 3898 piatd
1234 3809 1274 3879 di
1297 3809 1358 3879 daei
1374 3810 1525 3898 σφω’,
1542 3807 1613 3880 sci-

453 3930 535 4002 licet
568 3927 670 4002 Pauli
699 3926 748 4001 de
776 3926 938 4000 Arimino
967 3933 1004 4000 et
1034 3925 1235 3999 Franciscae
1261 3926 1310 3999 de
1338 3925 1523 4017 Ravenna,
1553 3928 1614 3997 ote

453 4056 534 4119 betto
559 4053 609 4120 mi
631 4051 783 4140 nussim,
808 4045 898 4120 idest
922 4045 1148 4136 disturbavit,
1166 4051 1204 4119 et
1219 4045 1323 4120 dicit:
1339 4065 1437 4117 oontc
1455 4048 1506 4116 cll
1512 4047 1550 4116 io
1565 4050 1615 4116 mi

453 4186 577 4258 rnooa;
603 4185 668 4258 per
688 4166 757 4239 boc
776 4164 893 4237 innuit
907 4155 944 4254 (ὃ)
969 4168 1079 4236 autor
1104 4163 1202 4256 quod
1228 4182 1274 4237 er
1299 4162 1398 4237 omni
1419 4169 1523 4256 parte
1538 4170 1615 4237 ter·

455 4305 581 4357 rarum
608 4284 789 4377 reperitur
813 4301 948 4378 magna
972 4282 1075 4375 copia
1092 4281 1246 4355 istorum
1261 4282 1492 4377 insuetorum,
1508 4288 1552 4354 ut
1569 4281 1615 4355 de

455 4425 493 4478 se
518 4410 638 4497 patet:
665 4402 804 4496 respice
818 4392 855 4493 (⁶)
883 4401 1052 4475 tabernas
1077 4399 1135 4474 vel
1148 4389 1186 4489 (⁷)
1212 4399 1374 4494 popinas,
1398 4421 1418 4471 e
1441 4401 1538 4472 rl'r'o
1562 4418 1615 4470 m

515 4658 543 4719 (¹)
558 4659 583 4708 S.
600 4659 683 4720 culpan
699 4665 725 4707 et
741 4665 780 4710 est
796 4662 906 4723 gravina

515 4733 542 4793 (¹)
559 4736 594 4783 Le
610 4734 698 4795 puolo
713 4733 753 4784 ira
769 4736 778 4784 l
793 4736 844 4785 dua
860 4736 992 4786 anterlscbi
1008 4748 1055 4785 son
1071 4735 1183 4800 accolito
1198 4734 1267 4800 dagli
1281 4735 1345 4785 altri
1360 4734 1427 4785 testi.

515 4807 541 4868 (¹)
557 4808 582 4857 S.
599 4808 675 4857 durat
690 4814 809 4869 quatuor.
820 4836 850 4847 -
861 4810 890 4859 E.
907 4810 1020 4859 duraret
1230 4810 1259 4873 (⁸)
1273 4809 1305 4860 R
1321 4809 1397 4860 Nnc
1408 4821 1481 4872 orgo·

516 4882 692 4946 (nnuman
864 4884 891 4946 (⁸)
907 4885 937 4933 n.
953 4885 1077 4946 renue.
1231 4884 1491 4950 etsnpoormu
