4154 6546
1541 786 1612 855 ⁴23

446 1084 611 1152 CANTUS
634 1083 824 1152 DECIMUS
848 1084 1039 1165 TERTIUS,
1070 1086 1106 1150 a
1134 1106 1194 1168 pun
1223 1091 1339 1152 nudat
1366 1087 1447 1152 sicut
1476 1088 1615 1171 inpressi

518 1204 593 1262 sunt
613 1197 742 1281 sylvam,
760 1199 815 1265 ubi
836 1199 1023 1264 invenenant
1044 1199 1178 1279 spiritus
1199 1199 1235 1263 iu
1257 1198 1402 1264 bronchia
1424 1206 1453 1264 ct
1470 1202 1589 1281 prauis
1600 1224 1612 1281 ,-

517 1314 548 1373 et
569 1310 650 1374 sieut
671 1308 824 1392 Vtrpu'ttus
845 1309 934 1390 rupit
956 1309 1099 1390 aliquam
1118 1308 1274 1393 schepim
1295 1311 1384 1376 aues
1405 1311 1539 1392 spiratus
1561 1331 1613 1375 vo·

518 1424 609 1484 catur
638 1419 782 1484 elmuinus
803 1418 963 1484 Beltrami
991 1419 1042 1486 del
1064 1420 1199 1499 Bone,
1221 1442 1291 1487 cum
1315 1442 1376 1504 quc
1403 1424 1546 1488 recitavit
1572 1423 1612 1487 de

513 1549 611 1610 pum
636 1550 743 1597 comm
773 1530 894 1612 futura,
923 1536 953 1596 et
980 1537 1094 1612 postea
1126 1533 1184 1599 sub
1217 1533 1307 1599 ululo
1336 1534 1472 1601 uberum
1501 1534 1614 1601 civim

517 1642 758 1725 florentinorum
778 1642 1014 1725 interfectorum
1035 1663 1058 1711 a
1079 1664 1113 1711 ae
1134 1645 1224 1726 ipsis.

520 1926 664 2094 Non
685 2042 750 2094 era
773 2042 886 2094 ancer
911 2025 949 2095 di
972 2013 1009 2095 ld
1032 2028 1139 2096 Nesso
1162 2026 1334 2096 armento.
1353 2023 1552 2118 Postquam
1577 2025 1615 2099 in
1716 2087 1722 2098 .

447 2141 625 2235 superiori
640 2142 798 2237 capitulo
811 2142 978 2237 proxime
992 2143 1208 2236 precedenti
1222 2150 1331 2218 autor
1344 2149 1467 2218 nester
1481 2150 1615 2219 tracta-

446 2260 498 2336 vit
523 2267 560 2335 et
585 2261 840 2335 determinavit
865 2263 910 2334 de
935 2262 1053 2356 prima
1079 2262 1198 2355 specie
1230 2262 1411 2336 violentiae
1426 2256 1463 2354 (¹)
1488 2270 1615 2338 contra

445 2380 668 2474 proximum,
694 2401 779 2475 quae
804 2381 954 2475 punitur
983 2381 1163 2474 inprime
1190 2381 1328 2454 circulo
1353 2383 1615 2477 violentorum3

447 2521 545 2575 nunc
561 2507 829 2594 consequenter
852 2500 982 2595 agitet
1006 2508 1137 2574 tractat
1153 2501 1199 2575 de
1223 2502 1383 2576 secunda
1401 2503 1520 2597 specie
1537 2503 1616 2577 vio-

445 2621 566 2695 lentiae
582 2628 710 2695 contra
729 2641 779 2714 se,
798 2642 882 2714 quae
908 2622 1058 2715 punitur
1074 2622 1111 2694 in
1136 2622 1297 2696 secundo
1313 2622 1451 2696 circulo
1476 2622 1617 2697 violen-

447 2748 582 2815 torum.
600 2742 645 2814 Et
668 2741 764 2814 istud
789 2741 988 2836 capitulum
1014 2742 1091 2816 Xlll
1117 2749 1235 2836 potest
1259 2743 1366 2816 dividi
1393 2743 1429 2815 in
1456 2749 1617 2837 quatuor

448 2872 569 2957 partes
601 2862 803 2956 generales.
838 2863 877 2935 ln
909 2883 1068 2955 quarum
1101 2863 1217 2958 prima
1247 2870 1357 2937 arrtnr
1386 2863 1555 2938 describit
1579 2863 1616 2936 in

447 2982 609 3078 generali
628 3002 774 3076 poenam
801 2982 1043 3056 violentorum
1070 2984 1107 3056 in
1133 3004 1327 3078 personam
1354 3003 1459 3058 suam
1485 2991 1523 3057 et
1547 2983 1619 3056 mi-

449 3101 581 3174 nistros
600 3121 729 3195 poenae.
749 3100 788 3173 ln
814 3103 974 3175 secunda
991 3103 1161 3177 describit
1184 3103 1221 3175 in
1239 3103 1381 3196 speciali
1409 3124 1525 3176 unum
1544 3102 1619 3176 sin·

447 3221 616 3317 gularem
635 3220 800 3315 spiritum
820 3221 1052 3316 modernum,
1070 3222 1133 3315 qui
1150 3242 1240 3295 usus
1256 3228 1311 3295 est
1328 3242 1441 3295 manu
1459 3222 1618 3296 violenta

448 3347 575 3415 contra
591 3332 628 3432 (²)
656 3360 696 3414 se
725 3347 763 3414 et
794 3341 954 3436 assignat
983 3361 1133 3415 causam
1162 3362 1240 3415 suae
1272 3341 1523 3435 damnationis,
1544 3342 1617 3416 ibi:

449 3467 489 3535 lo
505 3464 625 3536 sentin
644 3462 684 3534 In
711 3462 816 3536 tertia
838 3468 962 3539 movet
986 3462 1108 3556 aliqua
1128 3460 1237 3537 dubia
1254 3462 1350 3538 dictu
1376 3462 1527 3557 spiritui,
1545 3461 1617 3535 ibi:

454 3587 506 3653 lla
532 3603 622 3672 poco
651 3588 765 3654 uttese.
792 3583 832 3653 ln
861 3588 993 3676 quarta
1022 3589 1060 3656 et
1085 3583 1213 3656 ultima
1240 3588 1371 3656 tractat
1402 3582 1449 3656 de
1475 3582 1529 3655 bis
1553 3582 1618 3676 qui

448 3703 615 3776 lecerunt
630 3701 839 3774 violentiam
866 3709 993 3775 centra
1011 3702 1106 3776 bona
1124 3724 1191 3776 sua
1217 3708 1255 3776 et
1278 3702 1325 3776 de
1341 3721 1472 3776 eorum
1494 3722 1616 3796 poena,

447 3821 518 3894 ibi:
537 3823 605 3893 Noi
629 3841 806 3892 mavamn.
824 3820 876 3894 dd
895 3821 1054 3915 primum
1080 3822 1260 3896 veniendo
1284 3821 1375 3915 dieo,
1394 3821 1493 3915 quod
1509 3828 1620 3896 autur

447 3941 617 4016 describit
633 3942 843 4036 generalem
869 3962 1016 4036 poenam
1035 3942 1280 4015 violentorum
1302 3943 1429 4016 talium
1444 3965 1454 4034 ;
1472 3942 1534 4015 sed
1551 3962 1620 4015 an-

448 4069 598 4154 tequam
615 4060 834 4135 descendam
855 4062 901 4134 ad
919 4062 1074 4155 literam,
1095 4072 1162 4156 pro
1177 4062 1356 4137 evidentia
1383 4061 1484 4138 istius
1501 4082 1620 4157 poeme

446 4188 590 4277 eportet
611 4181 816 4255 necessario
841 4189 1056 4276 praenotare,
1075 4183 1173 4276 qued
1196 4189 1306 4255 autur
1322 4182 1425 4278 flnm’t
1440 4183 1620 4256 subtiliter

447 4302 589 4375 animas
619 4301 771 4374 istorum
802 4301 1072 4395 desperantium
1104 4322 1184 4376 esse
1219 4301 1400 4376 involutas
1429 4303 1465 4374 in
1491 4302 1621 4398 plantis

446 4422 685 4519 sylvestribus
710 4421 824 4514 duris,
840 4421 988 4515 asperis,
1006 4423 1084 4496 sine
1101 4422 1203 4516 iuliis,
1221 4423 1299 4496 sine
1316 4423 1459 4516 lrnctu3
1477 4429 1515 4496 et
1534 4424 1621 4495 bar·

449 4543 517 4638 piae
535 4562 619 4636 quae
644 4547 730 4614 sunt
744 4532 781 4633 (³)
799 4541 1042 4636 rapacissima
1061 4541 1202 4636 rapiant
1219 4542 1340 4637 apices
1361 4541 1620 4639 virgultorum,

508 4758 537 4821 (⁸)
551 4757 576 4807 8.
593 4757 780 4817 violentorum:
797 4771 866 4807 nuuc
883 4762 1070 4821 consequentur
1088 4759 1148 4820 agit.

508 4831 536 4895 (¹)
553 4837 606 4893 tls,
622 4839 713 4889 soon·
729 4846 764 4895 ss,
781 4834 830 4884 lbi:
846 4834 869 4883 el
884 4835 932 4883 bon
948 4840 1063 4891 nauum,
1079 4840 1106 4885 et
1121 4835 1240 4898 uigent

510 4909 537 4973 (¹)
555 4915 608 4971 iic.
624 4916 685 4961 sum
701 4923 761 4962 πα
776 4911 955 4975 ruptum.
