4154 6546
451 787 521 856 370
849 801 1051 856 nonnarum
1076 798 1227 854 rnrnnnr

447 946 607 1020 circulus
623 945 802 1041 generalis
819 952 875 1020 est
889 945 1077 1019 distinctus
1093 944 1131 1019 in
1147 951 1309 1038 quatuor
1322 952 1454 1039 partes.
1468 944 1513 1018 Et
1528 965 1626 1019 con-

447 1067 576 1161 sidera,
604 1067 702 1161 quod
726 1066 821 1141 bene
846 1067 1023 1142 calculata
1049 1067 1201 1160 ratione,
1219 1087 1354 1141 novem
1379 1075 1463 1141 sunt
1488 1067 1624 1142 circuli

446 1187 579 1260 Inferni
605 1187 642 1259 in
664 1186 871 1279 universali,
890 1185 1053 1280 quinque
1070 1191 1174 1261 extra
1192 1187 1389 1280 civitatem,
1407 1208 1504 1260 unus
1521 1187 1622 1262 intra

447 1314 485 1380 et
509 1306 612 1380 iuxta
639 1327 776 1400 muros,
803 1306 840 1379 in
865 1327 940 1398 quo
964 1312 1060 1380 stant
1086 1307 1256 1400 haeretici,
1279 1307 1392 1381 etalii
1410 1314 1496 1400 tres,
1522 1328 1621 1400 quos

448 1432 558 1500 autor
582 1425 768 1520 distinguit
792 1426 860 1500 hic.
895 1427 1000 1500 Nunc
1033 1426 1080 1500 ad
1114 1426 1257 1501 literam
1293 1427 1472 1501 veniendo
1500 1427 1625 1522 Virgi-

449 1546 518 1619 lius
543 1547 659 1642 tangit
683 1547 802 1640 primo
834 1548 1033 1622 secundam
1069 1547 1239 1641 speciem,
1269 1548 1430 1622 secundo
1461 1549 1623 1642 primam

450 1666 596 1759 iraudiS,
615 1666 738 1740 dicens
753 1691 762 1738 :
780 1670 914 1739 t’aomo
936 1670 995 1759 po'
1011 1688 1099 1739 asor
1124 1670 1161 1739 to
1182 1670 1288 1759 srodc
1311 1670 1401 1740 ouda
1425 1670 1510 1757 opat
1532 1688 1624 1740 corr-

449 1789 611 1877 scienct'o,
636 1785 772 1860 scilicet
797 1786 1055 1861 committentis
1081 1787 1208 1880 ipsam,
1233 1784 1271 1860 e'e
1290 1808 1424 1878 morso,
1442 1786 1623 1879 quianon

449 1912 567 2000 potest
599 1905 677 1979 lieri
712 1906 791 1980 sine
822 1925 949 1981 morsu
982 1906 1232 2000 conscientiae,
1247 1907 1333 2000 quia
1359 1905 1399 1979 lit
1423 1912 1624 2000 appensate

450 2047 523 2100 non
547 2047 614 2122 per
638 2027 880 2122 ignorantiam
907 2027 966 2100 vel
990 2027 1180 2121 impetum,
1201 2031 1239 2102 tn
1253 2030 1344 2100 colui
1360 2030 1453 2099 cd'in
1469 2029 1516 2100 toi
1528 2028 1622 2118 fido,

451 2147 541 2221 idest
559 2147 622 2240 qui
638 2147 785 2222 conlidit
801 2147 847 2222 de
864 2147 1012 2222 homine
1028 2147 1122 2221 sicut
1138 2155 1266 2221 contra
1283 2154 1437 2241 patrem,
1451 2146 1623 2242 patriam,

449 2268 623 2361 amicum,
649 2268 940 2364 consanguineos
956 2260 1004 2359 (¹).
1039 2270 1135 2343 Ecce
1164 2268 1387 2342 secundam:
1420 2275 1452 2341 et
1481 2271 1520 2340 io
1544 2269 1627 2358 puel

450 2391 510 2461 cde
534 2409 605 2460 noo
630 2389 786 2462 trodorao
806 2392 976 2480 fidoncio,
1002 2388 1093 2463 idest
1118 2394 1155 2464 et
1179 2396 1308 2463 contra
1333 2388 1436 2462 illum
1462 2389 1625 2481 quinon

452 2509 615 2602 concepit
625 2502 661 2601 (²)
690 2510 755 2582 sibi
776 2509 886 2583 iidem
903 2510 949 2583 de
967 2511 1116 2584 homine
1131 2509 1254 2603 aliqua
1272 2509 1417 2604 speciali
1434 2510 1480 2583 de
1496 2529 1623 2583 causa.

452 2629 496 2700 Et
521 2629 702 2721 specificat
726 2636 836 2702 autor
861 2629 958 2702 istud
977 2629 1180 2703 secundum
1204 2629 1413 2703 membrum
1431 2635 1624 2723 tamquam

453 2748 569 2822 levius
602 2748 747 2822 dicens:
780 2756 897 2839 questo
930 2752 1035 2822 inodo
1065 2751 1211 2838 diretro,
1246 2750 1337 2823 idest
1365 2748 1433 2822 ista
1462 2748 1625 2823 secunda

453 2867 590 2961 species
608 2868 755 2961 fraudis,
765 2890 840 2961 por
855 2871 1055 2959 clt'omtdo,
1069 2868 1160 2943 idest
1172 2869 1353 2961 dissolvat,
1366 2890 1440 2961 pur
1458 2871 1492 2941 lo
1509 2871 1626 2941 monol

453 2990 488 3060 d'
501 3010 605 3060 amor
629 2991 689 3061 rte
710 2993 752 3082 [α
777 2996 920 3079 notura,
947 2989 1037 3064 idest
1062 2988 1251 3062 vinculum
1276 2989 1451 3083 generale
1468 2994 1623 3082 naturae,

453 3107 546 3182 sicut
570 3108 780 3203 decipiendo
805 3117 1037 3203 extraneum,
1062 3110 1122 3183 cui
1148 3108 1234 3181 nihil
1259 3108 1375 3182 debeo
1392 3108 1457 3181 nisi
1482 3109 1624 3184 ratione

454 3229 687 3304 humanitatis
713 3236 750 3304 et
775 3231 951 3305 naturalis
975 3231 1124 3324 pietatis.
1151 3231 1196 3302 Et
1211 3222 1247 3321 (³)
1268 3229 1442 3303 continuo
1461 3230 1623 3303 declarat

453 3349 626 3444 quisunt
651 3349 708 3422 isti
733 3356 770 3424 et
795 3349 857 3423 ubi
883 3350 999 3444 positi,
1026 3349 1166 3424 dicens:
1193 3350 1372 3440 rpomtn'o,
1404 3348 1494 3424 idest
1519 3348 1626 3442 hipo-

452 3468 565 3562 critae,
591 3471 758 3558 lostnplre,
784 3468 876 3543 idest
892 3470 1113 3562 adulatores,
1130 3491 1149 3540 e
1164 3471 1218 3541 cdi
1234 3474 1417 3561 offottaro,
1436 3468 1525 3542 idest
1543 3489 1627 3542 ma-

454 3588 558 3682 lefici,
584 3588 648 3682 qui
673 3587 892 3663 aliacturant
917 3596 954 3663 et
980 3589 1117 3663 iaciunt
1141 3589 1269 3663 malias
1295 3594 1331 3663 et
1352 3588 1625 3682 incantationes,

451 3698 585 3803 sustu,
612 3708 703 3782 idest
727 3709 915 3783 falsatores
941 3710 1188 3802 metallorum,
1215 3709 1394 3783 mercium
1413 3716 1450 3783 et
1466 3709 1629 3782 aliarum·

456 3850 595 3922 rerum,
621 3831 841 3920 lodrooepto
863 3829 953 3902 idest
973 3829 1084 3921 sures,
1102 3851 1120 3900 e
1135 3831 1298 3920 amanio,
1316 3828 1407 3902 idest
1423 3828 1624 3922 simoniaci,

455 3950 519 4043 qui
544 3950 707 4024 vendunt
732 3951 790 4024 vel
817 3956 945 4023 emunt
970 3969 1094 4044 sacra,
1119 3952 1263 4041 rrtfioai,
1282 3949 1372 4023 idest
1392 3950 1542 4023 lenones
1563 3948 1629 4042 qui

455 4071 635 4145 seducunt
660 4070 844 4162 mulieres,
870 4070 1011 4161 borodi,
1037 4069 1129 4145 idest
1150 4070 1399 4144 baractatores
1418 4068 1626 4143 communis

456 4193 514 4267 vel
545 4190 681 4265 domini
710 4190 768 4263 sui
798 4189 834 4262 in
866 4189 1006 4282 officiis,
1036 4210 1055 4261 e
1083 4192 1176 4262 sinrd
1203 4193 1366 4279 lordum,
1392 4189 1482 4263 idest
1506 4187 1626 4263 omnis

455 4311 580 4386 similis
613 4310 727 4403 turpis
760 4310 872 4403 fraus,
898 4309 1002 4402 quasi
1033 4310 1140 4402 dicat,
1172 4316 1209 4384 et
1235 4309 1461 4384 utbreviter
1494 4308 1627 4401 dicam,

455 4451 582 4506 omnes
607 4429 668 4503 alii
694 4436 819 4523 turpes
844 4429 1065 4504 fraudulenti
1081 4418 1129 4522 (⁴),
1154 4431 1315 4518 amida,
1333 4429 1422 4502 idest
1440 4448 1627 4523 reponun-

455 4558 529 4645 tur,
558 4550 760 4644 puniuntur
775 4541 825 4643 (⁵),
851 4553 908 4623 net
937 4552 1072 4622 ceretio
1105 4552 1267 4639 secundo,
1299 4549 1389 4624 idest
1420 4550 1455 4622 in
1488 4547 1627 4624 circulo

516 4771 544 4831 (¹)
559 4771 590 4820 E.
607 4773 837 4835 consanguineum.
1191 4769 1218 4829 (¹)
1234 4771 1261 4820 S.
1277 4771 1397 4834 oonciplt.

518 4846 545 4905 (⁸)
563 4847 591 4895 E
610 4847 644 4895 Et
659 4847 781 4898 declarat.
1190 4847 1217 4908 (⁸)
1234 4851 1288 4907 tto,
1305 4847 1491 4898 &adolentes

519 4923 546 4981 (⁸)
563 4925 609 4972 llo
624 4935 640 4970 a
655 4922 686 4972 ll.
701 4928 729 4972 at
745 4924 897 4985 puniuntur.
