4154 6546
456 785 523 854 1⁹⁰
850 797 1054 853 munerun
1078 798 1229 852 nursam

449 945 607 1018 obscuro
631 960 678 1015 ex
704 940 860 1014 naturali
887 941 1121 1036 vererundia,
1147 950 1191 1017 ut
1215 963 1281 1037 per
1295 962 1339 1018 se
1357 949 1467 1038 patet.
1487 944 1532 1017 lit
1555 944 1622 1018 de·

449 1069 572 1143 soribit
586 1066 924 1160 qualitatempeure
938 1065 1086 1141 dicens:
1106 1069 1168 1140 rie
1191 1069 1343 1158 munius
1368 1068 1467 1141 Pena
1489 1074 1617 1142 nutem

357 1243 360 1249 -
448 1195 504 1263 eat
527 1189 618 1279 bec,
637 1185 738 1279 quod
757 1186 815 1258 isli
832 1185 1012 1259 luxuriosi
1027 1187 1191 1261 amorosi
1210 1185 1414 1280 impetuose
1430 1186 1619 1280 rapiantur

449 1331 472 1381 a
488 1307 605 1382 venus
619 1303 825 1398 contrariis,
842 1309 880 1378 et
897 1303 1053 1383 inuioem
1069 1304 1288 1380 oollidnntur
1306 1305 1364 1379 vel
1389 1304 1622 1400 confringun-

451 1437 513 1502 tur
535 1426 631 1501 siout
654 1425 764 1499 undae
790 1424 903 1498 muris
921 1417 959 1517 (⁴)
986 1425 1222 1521 tempestuosi
1243 1426 1416 1522 exagitati
1436 1446 1460 1499 a
1477 1431 1624 1499 contra-

451 1548 580 1621 rietate
597 1551 806 1620 ventorum.
824 1544 900 1618 lior
916 1544 1014 1619 enim
1032 1545 1116 1619 iacit
1131 1551 1243 1619 autor
1259 1545 1384 1619 multis
1402 1543 1621 1637 rationibus3

450 1668 581 1762 primo,
606 1666 694 1758 quia
719 1665 756 1738 in
781 1665 875 1738 mari
902 1665 1098 1762 insurgunt
1120 1665 1221 1740 venti
1246 1664 1339 1739 rarii
1368 1673 1406 1739 et
1436 1666 1621 1756 eontrarii,

449 1787 512 1880 qui
536 1785 672 1860 babent
696 1784 858 1859 excitare
884 1784 1066 1857 maximas
1089 1790 1349 1878 tempestates,
1376 1784 1425 1857 ita
1444 1775 1482 1875 (²)
1518 1784 1620 1858 utin

449 1908 597 1981 bomine
619 1905 810 1978 luxurioso
834 1904 1030 2000 insurgunt
1055 1905 1168 1978 varie
1192 1911 1230 1978 et
1259 1902 1453 1978 contrarie
1484 1905 1622 1998 passio·

448 2047 525 2121 nee,
545 2027 638 2100 sicut
653 2045 747 2118 spes,
764 2023 887 2117 timor,
908 2023 1032 2116 letitia,
1050 2023 1204 2116 tristitia,
1220 2043 1307 2116 que
1330 2024 1506 2098 mubnuo
1530 2044 1621 2098 non-

447 2148 590 2222 eutiunt
613 2152 777 2220 mentem
801 2144 894 2238 ejus,
916 2144 1080 2217 laoerant
1098 2149 1136 2217 el
1155 2141 1361 2216 distrahunt
1385 2142 1431 2216 ad
1457 2143 1618 2217 diversa:

447 2268 620 2360 semrndo,
651 2266 738 2358 quia
773 2264 877 2338 mare
909 2264 961 2337 sic
990 2262 1249 2338 denominatur
1285 2262 1334 2335 ab
1362 2261 1620 2354 amarimdlne,

448 2387 536 2480 quia
547 2407 737 2477 amarum3
754 2384 856 2459 nulla
872 2389 998 2457 autem
1015 2381 1127 2476 pestis
1141 2382 1303 2455 amarior
1312 2372 1351 2472 (⁸)
1364 2402 1477 2474 quam
1492 2401 1617 2473 amor,

450 2507 548 2580 unde
561 2507 623 2599 qui
635 2507 739 2599 prius
754 2505 856 2597 dixit,
869 2524 974 2575 umor
985 2492 1026 2593 (⁴)
1040 2509 1128 2577 ete:
1143 2502 1262 2595 tertio,
1273 2521 1380 2577 mure
1396 2509 1621 2597 tempestuo-

451 2646 534 2697 sum
559 2631 680 2698 estuat
705 2632 742 2697 et
768 2625 885 2697 terret
901 2642 968 2715 per
984 2622 1234 2696 ebullitionem
1251 2623 1455 2716 duduum3
1472 2624 1522 2699 ita
1539 2645 1622 2698 oon

451 2765 520 2838 pus
544 2743 723 2816 luxuriosi
748 2744 867 2816 servet
891 2742 1015 2815 calore
1040 2742 1210 2835 naturali,
1235 2748 1273 2816 et
1292 2742 1396 2815 bullit
1419 2746 1567 2841 sangaris
1585 2746 1620 2819 in

450 2883 497 2938 eo
520 2863 632 2937 ιιῑίιιιι
658 2881 745 2956 sepe
770 2862 893 2935 calore
915 2860 1140 2954 acciderrtali,
1157 2862 1243 2954 quia
1268 2861 1325 2937 isti
1342 2869 1418 2936 tam
1435 2863 1621 2939 effrenate

452 2982 622 3076 luxuriae,
647 2989 797 3076 propter
823 3000 937 3074 quarn
954 2987 1041 3053 sunt
1055 2978 1114 3054 bic
1128 2981 1306 3075 damnati,
1321 3001 1410 3076 sepe
1424 2976 1619 3076 irritantl⁸l

451 3102 634 3177 libidinem
651 3102 741 3176 cibis
761 3107 798 3176 et
814 3101 906 3174 vinis
922 3100 1046 3175 calidis
1062 3100 1317 3194 dunnnude,
1334 3109 1372 3176 et
1389 3110 1517 3178 venter
1537 3104 1621 3177 rino

450 3229 599 3296 mans
623 3222 670 3295 de
694 3221 788 3296 laeili
818 3220 1012 3315 despumat
1043 3218 1080 3293 in
1110 3221 1313 3295 libidinem:
1340 3229 1485 3315 quarto,
1518 3242 1621 3297 mure

450 3349 530 3435 poet
546 3348 814 3435 tempestatem,
831 3340 979 3433 quando
996 3339 1161 3432 quiescit,
1179 3340 1289 3414 letet:
1306 3340 1357 3414 ita
1374 3341 1522 3415 luxuria
1543 3350 1621 3436 post

449 3463 587 3538 iactum
612 3461 746 3535 emittit
770 3462 937 3553 ietorem,
963 3466 1002 3534 et
1021 3460 1204 3533 ramulam
1230 3461 1343 3554 parit:
1359 3462 1501 3554 quinto,
1518 3483 1622 3537 mare

449 3582 624 3655 eontinuo
648 3580 832 3654 oonsumt
855 3598 965 3653 snum
983 3579 1068 3651 litus
1083 3579 1259 3672 paulatim
1274 3604 1283 3650 :
1301 3580 1351 3655 ita
1368 3580 1513 3653 luxur‘m
1531 3603 1623 3674 pan-

451 3702 551 3776 lntim
576 3701 760 3775 consumit
777 3719 912 3794 eorpus
932 3699 1122 3792 luxuriosi,
1139 3698 1215 3771 imo
1231 3719 1282 3771 aes
1299 3707 1337 3772 et
1352 3719 1546 3793 personam
1560 3693 1620 3792 (⁶):

448 3829 567 3915 sexto,
584 3822 621 3894 in
638 3839 743 3895 mare
759 3826 845 3893 sunt
861 3838 995 3916 magna
1022 3817 1195 3912 pericula,
1221 3818 1412 3913 naufragia
1426 3826 1467 3894 et
1480 3818 1622 3894 inoorn-

452 3942 574 4033 moda,
595 3941 745 4029 damna,
770 3937 941 4031 alienun,
966 3938 1015 4011 ita
1032 3958 1081 4011 ex
1103 3935 1251 4011 luxuria
1268 3938 1439 4012 oriuntur
1460 3941 1621 4013 maxima

453 4061 621 4136 smndala
646 4066 684 4135 et
708 4059 904 4154 dispendia,
921 4077 1056 4154 magna
1073 4058 1183 4151 mab,
1197 4058 1417 4132 exterminia
1437 4061 1621 4155 generalia

452 4190 489 4256 et
514 4181 761 4275 particularia,
787 4181 881 4254 sicut
903 4178 1069 4254 incendia
1093 4178 1256 4271 urbium,
1279 4177 1399 4254 mdes
1419 4181 1623 4274 bominum,

451 4311 594 4397 strages
610 4301 805 4392 bellorum,
823 4305 962 4373 alodes
978 4319 1146 4390 suorum,
1163 4304 1206 4371 ut
1222 4299 1344 4372 statim
1360 4301 1507 4394 patebit
1525 4301 1624 4375 rra»

514 4531 542 4590 l¹l
559 4530 584 4579 S.
602 4543 617 4578 e
633 4529 662 4578 E.
680 4530 768 4578 muris.
790 4528 863 4578 llnde
884 4528 1027 4579 notandum
1047 4528 1249 4592 diligentissime,
1269 4530 1340 4593 qnod
1361 4529 1524 4581 subllilstlm
1548 4534 1624 4579 autor

451 4606 572 4654 describit
587 4605 739 4666 supplitium
756 4605 865 4653 istorum
876 4616 923 4666 per
935 4605 1156 4666 comparationem
1168 4604 1248 4655 uris
1258 4609 1433 4668 napum
1442 4605 1562 4668 unitati
1572 4609 1624 4652 etc.

514 4681 541 4740 (⁸)
557 4679 582 4730 S.
599 4693 614 4731 e
632 4685 685 4740 tlt,
702 4681 738 4730 ita
753 4681 780 4729 in
795 4681 911 4731 uiue.
1172 4706 1174 4710 ⁸

514 4756 540 4817 (⁸)
557 4756 582 4805 S.
599 4756 671 4804 nulla
687 4756 758 4806 adn
772 4758 853 4819 pestis
868 4757 982 4807 amarior
999 4762 1038 4806 ert
1054 4769 1140 4820 quam

515 4833 540 4893 (⁸)
558 4833 583 4882 S.
600 4846 673 4881 umor
688 4832 781 4881 melius
797 4832 901 4883 dixisset
915 4846 1030 4883 m.

515 4909 542 4970 l⁸l
558 4908 589 4958 E.
604 4908 723 4960 brit-t.
1062 4906 1092 4968 ll
1106 4909 1141 4961 Ε.
1157 4916 1186 4962 et
1204 4924 1341 4974 mmm
1357 4910 1434 4963 liliu.
