3990 6540
731 802 872 859 usurus
897 801 1054 857 bacmos
1077 800 1255 868 oumrus.
1504 785 1574 857 473

406 947 547 1024 densas.
573 948 617 1022 Et
642 947 700 1020 bic
724 952 811 1020 nota
835 946 936 1040 quod
960 946 1044 1020 licet
1069 945 1136 1018 ista
1161 943 1384 1038 comparatio
1408 943 1577 1017 videatur

409 1072 556 1166 propria
571 1071 617 1146 de
633 1070 735 1144 ialdis
753 1069 844 1142 nivis
862 1069 908 1142 ad
926 1069 1039 1142 laldas
1065 1067 1156 1163 ignis
1181 1067 1219 1140 in
1244 1066 1379 1160 multis,
1400 1067 1486 1160 quia
1506 1066 1576 1140 sci-

408 1191 491 1265 licet
508 1190 585 1264 istie
601 1195 638 1264 et
655 1190 723 1262 illae
740 1190 872 1284 pluunt
884 1188 931 1262 ab
944 1188 1018 1261 alto
1034 1207 1146 1281 super
1163 1186 1339 1279 homines,
1354 1193 1391 1261 et
1403 1186 1525 1260 deusae
1542 1191 1579 1258 et

409 1311 493 1385 latre
505 1316 544 1384 et
555 1310 633 1383 sine
645 1314 767 1401 vento,
786 1314 910 1381 tamen
927 1305 1100 1382 dilierunt
1117 1306 1154 1377 in
1172 1305 1296 1379 multis
1311 1299 1367 1398 (¹l3
1390 1305 1426 1377 in
1444 1306 1578 1395 colore,

410 1428 498 1522 quia
522 1428 585 1502 nix
609 1427 704 1520 alba,
724 1427 818 1523 ignis
836 1425 989 1518 rubeus,
1007 1425 1044 1497 in
1061 1425 1230 1516 humore,
1248 1423 1335 1516 quia
1358 1423 1419 1496 nix
1440 1421 1581 1517 frigida,

411 1547 504 1644 ignis
528 1546 685 1639 cabum,
702 1546 740 1619 in
765 1546 859 1638 looo,
880 1544 968 1638 quia
984 1543 1048 1616 nix
1072 1543 1119 1618 de
1143 1563 1217 1636 qua
1243 1542 1406 1635 loquitur
1431 1542 1526 1615 cadit
1543 1541 1580 1614 in

410 1676 547 1759 monte,
569 1666 661 1761 ignis
687 1665 755 1738 iste
778 1665 816 1737 in
842 1663 1005 1758 planitie,
1031 1662 1069 1735 in
1094 1662 1239 1755 ellectu,
1256 1662 1343 1755 quia
1363 1663 1426 1734 nix
1447 1681 1579 1756 parum

411 1787 469 1860 vel
505 1785 591 1858 nibil
626 1789 732 1858 nocet
765 1783 845 1875 illis,
870 1802 981 1876 super
1008 1801 1101 1875 quos
1130 1781 1242 1873 cadit,
1268 1780 1360 1875 ignis
1391 1800 1480 1855 vero
1512 1780 1580 1854 iste

411 1924 558 1978 summe
582 1903 722 1976 cruciat
748 1901 930 1975 subiectos
954 1899 1031 1974 sibi.
1063 1900 1147 1973 ldeo
1175 1906 1284 1973 autor
1310 1905 1434 1972 noster
1458 1900 1579 1972 statim

412 2023 510 2096 addit
547 2022 657 2095 aliam
688 2019 1001 2114 comparationem
1036 2018 1293 2093 nobilissimam
1333 2018 1580 2110 flammarum,

412 2161 496 2234 quae
521 2139 692 2214 convenit
718 2139 754 2211 in
779 2138 951 2212 omnibus
976 2137 1133 2211 dammis
1158 2137 1215 2210 bic
1240 2136 1462 2230 cadentibus,
1489 2137 1583 2211 scili·

413 2265 472 2334 oet
498 2259 535 2332 in
559 2258 708 2350 rubore,
743 2257 780 2329 iu
813 2257 936 2330 colore
962 2246 1012 2348 ι’),
1047 2255 1083 2327 in
1111 2257 1203 2347 loco,
1239 2245 1327 2345 in(³)
1360 2255 1516 2348 ellectu3
1547 2263 1584 2333 et

415 2378 576 2452 breviter
593 2377 687 2469 dicit,
709 2376 808 2469 quod
833 2376 910 2448 istae
935 2375 1094 2448 tiammae
1118 2381 1223 2449 erant
1240 2374 1375 2449 similes
1392 2375 1471 2469 illis,
1489 2397 1581 2469 quas

414 2495 620 2571 Alexander
645 2496 792 2570 llaoedo
823 2495 909 2569 vidit
941 2495 1069 2589 pluere
1093 2514 1203 2588 super
1229 2495 1433 2568 exercitum
1460 2517 1581 2568 suum.

415 2615 486 2693 Sed
510 2623 709 2709 autequam
735 2615 880 2690 veniam
905 2614 951 2688 ad
977 2614 1121 2688 literam
1143 2615 1226 2688 volo
1252 2620 1289 2687 te
1314 2614 1371 2687 bic
1397 2613 1580 2688 modicum

416 2735 565 2828 morari,
598 2736 731 2827 lector3
763 2754 849 2806 nam
874 2732 997 2806 audivi
1031 2733 1128 2807 viros
1154 2733 1402 2827 intelligentes,
1430 2754 1583 2830 magnos

416 2853 607 2946 Dantistas,
633 2852 697 2945 qui
723 2852 780 2926 bic
805 2852 987 2926 mirantur
1012 2859 1049 2926 et
1073 2851 1217 2925 dicunt:
1244 2871 1333 2926 vere
1357 2852 1583 2947 comparatio

416 2972 483 3045 ista
508 2978 563 3046 est
588 2970 822 3066 pulcerrima,
839 2971 903 3046 sed
928 2992 1001 3044 non
1027 2970 1132 3045 video
1159 2969 1256 3044 unde
1281 2979 1390 3045 autor
1415 2972 1585 3046 babuerit

417 3091 505 3182 boc;
536 3089 623 3182 quia
647 3090 803 3176 Quintus
829 3090 988 3183 Curtius,
1013 3089 1078 3183 qui
1108 3088 1253 3162 curiose
1280 3089 1450 3163 describit
1479 3097 1585 3186 gesta

407 3208 614 3283 Alexandri
632 3211 768 3305 magni,
790 3210 875 3283 nibil
892 3209 939 3283 de
964 3210 1033 3283 boc
1050 3208 1153 3300 dicit;
1170 3213 1207 3281 et
1227 3205 1400 3301 lustinus,
1418 3209 1482 3301 qui
1499 3209 1587 3284 bre-

417 3328 511 3403 viter
538 3327 598 3401 illa
624 3329 843 3425 perstringit,
861 3329 972 3404 etiam
998 3327 1085 3401 nibil
1109 3327 1203 3401 dicit.
1231 3327 1321 3401 ltem
1346 3327 1502 3402 Gallicus
1528 3328 1588 3403 ille

418 3446 481 3539 qui
499 3445 669 3520 describit
684 3435 720 3538 (⁸)
738 3445 1041 3522 Alexandreidani
1059 3446 1222 3541 metrice,
1240 3452 1276 3521 et
1293 3446 1352 3520 alii
1371 3447 1476 3520 multi
1497 3447 1587 3522 scri-

418 3564 545 3640 bentes
573 3572 647 3639 tam
675 3566 711 3639 in
736 3587 844 3661 prosa
869 3587 983 3660 quam
1001 3566 1039 3639 in
1057 3572 1188 3659 metro,
1207 3565 1344 3638 nullam
1363 3566 1586 3641 mentionem

419 3687 557 3763 iaciunt
573 3687 620 3763 de
640 3689 726 3780 boc;
752 3687 817 3762 sed
841 3697 954 3780 certe,
976 3693 1017 3759 ut
1035 3686 1121 3760 dicit
1145 3687 1389 3781 philosophus,
1407 3686 1453 3759 ad
1471 3707 1586 3781 pauca

420 3806 652 3901 respicientes
677 3806 780 3880 lacile
794 3797 831 3896 (⁶)
859 3805 1065 3881 enunciant.
1092 3806 1184 3878 Nam
1210 3812 1318 3879 autor
1343 3812 1478 3898 noster,
1505 3806 1587 3881 licet

420 3924 546 3998 lecerit
567 3925 661 3998 istud
686 3946 779 4020 opus
797 3925 833 3998 in
854 3925 1007 4018 somnio,
1031 3945 1103 3998 non
1121 3932 1245 3999 tamen
1261 3925 1417 3999 somniat
1432 3916 1488 4017 (⁶),
1506 3926 1587 4000 ideo

420 4040 531 4116 debes
556 4043 649 4118 scire
675 4043 774 4135 quod
804 4044 898 4117 banc
932 4043 1137 4118 mirabilem
1162 4044 1436 4140 impressionem
1463 4044 1588 4118 scribit

420 4160 625 4235 Alexander
641 4160 687 4235 ad
707 4161 936 4237 Aristotelem
954 4153 1003 4255 (⁷),
1021 4162 1164 4237 dicens:
1186 4163 1285 4255 quod
1302 4164 1338 4236 in
1355 4163 1453 4237 ludia
1471 4164 1587 4238 nubes

421 4278 543 4375 ignitae
567 4279 745 4354 cadebant
769 4280 815 4353 de
839 4301 928 4356 aere
952 4280 999 4354 ad
1026 4281 1177 4354 modum
1195 4283 1297 4376 nivis,
1315 4304 1408 4375 quas
1424 4284 1500 4379 ipse
1517 4283 1587 4356 mi·

419 4398 542 4473 litibus
560 4399 703 4473 calcare
729 4400 917 4495 praecepit3
943 4406 979 4474 et
1001 4400 1110 4473 buius
1128 4421 1277 4475 causam
1295 4401 1455 4497 assignat
1469 4393 1506 4493 (⁸)
1528 4403 1588 4477 Al—

481 4574 510 4712 l
526 4574 558 4700 r
572 4576 600 4701 r
615 4575 1016 4716 certassem
1291 4578 1320 4641 c
1336 4577 1363 4629 ⁵·

482 4726 509 4789 (⁸)
526 4725 557 4776 li.
572 4725 662 4777 scribit
677 4727 1004 4789 mundatum-lit,
1020 4729 1142 4780 describit
1157 4729 1351 4782 Alexandriam.

483 4803 510 4864 (¹)
527 4807 581 4863 trs,
597 4802 630 4853 do
645 4802 715 4854 incili
730 4805 858 4856 autimi.
1291 4807 1318 4867 (⁸)
1334 4807 1365 4858 li.
1382 4809 1524 4860 wmuiadt.

483 4877 512 4940 l')
529 4881 582 4939 rte,
599 4877 762 4931 Aristottlem
777 4880 805 4930 ln
819 4881 930 4945 quadam
947 4880 1054 4944 epistola
1070 4880 1164 4932 diosus.
1291 4882 1318 4943 (¹)
1336 4887 1390 4938 llo.
1406 4885 1504 4935 asserit.
