4154 6546
454 812 525 878 396
848 820 1052 877 comburi
1078 822 1229 877 rursum

452 992 604 1045 correon
628 978 687 1043 tra
702 972 728 1042 't
745 971 872 1064 pte-de
888 972 926 1042 to
943 971 1026 1061 ripn
1041 975 1075 1042 et
1089 989 1182 1059 esso,
1199 967 1334 1043 scilicet
1355 969 1500 1062 fossam,
1518 969 1630 1063 quasi

452 1093 557 1187 dicat,
575 1114 641 1188 per
666 1091 754 1166 iilud
779 1092 937 1187 spatium
963 1112 1086 1166 arenae
1114 1090 1220 1165 siccae
1245 1090 1344 1185 quod
1371 1098 1428 1165 est
1451 1090 1546 1167 inter
1573 1092 1629 1167 ri·

452 1234 537 1308 pam
562 1220 598 1286 et
624 1213 770 1306 fossam,
796 1212 887 1286 idest
911 1211 1043 1285 vallem
1070 1211 1240 1304 fluminis,
1266 1216 1303 1285 et
1328 1210 1434 1284 dicit:
1451 1231 1546 1285 come
1563 1232 1629 1285 so-

451 1338 532 1407 lenn
556 1336 595 1406 nt
618 1335 746 1405 mondo
771 1335 891 1404 codor
915 1352 939 1403 n
964 1335 1097 1422 ccccm,
1125 1330 1260 1405 sedicet
1289 1331 1437 1404 cantum
1467 1330 1526 1407 vet
1556 1333 1629 1407 bo-

452 1453 607 1545 minum,
634 1452 685 1526 sic
721 1451 822 1525 ibant
851 1450 889 1525 in
922 1450 1084 1546 praednm
1122 1471 1208 1524 cum
1243 1450 1393 1546 sagittis,
1418 1471 1504 1544 quae
1536 1458 1627 1527 sunt

449 1595 555 1648 arma
567 1573 741 1648 habiliora
754 1572 801 1646 ad
813 1571 987 1666 prodam,
1004 1571 1091 1664 quia
1103 1570 1151 1645 de
1162 1572 1272 1667 longe
1288 1570 1423 1646 feriunt
1437 1577 1474 1646 et
1490 1571 1622 1669 fugant

451 1693 633 1790 fugiendo,
660 1692 753 1767 sicut
766 1683 804 1784 (¹)
831 1696 931 1766 recte
955 1690 1091 1765 iaciunt
1116 1690 1224 1766 bodie
1252 1690 1416 1787 Hungari
1444 1690 1619 1769 initalia.

531 1815 751 1904 Veopendno'.
771 1814 841 1889 ista
858 1817 913 1887 est
930 1811 1038 1887 tertia
1054 1832 1139 1906 pars
1158 1810 1351 1907 generalis,
1368 1810 1405 1884 in
1422 1832 1495 1905 qua
1512 1821 1624 1888 autor

450 1933 605 2009 ostendit
630 1931 815 2028 quomodo
846 1931 982 2008 suerint
1014 1930 1186 2026 receptati
1201 1922 1238 2021 (²)
1264 1930 1313 2003 ab
1344 1930 1421 2007 istis
1450 1931 1624 2007 ministris

450 2073 579 2148 poenae,
596 2059 633 2127 et
653 2051 839 2146 quomodo
864 2071 930 2146 per
955 2060 1114 2126 scornm
1133 2049 1365 2144 transportati
1385 2070 1452 2146 per
1472 2051 1569 2129 istud
1581 2042 1622 2145 (³)

450 2176 597 2247 flumen.
624 2172 668 2249 Et
692 2171 811 2266 primo
836 2169 1007 2244 describit
1035 2177 1159 2244 aetum
1191 2169 1347 2244 istorum
1379 2169 1416 2243 in
1444 2172 1621 2266 generali,

448 2294 578 2367 deinde
612 2292 832 2368 locutionem
866 2290 976 2363 unius
1007 2289 1045 2363 in
1078 2289 1246 2384 speciali3
1282 2289 1388 2367 litera
1419 2296 1476 2365 est
1508 2292 1620 2368 clara.

449 2413 541 2490 Dicit
565 2432 656 2507 ergo
682 2422 813 2487 autor:
838 2413 978 2483 obswn
1001 2412 1140 2500 ristette,
1163 2409 1254 2483 idest
1279 2411 1533 2507 unusquisque
1558 2412 1623 2487 tir·

452 2532 566 2608 mavit
590 2553 630 2606 se
656 2532 718 2605 ubi
740 2531 859 2625 primo
876 2530 977 2604 ibant
996 2529 1178 2603 currendo
1194 2529 1240 2603 ad
1261 2530 1463 2609 custodiam
1480 2532 1566 2606 inssi
1579 2520 1619 2625 (⁸)

451 2652 705 2745 violentorum,
720 2652 930 2741 ooopendoo’
944 2653 1057 2739 color,
1071 2649 1205 2723 scilicet
1219 2648 1441 2726 descendere
1457 2671 1524 2747 per
1540 2651 1620 2725 rui·

449 2793 533 2846 narn
561 2772 659 2845 ittam
685 2771 733 2844 ab
757 2771 830 2844 alto
855 2769 900 2843 ad
926 2770 1096 2863 planum;
1122 2769 1171 2842 ita
1187 2759 1223 2861 (⁶)
1260 2780 1360 2847 recte
1389 2770 1526 2847 iaciunt
1553 2771 1620 2847 sti·

448 2892 621 2988 pendiarii
648 2892 685 2964 in
710 2891 859 2984 mundo,
884 2889 1031 2982 quando
1057 2888 1179 2963 vident
1208 2889 1348 2984 aliquos
1378 2890 1565 2967 venientes
1594 2913 1619 2967 a

449 3015 568 3108 longe,
586 3018 627 3084 ut
643 3011 786 3106 capiant
802 3020 840 3086 et
856 3009 1064 3103 praedentnr
1090 3029 1163 3083 eos.
1182 3010 1227 3082 Et
1246 3010 1361 3107 tangit
1386 3011 1485 3104 quod
1500 3001 1538 3103 (ὅ)
1564 3012 1620 3088 ie-

448 3139 589 3227 cerunt,
615 3132 700 3226 quia
737 3130 993 3226 praemiserunt
1030 3136 1104 3205 tres
1140 3150 1377 3223 precursurus
1411 3131 1457 3206 ad
1492 3133 1619 3228 explo-

449 3257 605 3332 randum
630 3257 676 3331 nd
702 3256 788 3351 quid
814 3256 870 3329 isti
896 3255 1082 3349 venirent3
1101 3256 1198 3329 unde
1221 3255 1325 3332 dicit:
1343 3278 1362 3328 e
1379 3264 1432 3330 tre
1446 3261 1479 3330 si
1493 3261 1619 3350 dipon-

448 3381 516 3451 tiro
532 3381 576 3450 de
591 3380 628 3450 lo
643 3379 791 3466 rediero,
808 3375 912 3451 eiecti
930 3396 976 3449 ex
994 3375 1083 3469 aliis,
1105 3385 1141 3450 et
1156 3365 1192 3466 (⁷)
1213 3382 1319 3449 erant
1334 3376 1409 3451 duo
1428 3376 1566 3471 furiosi,
1580 3384 1619 3452 et

449 3520 545 3572 unus
560 3497 687 3573 tertius
707 3502 933 3590 temperatus
949 3495 995 3568 ad
1013 3494 1284 3570 reiroenandam
1302 3496 1395 3571 irarn
1416 3517 1547 3572 eornm
1561 3487 1617 3591 (⁸);

448 3628 485 3694 et
509 3617 615 3690 dicit:
641 3637 708 3689 con
736 3617 835 3689 oreti
866 3622 899 3688 et
921 3618 1092 3688 osttcctote
1112 3617 1233 3707 pomo
1260 3620 1366 3707 ento,
1398 3627 1440 3694 ut
1470 3628 1618 3713 possent
1658 3648 1665 3659 ·

447 3738 518 3814 cito
545 3738 597 3812 uti
623 3737 693 3811 levi
708 3728 744 3828 (⁹)
771 3742 962 3810 armatura
987 3736 1017 3808 si
1042 3735 1243 3829 expediret:
1264 3736 1363 3811 unde
1387 3735 1497 3811 debes
1522 3737 1618 3815 scire

447 3857 544 3951 quod
570 3855 736 3931 centauri
763 3855 923 3930 ridentes
949 3855 1033 3932 istos
1059 3855 1185 3930 venire
1209 3876 1230 3930 a
1256 3857 1375 3953 longe,
1393 3863 1617 3951 putaverunt

447 3980 542 4073 ipsos
567 3997 647 4052 esse
670 3976 811 4069 aliquos
835 3976 882 4050 de
906 3994 1044 4071 genere
1068 3975 1325 4071 violentorum,
1351 3977 1415 4070 qui
1448 3977 1618 4053 venirent

446 4100 492 4174 nd
510 4099 614 4175 istam
633 4118 792 4192 poenam,
819 4096 913 4170 sicut
928 4087 979 4188 (¹⁰)
1001 4106 1056 4172 est
1072 4098 1241 4171 naturate
1263 4096 1391 4170 vitium
1410 4098 1615 4193 bominum,

447 4219 544 4313 qrrnd
570 4218 717 4312 quando
734 4217 815 4310 quis
835 4216 944 4290 babet
961 4215 997 4289 in
1015 4236 1055 4290 se
1073 4238 1189 4288 unum
1207 4216 1336 4290 vitium
1356 4217 1471 4295 crodit
1487 4238 1616 4293 omnes

448 4340 524 4435 pari
538 4331 591 4431 (¹¹)
610 4338 695 4411 vitio
716 4338 929 4430 maculatos
947 4335 1039 4410 sicut
1057 4336 1172 4430 patuit
1197 4337 1365 4431 superins
1385 4337 1422 4410 in
1442 4338 1615 4435 Pblegin3

506 4571 533 4633 (¹)
551 4571 579 4620 u.
596 4571 662 4620 sicut
678 4568 783 4619 iaciunt.
942 4567 970 4630 (¹)
986 4572 1031 4618 tiu
1046 4580 1062 4618 e
1078 4567 1110 4617 li.
1127 4567 1232 4631 recepti.
1249 4616 1254 4621 .

507 4646 532 4705 (¹)
550 4650 603 4706 ns,
620 4646 694 4697 irruo.
941 4645 968 4708 (·)
985 4646 1015 4694 Ε.
1031 4644 1114 4695 sm.

505 4726 532 4785 (⁸)
549 4725 580 4773 Ε.
597 4729 623 4773 et
639 4725 682 4773 ita.
941 4723 968 4784 (⁸)
985 4722 1016 4772 Ε.
1033 4735 1048 4771 ο
1064 4722 1089 4771 S.
1106 4722 1169 4785 quid
1186 4721 1311 4773 iecerunt.

505 4800 532 4861 (⁷)
548 4801 579 4849 E.
595 4801 639 4863 qui
654 4804 736 4849 erant.
940 4799 967 4862 (⁸)
983 4798 1008 4848 S.
1026 4800 1142 4848 istorum.
1152 4825 1183 4836 -
1195 4804 1248 4858 itt,
1265 4813 1370 4861 eorum;
1388 4798 1457 4850 unde
1472 4799 1542 4851 dicit.

504 4875 532 4937 (⁸)
548 4875 579 4925 B.
596 4876 644 4926 teri
660 4879 809 4928 armatura:
828 4878 943 4929 ridentes
958 4875 1021 4925 idos
1037 4875 1134 4925 renim.

496 4950 535 5013 (¹⁸)
550 4951 576 5001 S.
592 4957 618 5002 et
634 4952 707 5002 sicut
934 4951 972 5013 (¹¹)
987 4951 1013 5002 S.
1031 4953 1127 5015 pariter
1143 4952 1292 5004 muratos
