<?xml version="1.0" encoding="UTF-8"?>
<!DOCTYPE html PUBLIC "-//W3C//DTD XHTML 1.0 Transitional//EN"
    "http://www.w3.org/TR/xhtml1/DTD/xhtml1-transitional.dtd">
<html xmlns="http://www.w3.org/1999/xhtml" xml:lang="en" lang="en">
 <head>
  <title>
</title>
<meta http-equiv="Content-Type" content="text/html;charset=utf-8" />
  <meta name='ocr-system' content='tesseract 3.04.00' />
  <meta name='ocr-capabilities' content='ocr_page ocr_carea ocr_par ocr_line ocrx_word'/>
</head>
<body>
  <div class='ocr_page' id='page_1' title='image "./comentumsuperda00benvgoog_0542.png"; bbox 0 0 4154 6546; ppageno 0'>
   <div class='ocr_carea' id='block_1_1' title="bbox 776 773 1622 852">
    <p class='ocr_par' dir='ltr' id='par_1_1' title="bbox 776 773 1622 852">
     <span class='ocr_line' id='line_1_1' title="bbox 776 773 1622 852; baseline 0.001 -13"><span class='ocrx_word' id='word_1_1' title='bbox 776 785 913 841; x_wconf 77' lang='lat' dir='ltr'>usurus</span> <span class='ocrx_word' id='word_1_2' title='bbox 937 785 1094 841; x_wconf 74' lang='lat' dir='ltr'>orciuos</span> <span class='ocrx_word' id='word_1_3' title='bbox 1118 786 1296 852; x_wconf 75' lang='lat' dir='ltr'>ouranos.</span> <span class='ocrx_word' id='word_1_4' title='bbox 1551 773 1622 841; x_wconf 81' lang='grc'>193</span> 
     </span>
    </p>
   </div>
   <div class='ocr_carea' id='block_1_2' title="bbox 405 927 1669 4492">
    <p class='ocr_par' dir='ltr' id='par_1_2' title="bbox 405 927 1624 2101">
     <span class='ocr_line' id='line_1_2' title="bbox 452 927 1623 1024; baseline -0.003 -18"><span class='ocrx_word' id='word_1_5' title='bbox 452 930 619 1006; x_wconf 90' lang='lat' dir='ltr'>turaliter</span> <span class='ocrx_word' id='word_1_6' title='bbox 631 950 742 1004; x_wconf 91' lang='lat' dir='ltr'>omne</span> <span class='ocrx_word' id='word_1_7' title='bbox 754 949 870 1024; x_wconf 84' lang='lat' dir='ltr'>grave</span> <span class='ocrx_word' id='word_1_8' title='bbox 887 927 1000 1002; x_wconf 85' lang='lat' dir='ltr'>tendit</span> <span class='ocrx_word' id='word_1_9' title='bbox 1016 928 1063 1002; x_wconf 90' lang='lat' dir='ltr'>ad</span> <span class='ocrx_word' id='word_1_10' title='bbox 1079 935 1262 1022; x_wconf 75' lang='lat' dir='ltr'>centrum,</span> <span class='ocrx_word' id='word_1_11' title='bbox 1280 948 1348 1002; x_wconf 90' lang='lat' dir='ltr'>nec</span> <span class='ocrx_word' id='word_1_12' title='bbox 1365 934 1483 1023; x_wconf 93' lang='lat' dir='ltr'>potest</span> <span class='ocrx_word' id='word_1_13' title='bbox 1502 935 1623 1024; x_wconf 54' lang='lat' dir='ltr'>transf</span> 
     </span>
     <span class='ocr_line' id='line_1_3' title="bbox 450 1047 1622 1142; baseline -0.008 -15"><span class='ocrx_word' id='word_1_14' title='bbox 450 1052 505 1127; x_wconf 89' lang='lat' dir='ltr'>ire</span> <span class='ocrx_word' id='word_1_15' title='bbox 529 1054 719 1141; x_wconf 88' lang='lat' dir='ltr'>centrum;</span> <span class='ocrx_word' id='word_1_16' title='bbox 745 1054 783 1124; x_wconf 91' lang='lat' dir='ltr'>et</span> <span class='ocrx_word' id='word_1_17' title='bbox 815 1049 864 1123; x_wconf 92' lang='lat' dir='ltr'>ita</span> <span class='ocrx_word' id='word_1_18' title='bbox 890 1048 1090 1142; x_wconf 78' lang='lat' dir='ltr'><strong>moraliter,</strong></span> <span class='ocrx_word' id='word_1_19' title='bbox 1116 1047 1202 1140; x_wconf 89' lang='lat' dir='ltr'>quia</span> <span class='ocrx_word' id='word_1_20' title='bbox 1228 1054 1302 1122; x_wconf 90' lang='lat' dir='ltr'>non</span> <span class='ocrx_word' id='word_1_21' title='bbox 1327 1053 1446 1141; x_wconf 87' lang='lat' dir='ltr'>potest</span> <span class='ocrx_word' id='word_1_22' title='bbox 1469 1047 1622 1142; x_wconf 81' lang='lat' dir='ltr'>gravius</span> 
     </span>
     <span class='ocr_line' id='line_1_4' title="bbox 450 1161 1622 1269; baseline -0.008 -23"><span class='ocrx_word' id='word_1_23' title='bbox 450 1172 592 1269; x_wconf 87' lang='lat' dir='ltr'>peccari</span> <span class='ocrx_word' id='word_1_24' title='bbox 619 1190 732 1264; x_wconf 89' lang='lat' dir='ltr'>quam</span> <span class='ocrx_word' id='word_1_25' title='bbox 750 1168 956 1263; x_wconf 86' lang='lat' dir='ltr'>peccaverit</span> <span class='ocrx_word' id='word_1_26' title='bbox 970 1161 1005 1259; x_wconf 81' lang='lat'>(¹)</span> <span class='ocrx_word' id='word_1_27' title='bbox 1034 1168 1144 1242; x_wconf 86' lang='lat' dir='ltr'>Judas</span> <span class='ocrx_word' id='word_1_28' title='bbox 1167 1167 1230 1261; x_wconf 88' lang='lat' dir='ltr'>qui</span> <span class='ocrx_word' id='word_1_29' title='bbox 1251 1166 1407 1262; x_wconf 82' lang='lat' dir='ltr'>prodidit</span> <span class='ocrx_word' id='word_1_30' title='bbox 1423 1166 1622 1239; x_wconf 88' lang='lat' dir='ltr'>Dominum</span> 
     </span>
     <span class='ocr_line' id='line_1_5' title="bbox 449 1284 1623 1384; baseline -0.008 -17"><span class='ocrx_word' id='word_1_31' title='bbox 449 1292 569 1368; x_wconf 84' lang='lat' dir='ltr'>Deum</span> <span class='ocrx_word' id='word_1_32' title='bbox 595 1312 726 1384; x_wconf 81' lang='lat' dir='ltr'>suum3</span> <span class='ocrx_word' id='word_1_33' title='bbox 752 1296 790 1364; x_wconf 93' lang='lat' dir='ltr'>et</span> <span class='ocrx_word' id='word_1_34' title='bbox 815 1289 901 1382; x_wconf 89' lang='lat' dir='ltr'>quia</span> <span class='ocrx_word' id='word_1_35' title='bbox 926 1288 1030 1362; x_wconf 87' lang='lat' dir='ltr'>dictae</span> <span class='ocrx_word' id='word_1_36' title='bbox 1056 1307 1164 1381; x_wconf 84' lang='lat' dir='ltr'>aquae</span> <span class='ocrx_word' id='word_1_37' title='bbox 1190 1308 1263 1361; x_wconf 94' lang='lat' dir='ltr'>non</span> <span class='ocrx_word' id='word_1_38' title='bbox 1289 1293 1441 1381; x_wconf 80' lang='lat' dir='ltr'><strong>possunt</strong></span> <span class='ocrx_word' id='word_1_39' title='bbox 1465 1284 1623 1380; x_wconf 87' lang='lat' dir='ltr'>amplius</span> 
     </span>
     <span class='ocr_line' id='line_1_6' title="bbox 405 1390 1623 1504; baseline -0.007 -17"><span class='ocrx_word' id='word_1_40' title='bbox 405 1480 409 1487; x_wconf 90' lang='lat'>.</span> <span class='ocrx_word' id='word_1_41' title='bbox 449 1411 683 1504; x_wconf 81' lang='lat' dir='ltr'>descendere,</span> <span class='ocrx_word' id='word_1_42' title='bbox 709 1390 879 1503; x_wconf 82' lang='lat' dir='ltr'>stagnant</span> <span class='ocrx_word' id='word_1_43' title='bbox 891 1398 929 1499; x_wconf 82' lang='lat'>(²)</span> <span class='ocrx_word' id='word_1_44' title='bbox 956 1414 993 1482; x_wconf 90' lang='lat' dir='ltr'>et</span> <span class='ocrx_word' id='word_1_45' title='bbox 1018 1406 1155 1481; x_wconf 86' lang='lat' dir='ltr'>iaciunt</span> <span class='ocrx_word' id='word_1_46' title='bbox 1180 1407 1302 1481; x_wconf 89' lang='lat' dir='ltr'>lacum</span> <span class='ocrx_word' id='word_1_47' title='bbox 1329 1405 1531 1501; x_wconf 82' lang='lat' dir='ltr'>glacialem,</span> <span class='ocrx_word' id='word_1_48' title='bbox 1559 1404 1623 1497; x_wconf 89' lang='lat' dir='ltr'>qui</span> 
     </span>
     <span class='ocr_line' id='line_1_7' title="bbox 449 1523 1622 1624; baseline -0.009 -17"><span class='ocrx_word' id='word_1_49' title='bbox 449 1530 583 1607; x_wconf 90' lang='lat' dir='ltr'>dicitur</span> <span class='ocrx_word' id='word_1_50' title='bbox 613 1530 781 1624; x_wconf 86' lang='lat' dir='ltr'><strong>Cocytus,</strong></span> <span class='ocrx_word' id='word_1_51' title='bbox 812 1527 962 1620; x_wconf 87' lang='lat' dir='ltr'>dequo</span> <span class='ocrx_word' id='word_1_52' title='bbox 993 1525 1134 1601; x_wconf 89' lang='lat' dir='ltr'>dicetur</span> <span class='ocrx_word' id='word_1_53' title='bbox 1164 1527 1271 1620; x_wconf 81' lang='lat' dir='ltr'>plene</span> <span class='ocrx_word' id='word_1_54' title='bbox 1300 1525 1337 1597; x_wconf 95' lang='lat' dir='ltr'>in</span> <span class='ocrx_word' id='word_1_55' title='bbox 1371 1524 1443 1598; x_wconf 88' lang='lat' dir='ltr'>line</span> <span class='ocrx_word' id='word_1_56' title='bbox 1477 1523 1622 1598; x_wconf 88' lang='lat' dir='ltr'>lnlerni.</span> 
     </span>
     <span class='ocr_line' id='line_1_8' title="bbox 450 1644 1623 1743; baseline -0.006 -18"><span class='ocrx_word' id='word_1_57' title='bbox 450 1648 534 1725; x_wconf 93' lang='lat' dir='ltr'>ldeo</span> <span class='ocrx_word' id='word_1_58' title='bbox 552 1648 666 1725; x_wconf 90' lang='lat' dir='ltr'>dicit:</span> <span class='ocrx_word' id='word_1_59' title='bbox 694 1653 808 1743; x_wconf 75' lang='lat' dir='ltr'>sumto</span> <span class='ocrx_word' id='word_1_60' title='bbox 843 1650 969 1737; x_wconf 74' lang='lat' dir='ltr'>cocto,</span> <span class='ocrx_word' id='word_1_61' title='bbox 995 1647 1032 1719; x_wconf 94' lang='lat' dir='ltr'>in</span> <span class='ocrx_word' id='word_1_62' title='bbox 1064 1667 1138 1739; x_wconf 87' lang='lat' dir='ltr'>quo</span> <span class='ocrx_word' id='word_1_63' title='bbox 1171 1645 1375 1740; x_wconf 90' lang='lat' dir='ltr'>puniuntur</span> <span class='ocrx_word' id='word_1_64' title='bbox 1407 1644 1623 1740; x_wconf 74' lang='lat' dir='ltr'>proditores,</span> 
     </span>
     <span class='ocr_line' id='line_1_9' title="bbox 450 1756 1624 1867; baseline -0.004 -22"><span class='ocrx_word' id='word_1_65' title='bbox 450 1793 469 1845; x_wconf 88' lang='lat' dir='ltr'>e</span> <span class='ocrx_word' id='word_1_66' title='bbox 493 1773 579 1862; x_wconf 76' lang='lat' dir='ltr'>paul</span> <span class='ocrx_word' id='word_1_67' title='bbox 600 1773 655 1842; x_wconf 76' lang='lat' dir='ltr'>sic</span> <span class='ocrx_word' id='word_1_68' title='bbox 680 1771 760 1860; x_wconf 80' lang='lat' dir='ltr'>quel</span> <span class='ocrx_word' id='word_1_69' title='bbox 780 1774 920 1859; x_wconf 73' lang='lat' dir='ltr'>empne,</span> <span class='ocrx_word' id='word_1_70' title='bbox 941 1767 1032 1840; x_wconf 91' lang='lat' dir='ltr'>idest</span> <span class='ocrx_word' id='word_1_71' title='bbox 1048 1788 1146 1860; x_wconf 88' lang='lat' dir='ltr'>aqua</span> <span class='ocrx_word' id='word_1_72' title='bbox 1163 1773 1261 1867; x_wconf 90' lang='lat' dir='ltr'>stans</span> <span class='ocrx_word' id='word_1_73' title='bbox 1278 1767 1366 1860; x_wconf 88' lang='lat' dir='ltr'>quia</span> <span class='ocrx_word' id='word_1_74' title='bbox 1381 1756 1418 1857; x_wconf 87' lang='lat'>(³)</span> <span class='ocrx_word' id='word_1_75' title='bbox 1443 1787 1515 1839; x_wconf 96' lang='lat' dir='ltr'>non</span> <span class='ocrx_word' id='word_1_76' title='bbox 1541 1787 1624 1840; x_wconf 91' lang='lat' dir='ltr'>mo-</span> 
     </span>
     <span class='ocr_line' id='line_1_10' title="bbox 451 1878 1623 1983; baseline -0.004 -20"><span class='ocrx_word' id='word_1_77' title='bbox 451 1895 570 1983; x_wconf 86' lang='lat' dir='ltr'>vetur,</span> <span class='ocrx_word' id='word_1_78' title='bbox 597 1896 632 1962; x_wconf 85' lang='lat' dir='ltr'>tu</span> <span class='ocrx_word' id='word_1_79' title='bbox 658 1892 691 1962; x_wconf 90' lang='lat' dir='ltr'>lo</span> <span class='ocrx_word' id='word_1_80' title='bbox 718 1889 854 1978; x_wconf 54' lang='lat' dir='ltr'>codrot</span> <span class='ocrx_word' id='word_1_81' title='bbox 879 1907 948 1960; x_wconf 89' lang='lat' dir='ltr'>suo</span> <span class='ocrx_word' id='word_1_82' title='bbox 974 1886 1054 1960; x_wconf 89' lang='lat' dir='ltr'>loco</span> <span class='ocrx_word' id='word_1_83' title='bbox 1080 1891 1118 1961; x_wconf 91' lang='lat' dir='ltr'>et</span> <span class='ocrx_word' id='word_1_84' title='bbox 1149 1892 1332 1980; x_wconf 82' lang='lat' dir='ltr'>tempore3</span> <span class='ocrx_word' id='word_1_85' title='bbox 1355 1878 1444 1977; x_wconf 82' lang='lat' dir='ltr'>perd</span> <span class='ocrx_word' id='word_1_86' title='bbox 1469 1889 1528 1977; x_wconf 80' lang='lat' dir='ltr'>qui</span> <span class='ocrx_word' id='word_1_87' title='bbox 1551 1906 1623 1958; x_wconf 82' lang='lat' dir='ltr'>non</span> 
     </span>
     <span class='ocr_line' id='line_1_11' title="bbox 448 2005 1423 2101; baseline -0.007 -18"><span class='ocrx_word' id='word_1_88' title='bbox 448 2012 621 2100; x_wconf 68' lang='lat' dir='ltr'>omna,</span> <span class='ocrx_word' id='word_1_89' title='bbox 648 2008 735 2101; x_wconf 88' lang='lat' dir='ltr'>quia</span> <span class='ocrx_word' id='word_1_90' title='bbox 760 2013 856 2081; x_wconf 89' lang='lat' dir='ltr'>esset</span> <span class='ocrx_word' id='word_1_91' title='bbox 879 2005 1109 2100; x_wconf 87' lang='lat' dir='ltr'>superfluum</span> <span class='ocrx_word' id='word_1_92' title='bbox 1136 2025 1233 2078; x_wconf 89' lang='lat' dir='ltr'>nunc</span> <span class='ocrx_word' id='word_1_93' title='bbox 1259 2024 1423 2079; x_wconf 88' lang='lat' dir='ltr'>narrare.</span> 
     </span>
    </p>

    <p class='ocr_par' dir='ltr' id='par_1_3' title="bbox 445 2113 1669 4492">
     <span class='ocr_line' id='line_1_12' title="bbox 523 2113 1623 2221; baseline -0.006 -18"><span class='ocrx_word' id='word_1_94' title='bbox 523 2135 568 2203; x_wconf 83' lang='lat' dir='ltr'>Et</span> <span class='ocrx_word' id='word_1_95' title='bbox 590 2132 626 2202; x_wconf 80' lang='lat' dir='ltr'>to</span> <span class='ocrx_word' id='word_1_96' title='bbox 650 2149 675 2200; x_wconf 88' lang='grc' dir='ltr'><em>α</em></span> <span class='ocrx_word' id='word_1_97' title='bbox 701 2131 758 2201; x_wconf 82' lang='lat' dir='ltr'>lai.</span> <span class='ocrx_word' id='word_1_98' title='bbox 785 2127 922 2214; x_wconf 84' lang='lat' dir='ltr'>Quarta</span> <span class='ocrx_word' id='word_1_99' title='bbox 938 2113 975 2216; x_wconf 73' lang='lat'>(⁴)</span> <span class='ocrx_word' id='word_1_100' title='bbox 1009 2145 1094 2220; x_wconf 87' lang='lat' dir='ltr'>pars</span> <span class='ocrx_word' id='word_1_101' title='bbox 1125 2124 1318 2221; x_wconf 79' lang='lat' dir='ltr'>generalis,</span> <span class='ocrx_word' id='word_1_102' title='bbox 1352 2124 1387 2196; x_wconf 90' lang='lat' dir='ltr'>in</span> <span class='ocrx_word' id='word_1_103' title='bbox 1413 2145 1488 2217; x_wconf 87' lang='lat' dir='ltr'>qua</span> <span class='ocrx_word' id='word_1_104' title='bbox 1513 2130 1623 2197; x_wconf 85' lang='lat' dir='ltr'>autor</span> 
     </span>
     <span class='ocr_line' id='line_1_13' title="bbox 449 2243 1622 2341; baseline -0.005 -19"><span class='ocrx_word' id='word_1_105' title='bbox 449 2247 496 2322; x_wconf 92' lang='lat' dir='ltr'>ad</span> <span class='ocrx_word' id='word_1_106' title='bbox 521 2248 833 2341; x_wconf 91' lang='lat' dir='ltr'>complementum</span> <span class='ocrx_word' id='word_1_107' title='bbox 861 2244 918 2316; x_wconf 91' lang='lat' dir='ltr'>sui</span> <span class='ocrx_word' id='word_1_108' title='bbox 946 2249 1132 2336; x_wconf 86' lang='lat' dir='ltr'>tractatus,</span> <span class='ocrx_word' id='word_1_109' title='bbox 1152 2250 1277 2329; x_wconf 87' lang='lat' dir='ltr'>movet</span> <span class='ocrx_word' id='word_1_110' title='bbox 1302 2243 1376 2317; x_wconf 94' lang='lat' dir='ltr'>duo</span> <span class='ocrx_word' id='word_1_111' title='bbox 1396 2243 1507 2316; x_wconf 89' lang='lat' dir='ltr'>dubia</span> <span class='ocrx_word' id='word_1_112' title='bbox 1524 2244 1622 2316; x_wconf 91' lang='lat' dir='ltr'>circa</span> 
     </span>
     <span class='ocr_line' id='line_1_14' title="bbox 449 2363 1619 2459; baseline -0.005 -18"><span class='ocrx_word' id='word_1_113' title='bbox 449 2366 643 2441; x_wconf 88' lang='lat' dir='ltr'>materiam</span> <span class='ocrx_word' id='word_1_114' title='bbox 679 2363 913 2459; x_wconf 82' lang='lat' dir='ltr'>praedtctan3</span> <span class='ocrx_word' id='word_1_115' title='bbox 946 2368 984 2437; x_wconf 94' lang='lat' dir='ltr'>et</span> <span class='ocrx_word' id='word_1_116' title='bbox 1015 2363 1134 2457; x_wconf 93' lang='lat' dir='ltr'>primo</span> <span class='ocrx_word' id='word_1_117' title='bbox 1159 2363 1303 2456; x_wconf 86' lang='lat' dir='ltr'>quaerit,</span> <span class='ocrx_word' id='word_1_118' title='bbox 1329 2382 1446 2456; x_wconf 86' lang='lat' dir='ltr'>quare</span> <span class='ocrx_word' id='word_1_119' title='bbox 1477 2370 1619 2438; x_wconf 87' lang='lat' dir='ltr'>tantum</span> 
     </span>
     <span class='ocr_line' id='line_1_15' title="bbox 449 2476 1619 2580; baseline -0.003 -21"><span class='ocrx_word' id='word_1_120' title='bbox 449 2505 548 2570; x_wconf 92' lang='lat' dir='ltr'>nunc</span> <span class='ocrx_word' id='word_1_121' title='bbox 573 2485 697 2560; x_wconf 87' lang='lat' dir='ltr'>vident</span> <span class='ocrx_word' id='word_1_122' title='bbox 715 2476 751 2577; x_wconf 53' lang='grc' dir='ltr'>(ὃ)</span> <span class='ocrx_word' id='word_1_123' title='bbox 777 2484 887 2557; x_wconf 88' lang='lat' dir='ltr'>istum</span> <span class='ocrx_word' id='word_1_124' title='bbox 913 2483 1066 2557; x_wconf 88' lang='lat' dir='ltr'>lluvium</span> <span class='ocrx_word' id='word_1_125' title='bbox 1096 2483 1352 2579; x_wconf 80' lang='lat' dir='ltr'>phlegetontis.</span> <span class='ocrx_word' id='word_1_126' title='bbox 1386 2484 1478 2558; x_wconf 83' lang='lat' dir='ltr'>llicit</span> <span class='ocrx_word' id='word_1_127' title='bbox 1507 2505 1619 2580; x_wconf 83' lang='lat' dir='ltr'>ergo:</span> 
     </span>
     <span class='ocr_line' id='line_1_16' title="bbox 449 2602 1620 2699; baseline -0.002 -20"><span class='ocrx_word' id='word_1_128' title='bbox 449 2613 483 2680; x_wconf 82' lang='lat' dir='ltr'>et</span> <span class='ocrx_word' id='word_1_129' title='bbox 506 2607 542 2678; x_wconf 85' lang='lat' dir='ltr'>io</span> <span class='ocrx_word' id='word_1_130' title='bbox 568 2627 593 2678; x_wconf 87' lang='lat' dir='ltr'>a</span> <span class='ocrx_word' id='word_1_131' title='bbox 617 2606 678 2696; x_wconf 83' lang='lat' dir='ltr'>lui,</span> <span class='ocrx_word' id='word_1_132' title='bbox 704 2604 831 2699; x_wconf 91' lang='lat' dir='ltr'>supple</span> <span class='ocrx_word' id='word_1_133' title='bbox 856 2603 952 2677; x_wconf 85' lang='lat' dir='ltr'>dixi:</span> <span class='ocrx_word' id='word_1_134' title='bbox 978 2606 1012 2676; x_wconf 88' lang='lat' dir='ltr'>el</span> <span class='ocrx_word' id='word_1_135' title='bbox 1028 2610 1189 2695; x_wconf 78' lang='lat' dir='ltr'>presente</span> <span class='ocrx_word' id='word_1_136' title='bbox 1211 2605 1379 2693; x_wconf 75' lang='lat' dir='ltr'>rtpcprw,</span> <span class='ocrx_word' id='word_1_137' title='bbox 1398 2602 1490 2676; x_wconf 93' lang='lat' dir='ltr'>idest</span> <span class='ocrx_word' id='word_1_138' title='bbox 1507 2603 1620 2698; x_wconf 85' lang='lat' dir='ltr'>rivus,</span> 
     </span>
     <span class='ocr_line' id='line_1_17' title="bbox 449 2719 1617 2820; baseline -0.003 -21"><span class='ocrx_word' id='word_1_139' title='bbox 449 2744 473 2799; x_wconf 89' lang='lat' dir='ltr'>a</span> <span class='ocrx_word' id='word_1_140' title='bbox 498 2723 649 2820; x_wconf 84' lang='lat' dir='ltr'>rigando</span> <span class='ocrx_word' id='word_1_141' title='bbox 674 2723 803 2815; x_wconf 88' lang='lat' dir='ltr'>dictus,</span> <span class='ocrx_word' id='word_1_142' title='bbox 820 2719 948 2815; x_wconf 71' lang='lat' dir='ltr'>percle*</span> <span class='ocrx_word' id='word_1_143' title='bbox 969 2725 1001 2795; x_wconf 81' lang='lat' dir='ltr'>ct</span> <span class='ocrx_word' id='word_1_144' title='bbox 1025 2743 1142 2814; x_wconf 85' lang='lat' dir='ltr'>appar</span> <span class='ocrx_word' id='word_1_145' title='bbox 1162 2743 1235 2814; x_wconf 80' lang='lat' dir='ltr'>pur</span> <span class='ocrx_word' id='word_1_146' title='bbox 1265 2742 1289 2794; x_wconf 87' lang='lat' dir='ltr'>a</span> <span class='ocrx_word' id='word_1_147' title='bbox 1314 2729 1430 2814; x_wconf 64' lang='lat' dir='ltr'>werlo</span> <span class='ocrx_word' id='word_1_148' title='bbox 1456 2723 1617 2818; x_wconf 71' lang='lat' dir='ltr'>mccpoo,</span> 
     </span>
     <span class='ocr_line' id='line_1_18' title="bbox 449 2833 1619 2936; baseline -0.003 -19"><span class='ocrx_word' id='word_1_149' title='bbox 449 2844 542 2918; x_wconf 85' lang='lat' dir='ltr'>idest</span> <span class='ocrx_word' id='word_1_150' title='bbox 574 2849 796 2936; x_wconf 85' lang='lat' dir='ltr'>extremum,</span> <span class='ocrx_word' id='word_1_151' title='bbox 826 2844 897 2915; x_wconf 63' lang='lat' dir='ltr'>dcl</span> <span class='ocrx_word' id='word_1_152' title='bbox 923 2863 961 2915; x_wconf 85' lang='lat' dir='ltr'>se</span> <span class='ocrx_word' id='word_1_153' title='bbox 989 2843 1108 2914; x_wconf 73' lang='grc' dir='ltr'><em>ἀὶνίυα</em></span> <span class='ocrx_word' id='word_1_154' title='bbox 1139 2833 1210 2913; x_wconf 75' lang='lat' dir='ltr'>cccl</span> <span class='ocrx_word' id='word_1_155' title='bbox 1240 2843 1304 2914; x_wconf 89' lang='lat' dir='ltr'>dcl</span> <span class='ocrx_word' id='word_1_156' title='bbox 1330 2848 1451 2914; x_wconf 81' lang='lat' dir='ltr'>nostro</span> <span class='ocrx_word' id='word_1_157' title='bbox 1476 2844 1619 2933; x_wconf 78' lang='lat' dir='ltr'>mmrdo,</span> 
     </span>
     <span class='ocr_line' id='line_1_19' title="bbox 449 2960 1621 3058; baseline -0.001 -21"><span class='ocrx_word' id='word_1_158' title='bbox 449 2962 584 3037; x_wconf 87' lang='lat' dir='ltr'>scilicet</span> <span class='ocrx_word' id='word_1_159' title='bbox 609 2961 822 3055; x_wconf 84' lang='lat' dir='ltr'>viventium,</span> <span class='ocrx_word' id='word_1_160' title='bbox 849 2961 944 3035; x_wconf 87' lang='lat' dir='ltr'>sicut</span> <span class='ocrx_word' id='word_1_161' title='bbox 968 2960 1104 3034; x_wconf 87' lang='lat' dir='ltr'>dictum</span> <span class='ocrx_word' id='word_1_162' title='bbox 1130 2966 1195 3034; x_wconf 88' lang='lat' dir='ltr'>cst.</span> <span class='ocrx_word' id='word_1_163' title='bbox 1223 2961 1391 3058; x_wconf 69' lang='lat' dir='ltr'>Etponit</span> <span class='ocrx_word' id='word_1_164' title='bbox 1417 2962 1621 3056; x_wconf 91' lang='lat' dir='ltr'>responsio-</span> 
     </span>
     <span class='ocr_line' id='line_1_20' title="bbox 449 3078 1620 3176; baseline -0.001 -21"><span class='ocrx_word' id='word_1_165' title='bbox 449 3102 535 3157; x_wconf 90' lang='lat' dir='ltr'>nem</span> <span class='ocrx_word' id='word_1_166' title='bbox 561 3081 710 3176; x_wconf 82' lang='lat' dir='ltr'>Virgilii,</span> <span class='ocrx_word' id='word_1_167' title='bbox 737 3080 800 3174; x_wconf 90' lang='lat' dir='ltr'>qui</span> <span class='ocrx_word' id='word_1_168' title='bbox 824 3080 987 3154; x_wconf 87' lang='lat' dir='ltr'>breviter</span> <span class='ocrx_word' id='word_1_169' title='bbox 1011 3078 1106 3172; x_wconf 87' lang='lat' dir='ltr'>dicit,</span> <span class='ocrx_word' id='word_1_170' title='bbox 1134 3078 1233 3172; x_wconf 86' lang='lat' dir='ltr'>quod</span> <span class='ocrx_word' id='word_1_171' title='bbox 1254 3099 1376 3172; x_wconf 87' lang='lat' dir='ltr'>causa,</span> <span class='ocrx_word' id='word_1_172' title='bbox 1404 3101 1521 3172; x_wconf 88' lang='lat' dir='ltr'>quare</span> <span class='ocrx_word' id='word_1_173' title='bbox 1546 3102 1620 3155; x_wconf 95' lang='lat' dir='ltr'>non</span> 
     </span>
     <span class='ocr_line' id='line_1_21' title="bbox 447 3197 1618 3296; baseline 0 -21"><span class='ocrx_word' id='word_1_174' title='bbox 447 3200 535 3275; x_wconf 81' lang='lat' dir='ltr'>vidit</span> <span class='ocrx_word' id='word_1_175' title='bbox 559 3200 753 3292; x_wconf 89' lang='lat' dir='ltr'>hucusque</span> <span class='ocrx_word' id='word_1_176' title='bbox 769 3200 881 3273; x_wconf 91' lang='lat' dir='ltr'>istum</span> <span class='ocrx_word' id='word_1_177' title='bbox 904 3198 1025 3272; x_wconf 88' lang='lat' dir='ltr'>rivum</span> <span class='ocrx_word' id='word_1_178' title='bbox 1044 3197 1107 3290; x_wconf 87' lang='lat' dir='ltr'>qui</span> <span class='ocrx_word' id='word_1_179' title='bbox 1124 3197 1287 3271; x_wconf 88' lang='lat' dir='ltr'>nascitur</span> <span class='ocrx_word' id='word_1_180' title='bbox 1304 3218 1350 3272; x_wconf 82' lang='lat' dir='ltr'>ex</span> <span class='ocrx_word' id='word_1_181' title='bbox 1369 3198 1618 3296; x_wconf 78' lang='lat' dir='ltr'>Phlegetonte,</span> 
     </span>
     <span class='ocr_line' id='line_1_22' title="bbox 449 3317 1620 3415; baseline -0.002 -19"><span class='ocrx_word' id='word_1_182' title='bbox 449 3328 504 3396; x_wconf 88' lang='lat' dir='ltr'>est</span> <span class='ocrx_word' id='word_1_183' title='bbox 527 3319 753 3395; x_wconf 86' lang='lat' dir='ltr'>circularitas</span> <span class='ocrx_word' id='word_1_184' title='bbox 784 3319 865 3413; x_wconf 94' lang='lat' dir='ltr'>loci,</span> <span class='ocrx_word' id='word_1_185' title='bbox 898 3318 984 3412; x_wconf 90' lang='lat' dir='ltr'>quia</span> <span class='ocrx_word' id='word_1_186' title='bbox 1014 3318 1052 3391; x_wconf 93' lang='lat' dir='ltr'>in</span> <span class='ocrx_word' id='word_1_187' title='bbox 1083 3317 1335 3393; x_wconf 90' lang='lat' dir='ltr'>descendendo</span> <span class='ocrx_word' id='word_1_188' title='bbox 1366 3339 1433 3415; x_wconf 88' lang='lat' dir='ltr'>per</span> <span class='ocrx_word' id='word_1_189' title='bbox 1464 3319 1620 3395; x_wconf 90' lang='lat' dir='ltr'>circulos</span> 
     </span>
     <span class='ocr_line' id='line_1_23' title="bbox 448 3437 1669 3534; baseline -0.001 -20"><span class='ocrx_word' id='word_1_190' title='bbox 448 3443 594 3534; x_wconf 83' lang='lat' dir='ltr'>semper</span> <span class='ocrx_word' id='word_1_191' title='bbox 613 3444 794 3512; x_wconf 90' lang='lat' dir='ltr'>venerunt</span> <span class='ocrx_word' id='word_1_192' title='bbox 811 3437 857 3512; x_wconf 90' lang='lat' dir='ltr'>ad</span> <span class='ocrx_word' id='word_1_193' title='bbox 874 3437 1076 3531; x_wconf 72' lang='lat' dir='ltr'>sinistram,</span> <span class='ocrx_word' id='word_1_194' title='bbox 1094 3437 1176 3512; x_wconf 90' lang='lat' dir='ltr'>ideo</span> <span class='ocrx_word' id='word_1_195' title='bbox 1193 3459 1215 3512; x_wconf 91' lang='lat' dir='ltr'>a</span> <span class='ocrx_word' id='word_1_196' title='bbox 1232 3444 1337 3532; x_wconf 91' lang='lat' dir='ltr'>parte</span> <span class='ocrx_word' id='word_1_197' title='bbox 1352 3437 1482 3513; x_wconf 80' lang='lat' dir='ltr'>dextra</span> <span class='ocrx_word' id='word_1_198' title='bbox 1502 3440 1620 3534; x_wconf 92' lang='lat' dir='ltr'>potuit</span> <span class='ocrx_word' id='word_1_199' title='bbox 1665 3498 1669 3505; x_wconf 77' lang='grc'><strong>,</strong></span> 
     </span>
     <span class='ocr_line' id='line_1_24' title="bbox 448 3546 1619 3654; baseline -0.001 -21"><span class='ocrx_word' id='word_1_200' title='bbox 448 3576 528 3633; x_wconf 85' lang='lat' dir='ltr'>esse</span> <span class='ocrx_word' id='word_1_201' title='bbox 553 3557 655 3632; x_wconf 90' lang='lat' dir='ltr'>lacus</span> <span class='ocrx_word' id='word_1_202' title='bbox 685 3557 743 3631; x_wconf 88' lang='lat' dir='ltr'>vel</span> <span class='ocrx_word' id='word_1_203' title='bbox 769 3556 903 3631; x_wconf 87' lang='lat' dir='ltr'>lluvius</span> <span class='ocrx_word' id='word_1_204' title='bbox 928 3577 1041 3651; x_wconf 89' lang='lat' dir='ltr'>quem</span> <span class='ocrx_word' id='word_1_205' title='bbox 1068 3577 1140 3631; x_wconf 92' lang='lat' dir='ltr'>non</span> <span class='ocrx_word' id='word_1_206' title='bbox 1159 3554 1314 3630; x_wconf 87' lang='lat' dir='ltr'>viderint</span> <span class='ocrx_word' id='word_1_207' title='bbox 1329 3546 1377 3648; x_wconf 52' lang='grc' dir='ltr'><strong>(ὅ).</strong></span> <span class='ocrx_word' id='word_1_208' title='bbox 1396 3557 1488 3631; x_wconf 83' lang='lat' dir='ltr'>llicit</span> <span class='ocrx_word' id='word_1_209' title='bbox 1505 3579 1619 3654; x_wconf 83' lang='lat' dir='ltr'>ergo:</span> 
     </span>
     <span class='ocr_line' id='line_1_25' title="bbox 447 3675 1623 3774; baseline 0 -22"><span class='ocrx_word' id='word_1_210' title='bbox 447 3683 482 3752; x_wconf 83' lang='lat' dir='ltr'>ct</span> <span class='ocrx_word' id='word_1_211' title='bbox 502 3679 560 3751; x_wconf 82' lang='lat' dir='ltr'>elli</span> <span class='ocrx_word' id='word_1_212' title='bbox 583 3699 607 3749; x_wconf 86' lang='lat' dir='ltr'>o</span> <span class='ocrx_word' id='word_1_213' title='bbox 631 3697 695 3749; x_wconf 89' lang='lat' dir='ltr'>me.</span> <span class='ocrx_word' id='word_1_214' title='bbox 722 3676 864 3751; x_wconf 87' lang='lat' dir='ltr'>Scilicet</span> <span class='ocrx_word' id='word_1_215' title='bbox 889 3675 1060 3774; x_wconf 84' lang='lat' dir='ltr'>Virgilius</span> <span class='ocrx_word' id='word_1_216' title='bbox 1092 3676 1275 3771; x_wconf 90' lang='lat' dir='ltr'>respondit</span> <span class='ocrx_word' id='word_1_217' title='bbox 1304 3682 1342 3752; x_wconf 92' lang='lat' dir='ltr'>et</span> <span class='ocrx_word' id='word_1_218' title='bbox 1366 3676 1480 3750; x_wconf 83' lang='lat' dir='ltr'>dixit:</span> <span class='ocrx_word' id='word_1_219' title='bbox 1507 3687 1542 3751; x_wconf 81' lang='lat' dir='ltr'>tu</span> <span class='ocrx_word' id='word_1_220' title='bbox 1566 3681 1623 3752; x_wconf 81' lang='lat' dir='ltr'>soi</span> 
     </span>
     <span class='ocr_line' id='line_1_26' title="bbox 448 3786 1621 3891; baseline 0 -19"><span class='ocrx_word' id='word_1_221' title='bbox 448 3800 507 3872; x_wconf 81' lang='lat' dir='ltr'>cde</span> <span class='ocrx_word' id='word_1_222' title='bbox 523 3800 549 3871; x_wconf 86' lang='lat' dir='ltr'>&#39;l</span> <span class='ocrx_word' id='word_1_223' title='bbox 572 3800 647 3870; x_wconf 91' lang='lat' dir='ltr'>loco</span> <span class='ocrx_word' id='word_1_224' title='bbox 666 3786 703 3889; x_wconf 80' lang='lat'>(⁷)</span> <span class='ocrx_word' id='word_1_225' title='bbox 733 3793 771 3871; x_wconf 76' lang='lat' dir='ltr'>e&#39;e</span> <span class='ocrx_word' id='word_1_226' title='bbox 802 3799 922 3888; x_wconf 71' lang='lat' dir='ltr'>modo,</span> <span class='ocrx_word' id='word_1_227' title='bbox 952 3797 1042 3872; x_wconf 87' lang='lat' dir='ltr'>idest</span> <span class='ocrx_word' id='word_1_228' title='bbox 1071 3797 1245 3891; x_wconf 89' lang='lat' dir='ltr'>spericus,</span> <span class='ocrx_word' id='word_1_229' title='bbox 1275 3819 1295 3869; x_wconf 83' lang='lat' dir='ltr'>e</span> <span class='ocrx_word' id='word_1_230' title='bbox 1326 3818 1398 3870; x_wconf 83' lang='lat' dir='ltr'>non</span> <span class='ocrx_word' id='word_1_231' title='bbox 1427 3801 1486 3871; x_wconf 84' lang='lat' dir='ltr'>sie’</span> <span class='ocrx_word' id='word_1_232' title='bbox 1508 3820 1621 3873; x_wconf 83' lang='lat' dir='ltr'>ancer</span> 
     </span>
     <span class='ocr_line' id='line_1_27' title="bbox 449 3906 1619 4013; baseline -0.001 -21"><span class='ocrx_word' id='word_1_233' title='bbox 449 3920 540 3992; x_wconf 82' lang='lat' dir='ltr'>collo</span> <span class='ocrx_word' id='word_1_234' title='bbox 548 3940 616 4010; x_wconf 81' lang='lat' dir='ltr'>per</span> <span class='ocrx_word' id='word_1_235' title='bbox 629 3906 744 3991; x_wconf 74' lang='lat' dir='ltr'>mdo&#39;l</span> <span class='ocrx_word' id='word_1_236' title='bbox 754 3920 900 4009; x_wconf 68' lang='lat' dir='ltr'>moloc,</span> <span class='ocrx_word' id='word_1_237' title='bbox 910 3917 1000 4011; x_wconf 86' lang='lat' dir='ltr'>quia</span> <span class='ocrx_word' id='word_1_238' title='bbox 1012 3916 1175 3991; x_wconf 93' lang='lat' dir='ltr'>nondum</span> <span class='ocrx_word' id='word_1_239' title='bbox 1188 3917 1401 4012; x_wconf 88' lang='lat' dir='ltr'>percurristi</span> <span class='ocrx_word' id='word_1_240' title='bbox 1411 3908 1447 4011; x_wconf 80' lang='lat'>(⁸)</span> <span class='ocrx_word' id='word_1_241' title='bbox 1458 3919 1619 4013; x_wconf 85' lang='lat' dir='ltr'>aliquem</span> 
     </span>
     <span class='ocr_line' id='line_1_28' title="bbox 448 4037 1619 4131; baseline -0.002 -17"><span class='ocrx_word' id='word_1_242' title='bbox 448 4039 629 4114; x_wconf 85' lang='lat' dir='ltr'>circulum</span> <span class='ocrx_word' id='word_1_243' title='bbox 654 4037 894 4112; x_wconf 84' lang='lat' dir='ltr'>circumcirca</span> <span class='ocrx_word' id='word_1_244' title='bbox 918 4037 956 4109; x_wconf 94' lang='lat' dir='ltr'>in</span> <span class='ocrx_word' id='word_1_245' title='bbox 974 4043 1104 4131; x_wconf 93' lang='lat' dir='ltr'>totum,</span> <span class='ocrx_word' id='word_1_246' title='bbox 1122 4045 1205 4112; x_wconf 82' lang='lat' dir='ltr'>tatto</span> <span class='ocrx_word' id='word_1_247' title='bbox 1225 4041 1483 4112; x_wconf 66' lang='lat' dir='ltr'>centumalo</span> <span class='ocrx_word' id='word_1_248' title='bbox 1500 4042 1619 4131; x_wconf 88' lang='lat' dir='ltr'>molto,</span> 
     </span>
     <span class='ocr_line' id='line_1_29' title="bbox 447 4155 1618 4252; baseline 0.001 -22"><span class='ocrx_word' id='word_1_249' title='bbox 447 4158 540 4233; x_wconf 79' lang='lat' dir='ltr'>idest</span> <span class='ocrx_word' id='word_1_250' title='bbox 557 4157 725 4251; x_wconf 87' lang='lat' dir='ltr'>quamvis</span> <span class='ocrx_word' id='word_1_251' title='bbox 745 4157 904 4229; x_wconf 91' lang='lat' dir='ltr'>multum</span> <span class='ocrx_word' id='word_1_252' title='bbox 921 4155 1181 4250; x_wconf 87' lang='lat' dir='ltr'>perquisiveris</span> <span class='ocrx_word' id='word_1_253' title='bbox 1194 4156 1240 4231; x_wconf 94' lang='lat' dir='ltr'>de</span> <span class='ocrx_word' id='word_1_254' title='bbox 1253 4156 1408 4252; x_wconf 87' lang='lat' dir='ltr'>lnlerno,</span> <span class='ocrx_word' id='word_1_255' title='bbox 1427 4163 1464 4232; x_wconf 88' lang='lat' dir='ltr'>et</span> <span class='ocrx_word' id='word_1_256' title='bbox 1481 4157 1618 4232; x_wconf 92' lang='lat' dir='ltr'>multos</span> 
     </span>
     <span class='ocr_line' id='line_1_30' title="bbox 447 4270 1619 4372; baseline -0.002 -18"><span class='ocrx_word' id='word_1_257' title='bbox 447 4279 626 4372; x_wconf 89' lang='lat' dir='ltr'>circulos;</span> <span class='ocrx_word' id='word_1_258' title='bbox 647 4300 720 4372; x_wconf 85' lang='lat' dir='ltr'>par</span> <span class='ocrx_word' id='word_1_259' title='bbox 745 4299 769 4350; x_wconf 86' lang='lat' dir='ltr'>a</span> <span class='ocrx_word' id='word_1_260' title='bbox 793 4278 938 4349; x_wconf 62' lang='lat' dir='ltr'>amada</span> <span class='ocrx_word' id='word_1_261' title='bbox 961 4270 1021 4366; x_wconf 68' lang='lat' dir='ltr'>pit</span> <span class='ocrx_word' id='word_1_262' title='bbox 1045 4277 1197 4349; x_wconf 81' lang='lat' dir='ltr'>colando</span> <span class='ocrx_word' id='word_1_263' title='bbox 1222 4280 1262 4350; x_wconf 90' lang='lat' dir='ltr'>ul</span> <span class='ocrx_word' id='word_1_264' title='bbox 1282 4280 1407 4372; x_wconf 72' lang='lat' dir='ltr'>fondo,</span> <span class='ocrx_word' id='word_1_265' title='bbox 1439 4277 1530 4351; x_wconf 79' lang='lat' dir='ltr'>idest</span> <span class='ocrx_word' id='word_1_266' title='bbox 1555 4277 1619 4352; x_wconf 90' lang='lat' dir='ltr'>de·</span> 
     </span>
     <span class='ocr_line' id='line_1_31' title="bbox 445 4396 1619 4492; baseline -0.002 -18"><span class='ocrx_word' id='word_1_267' title='bbox 445 4396 653 4474; x_wconf 79' lang='lat' dir='ltr'>scandendo</span> <span class='ocrx_word' id='word_1_268' title='bbox 678 4417 824 4490; x_wconf 88' lang='lat' dir='ltr'>semper</span> <span class='ocrx_word' id='word_1_269' title='bbox 841 4415 970 4471; x_wconf 87' lang='lat' dir='ltr'>versus</span> <span class='ocrx_word' id='word_1_270' title='bbox 996 4401 1185 4490; x_wconf 73' lang='lat' dir='ltr'>centrum,</span> <span class='ocrx_word' id='word_1_271' title='bbox 1212 4415 1302 4492; x_wconf 82' lang='lat' dir='ltr'>ergo</span> <span class='ocrx_word' id='word_1_272' title='bbox 1322 4397 1351 4468; x_wconf 87' lang='lat' dir='ltr'>si</span> <span class='ocrx_word' id='word_1_273' title='bbox 1372 4396 1500 4471; x_wconf 85' lang='lat' dir='ltr'>venisti</span> <span class='ocrx_word' id='word_1_274' title='bbox 1520 4417 1619 4472; x_wconf 89' lang='lat' dir='ltr'>sem-</span> 
     </span>
    </p>
   </div>
   <div class='ocr_carea' id='block_1_3' title="bbox 506 4587 1597 4958">
    <p class='ocr_par' dir='ltr' id='par_1_4' title="bbox 507 4587 1329 4654">
     <span class='ocr_line' id='line_1_32' title="bbox 507 4587 1329 4654; baseline -0.001 -16"><span class='ocrx_word' id='word_1_275' title='bbox 507 4591 534 4652; x_wconf 81' lang='lat'>(¹)</span> <span class='ocrx_word' id='word_1_276' title='bbox 552 4593 606 4649; x_wconf 82' lang='lat' dir='ltr'>tlt,</span> <span class='ocrx_word' id='word_1_277' title='bbox 623 4591 774 4652; x_wconf 75' lang='lat' dir='ltr'>peccarent</span> <span class='ocrx_word' id='word_1_278' title='bbox 790 4587 869 4639; x_wconf 76' lang='lat' dir='ltr'>ludus</span> <span class='ocrx_word' id='word_1_279' title='bbox 885 4588 953 4654; x_wconf 75' lang='lat' dir='ltr'>qula.</span> <span class='ocrx_word' id='word_1_280' title='bbox 1036 4587 1063 4649; x_wconf 81' lang='lat'>(¹)</span> <span class='ocrx_word' id='word_1_281' title='bbox 1080 4588 1111 4637; x_wconf 83' lang='lat' dir='ltr'>E.</span> <span class='ocrx_word' id='word_1_282' title='bbox 1128 4587 1187 4637; x_wconf 83' lang='lat' dir='ltr'>idco</span> <span class='ocrx_word' id='word_1_283' title='bbox 1203 4592 1329 4651; x_wconf 60' lang='lat' dir='ltr'>suanam.</span> 
     </span>
    </p>

    <p class='ocr_par' dir='ltr' id='par_1_5' title="bbox 506 4663 1597 4805">
     <span class='ocr_line' id='line_1_33' title="bbox 506 4663 1597 4729; baseline -0.003 -13"><span class='ocrx_word' id='word_1_284' title='bbox 506 4664 533 4728; x_wconf 56' lang='grc' dir='ltr'>(ἢ</span> <span class='ocrx_word' id='word_1_285' title='bbox 549 4664 576 4716; x_wconf 80' lang='lat' dir='ltr'>S.</span> <span class='ocrx_word' id='word_1_286' title='bbox 591 4677 659 4729; x_wconf 68' lang='lat' dir='ltr'>qun.</span> <span class='ocrx_word' id='word_1_287' title='bbox 1034 4663 1061 4724; x_wconf 77' lang='lat'>(⁸)</span> <span class='ocrx_word' id='word_1_288' title='bbox 1079 4668 1132 4724; x_wconf 80' lang='lat' dir='ltr'>tto,</span> <span class='ocrx_word' id='word_1_289' title='bbox 1149 4663 1200 4713; x_wconf 76' lang='lat' dir='ltr'>lsta</span> <span class='ocrx_word' id='word_1_290' title='bbox 1215 4669 1254 4714; x_wconf 78' lang='lat' dir='ltr'>eu</span> <span class='ocrx_word' id='word_1_291' title='bbox 1270 4667 1363 4727; x_wconf 74' lang='lat' dir='ltr'>quatu</span> <span class='ocrx_word' id='word_1_292' title='bbox 1378 4668 1405 4715; x_wconf 81' lang='lat' dir='ltr'>ct</span> <span class='ocrx_word' id='word_1_293' title='bbox 1421 4663 1514 4714; x_wconf 78' lang='lat' dir='ltr'>ultlmu</span> <span class='ocrx_word' id='word_1_294' title='bbox 1530 4677 1597 4729; x_wconf 73' lang='lat' dir='ltr'>pm</span> 
     </span>
     <span class='ocr_line' id='line_1_34' title="bbox 507 4739 1326 4805; baseline -0.002 -13"><span class='ocrx_word' id='word_1_295' title='bbox 507 4743 533 4805; x_wconf 65' lang='lat' dir='ltr'>d)</span> <span class='ocrx_word' id='word_1_296' title='bbox 550 4743 581 4793; x_wconf 87' lang='lat' dir='ltr'>ll.</span> <span class='ocrx_word' id='word_1_297' title='bbox 598 4741 699 4793; x_wconf 74' lang='lat' dir='ltr'>viderit.</span> <span class='ocrx_word' id='word_1_298' title='bbox 1035 4739 1062 4804; x_wconf 79' lang='lat'>(¹)</span> <span class='ocrx_word' id='word_1_299' title='bbox 1079 4741 1109 4791; x_wconf 83' lang='lat' dir='ltr'>lt.</span> <span class='ocrx_word' id='word_1_300' title='bbox 1127 4752 1181 4790; x_wconf 88' lang='lat' dir='ltr'>non</span> <span class='ocrx_word' id='word_1_301' title='bbox 1197 4740 1326 4791; x_wconf 86' lang='lat' dir='ltr'>rtdcrunt.</span> 
     </span>
    </p>

    <p class='ocr_par' dir='ltr' id='par_1_6' title="bbox 507 4812 1418 4880">
     <span class='ocr_line' id='line_1_35' title="bbox 507 4812 1418 4880; baseline -0.002 -12"><span class='ocrx_word' id='word_1_302' title='bbox 507 4818 534 4880; x_wconf 62' lang='grc' dir='ltr'>ρ)</span> <span class='ocrx_word' id='word_1_303' title='bbox 552 4822 606 4878; x_wconf 82' lang='lat' dir='ltr'>tlt,</span> <span class='ocrx_word' id='word_1_304' title='bbox 622 4818 681 4875; x_wconf 71' lang='lat' dir='ltr'>loco</span> <span class='ocrx_word' id='word_1_305' title='bbox 698 4816 795 4870; x_wconf 67' lang='lat' dir='ltr'>mttoet</span> <span class='ocrx_word' id='word_1_306' title='bbox 811 4821 881 4871; x_wconf 76' lang='lat' dir='ltr'>totus</span> <span class='ocrx_word' id='word_1_307' title='bbox 897 4815 1022 4878; x_wconf 78' lang='lat' dir='ltr'>internus,</span> <span class='ocrx_word' id='word_1_308' title='bbox 1039 4819 1065 4868; x_wconf 79' lang='lat' dir='ltr'>tc</span> <span class='ocrx_word' id='word_1_309' title='bbox 1081 4818 1164 4867; x_wconf 76' lang='lat' dir='ltr'>wado.</span> <span class='ocrx_word' id='word_1_310' title='bbox 1416 4812 1418 4816; x_wconf 69' lang='lat'>‘</span> 
     </span>
    </p>

    <p class='ocr_par' dir='ltr' id='par_1_7' title="bbox 507 4892 851 4958">
     <span class='ocr_line' id='line_1_36' title="bbox 507 4892 851 4958; baseline 0.012 -14"><span class='ocrx_word' id='word_1_311' title='bbox 507 4893 535 4957; x_wconf 61' lang='grc' dir='ltr'>Γ)</span> <span class='ocrx_word' id='word_1_312' title='bbox 552 4892 583 4945; x_wconf 88' lang='lat' dir='ltr'>lt.</span> <span class='ocrx_word' id='word_1_313' title='bbox 599 4896 793 4958; x_wconf 77' lang='lat' dir='ltr'>percucurrlstt.</span> <span class='ocrx_word' id='word_1_314' title='bbox 847 4929 851 4940; x_wconf 80' lang='lat'><strong>·</strong></span> 
     </span>
    </p>
   </div>
   <div class='ocr_carea' id='block_1_4' title="bbox 0 0 2082 6546">
    <p class='ocr_par' dir='ltr' id='par_1_8' title="bbox 0 0 2082 6546">
     <span class='ocr_line' id='line_1_37' title="bbox 0 0 2082 6546; baseline 0 1"><span class='ocrx_word' id='word_1_315' title='bbox 0 0 2082 6546; x_wconf 95' lang='lat' dir='ltr'> </span> 
     </span>
    </p>
   </div>
  </div>
 </body>
</html>
