<?xml version="1.0" encoding="UTF-8"?>
<!DOCTYPE html PUBLIC "-//W3C//DTD XHTML 1.0 Transitional//EN"
    "http://www.w3.org/TR/xhtml1/DTD/xhtml1-transitional.dtd">
<html xmlns="http://www.w3.org/1999/xhtml" xml:lang="en" lang="en">
 <head>
  <title>
</title>
<meta http-equiv="Content-Type" content="text/html;charset=utf-8" />
  <meta name='ocr-system' content='tesseract 3.04.00' />
  <meta name='ocr-capabilities' content='ocr_page ocr_carea ocr_par ocr_line ocrx_word'/>
</head>
<body>
  <div class='ocr_page' id='page_1' title='image "./comentumsuperda00benvgoog_0495.png"; bbox 0 0 4154 6546; ppageno 0'>
   <div class='ocr_carea' id='block_1_1' title="bbox 454 773 1228 848">
    <p class='ocr_par' dir='ltr' id='par_1_1' title="bbox 454 773 1228 848">
     <span class='ocr_line' id='line_1_1' title="bbox 454 773 1228 848; baseline 0.004 -12"><span class='ocrx_word' id='word_1_1' title='bbox 454 773 524 839; x_wconf 65' lang='grc'><strong>446</strong></span> <span class='ocrx_word' id='word_1_2' title='bbox 845 785 1048 841; x_wconf 72' lang='lat' dir='ltr'><strong>COMENTUM</strong></span> <span class='ocrx_word' id='word_1_3' title='bbox 1074 786 1228 848; x_wconf 74' lang='lat' dir='ltr'><strong>mulsum</strong></span> 
     </span>
    </p>
   </div>
   <div class='ocr_carea' id='block_1_2' title="bbox 445 929 1626 4629">
    <p class='ocr_par' dir='ltr' id='par_1_2' title="bbox 445 929 1626 4629">
     <span class='ocr_line' id='line_1_2' title="bbox 451 929 1625 1026; baseline -0.001 -24"><span class='ocrx_word' id='word_1_4' title='bbox 451 936 508 1003; x_wconf 91' lang='lat' dir='ltr'><strong>ter</strong></span> <span class='ocrx_word' id='word_1_5' title='bbox 525 931 646 1004; x_wconf 88' lang='lat' dir='ltr'><strong>anima</strong></span> <span class='ocrx_word' id='word_1_6' title='bbox 674 932 835 1004; x_wconf 89' lang='lat' dir='ltr'><strong>humana</strong></span> <span class='ocrx_word' id='word_1_7' title='bbox 861 931 1067 1025; x_wconf 89' lang='lat' dir='ltr'><strong>implicetur</strong></span> <span class='ocrx_word' id='word_1_8' title='bbox 1092 931 1224 1026; x_wconf 82' lang='lat' dir='ltr'><strong>plantae</strong></span> <span class='ocrx_word' id='word_1_9' title='bbox 1242 929 1480 1025; x_wconf 82' lang='lat' dir='ltr'><strong>vegetabili,e</strong></span> <span class='ocrx_word' id='word_1_10' title='bbox 1496 931 1625 1002; x_wconf 65' lang='lat' dir='ltr'><strong>AEmme</strong></span> 
     </span>
     <span class='ocr_line' id='line_1_3' title="bbox 450 1043 1625 1145; baseline 0 -21"><span class='ocrx_word' id='word_1_11' title='bbox 450 1073 487 1124; x_wconf 79' lang='lat' dir='ltr'><strong>se</strong></span> <span class='ocrx_word' id='word_1_12' title='bbox 513 1060 547 1125; x_wconf 86' lang='lat' dir='ltr'><strong>tu</strong></span> <span class='ocrx_word' id='word_1_13' title='bbox 568 1056 666 1145; x_wconf 78' lang='lat' dir='ltr'><strong>poci,</strong></span> <span class='ocrx_word' id='word_1_14' title='bbox 689 1060 725 1128; x_wconf 92' lang='lat' dir='ltr'><strong>et</strong></span> <span class='ocrx_word' id='word_1_15' title='bbox 752 1060 919 1127; x_wconf 79' lang='lat' dir='ltr'><strong>notanter</strong></span> <span class='ocrx_word' id='word_1_16' title='bbox 945 1052 1053 1127; x_wconf 90' lang='lat' dir='ltr'><strong>dicit:</strong></span> <span class='ocrx_word' id='word_1_17' title='bbox 1079 1074 1117 1124; x_wconf 87' lang='lat' dir='ltr'><strong>se</strong></span> <span class='ocrx_word' id='word_1_18' title='bbox 1141 1061 1176 1126; x_wconf 80' lang='lat' dir='ltr'><strong>tu</strong></span> <span class='ocrx_word' id='word_1_19' title='bbox 1193 1055 1290 1144; x_wconf 69' lang='lat' dir='ltr'><strong>poor,</strong></span> <span class='ocrx_word' id='word_1_20' title='bbox 1307 1051 1393 1144; x_wconf 88' lang='lat' dir='ltr'><strong>quia</strong></span> <span class='ocrx_word' id='word_1_21' title='bbox 1412 1057 1454 1124; x_wconf 89' lang='lat' dir='ltr'><strong>ut</strong></span> <span class='ocrx_word' id='word_1_22' title='bbox 1466 1043 1504 1142; x_wconf 78' lang='lat'><strong>(¹)</strong></span> <span class='ocrx_word' id='word_1_23' title='bbox 1523 1050 1625 1124; x_wconf 87' lang='lat' dir='ltr'><strong>vide-</strong></span> 
     </span>
     <span class='ocr_line' id='line_1_4' title="bbox 450 1170 1624 1266; baseline 0 -21"><span class='ocrx_word' id='word_1_24' title='bbox 450 1173 515 1264; x_wconf 89' lang='lat' dir='ltr'><strong>bis,</strong></span> <span class='ocrx_word' id='word_1_25' title='bbox 542 1172 610 1246; x_wconf 88' lang='lat' dir='ltr'><strong>iste</strong></span> <span class='ocrx_word' id='word_1_26' title='bbox 636 1172 865 1266; x_wconf 81' lang='lat' dir='ltr'>respondebit</span> <span class='ocrx_word' id='word_1_27' title='bbox 891 1171 1022 1245; x_wconf 84' lang='lat' dir='ltr'><strong>salsum</strong></span> <span class='ocrx_word' id='word_1_28' title='bbox 1049 1173 1094 1247; x_wconf 90' lang='lat' dir='ltr'><strong>de</strong></span> <span class='ocrx_word' id='word_1_29' title='bbox 1122 1173 1188 1246; x_wconf 89' lang='lat' dir='ltr'><strong>ista</strong></span> <span class='ocrx_word' id='word_1_30' title='bbox 1214 1171 1374 1246; x_wconf 87' lang='lat' dir='ltr'><strong>secunda</strong></span> <span class='ocrx_word' id='word_1_31' title='bbox 1408 1170 1624 1264; x_wconf 82' lang='lat' dir='ltr'><strong>quaestione,</strong></span> 
     </span>
     <span class='ocr_line' id='line_1_5' title="bbox 452 1292 1624 1387; baseline 0 -23"><span class='ocrx_word' id='word_1_32' title='bbox 452 1315 489 1365; x_wconf 86' lang='lat' dir='ltr'><strong>se</strong></span> <span class='ocrx_word' id='word_1_33' title='bbox 513 1296 641 1365; x_wconf 82' lang='lat' dir='ltr'><strong>alcuna</strong></span> <span class='ocrx_word' id='word_1_34' title='bbox 665 1296 738 1364; x_wconf 84' lang='lat' dir='ltr'><strong>mci</strong></span> <span class='ocrx_word' id='word_1_35' title='bbox 761 1295 793 1365; x_wconf 84' lang='lat' dir='ltr'><strong>si</strong></span> <span class='ocrx_word' id='word_1_36' title='bbox 815 1295 948 1384; x_wconf 70' lang='lat' dir='ltr'><strong>soleya,</strong></span> <span class='ocrx_word' id='word_1_37' title='bbox 975 1292 1066 1367; x_wconf 87' lang='lat' dir='ltr'><strong>idest</strong></span> <span class='ocrx_word' id='word_1_38' title='bbox 1090 1292 1249 1366; x_wconf 88' lang='lat' dir='ltr'><strong>dissolvit</strong></span> <span class='ocrx_word' id='word_1_39' title='bbox 1274 1299 1312 1367; x_wconf 88' lang='lat' dir='ltr'><strong>et</strong></span> <span class='ocrx_word' id='word_1_40' title='bbox 1336 1292 1548 1387; x_wconf 82' lang='lat' dir='ltr'><strong>dissepamt,</strong></span> <span class='ocrx_word' id='word_1_41' title='bbox 1573 1295 1624 1364; x_wconf 81' lang='lat' dir='ltr'><strong>do</strong></span> 
     </span>
     <span class='ocr_line' id='line_1_6' title="bbox 453 1409 1623 1504; baseline -0.001 -19"><span class='ocrx_word' id='word_1_42' title='bbox 453 1417 501 1485; x_wconf 84' lang='lat' dir='ltr'><strong>tol</strong></span> <span class='ocrx_word' id='word_1_43' title='bbox 517 1413 686 1504; x_wconf 82' lang='lat' dir='ltr'><strong>membro,</strong></span> <span class='ocrx_word' id='word_1_44' title='bbox 704 1411 795 1487; x_wconf 87' lang='lat' dir='ltr'><strong>idest</strong></span> <span class='ocrx_word' id='word_1_45' title='bbox 811 1413 858 1485; x_wconf 91' lang='lat' dir='ltr'><strong>ab</strong></span> <span class='ocrx_word' id='word_1_46' title='bbox 876 1413 951 1485; x_wconf 89' lang='lat' dir='ltr'><strong>istis</strong></span> <span class='ocrx_word' id='word_1_47' title='bbox 978 1413 1090 1487; x_wconf 91' lang='lat' dir='ltr'><strong>ramis</strong></span> <span class='ocrx_word' id='word_1_48' title='bbox 1107 1413 1304 1486; x_wconf 87' lang='lat' dir='ltr'><strong>arborum:</strong></span> <span class='ocrx_word' id='word_1_49' title='bbox 1322 1418 1360 1486; x_wconf 92' lang='lat' dir='ltr'><strong>et</strong></span> <span class='ocrx_word' id='word_1_50' title='bbox 1378 1411 1444 1485; x_wconf 86' lang='lat' dir='ltr'><strong>isla</strong></span> <span class='ocrx_word' id='word_1_51' title='bbox 1461 1409 1623 1486; x_wconf 90' lang='lat' dir='ltr'><strong>secunda</strong></span> 
     </span>
     <span class='ocr_line' id='line_1_7' title="bbox 452 1530 1624 1628; baseline -0.003 -19"><span class='ocrx_word' id='word_1_52' title='bbox 452 1534 575 1627; x_wconf 81' lang='lat' dir='ltr'><strong>petitio</strong></span> <span class='ocrx_word' id='word_1_53' title='bbox 599 1532 761 1607; x_wconf 89' lang='lat' dir='ltr'><strong>breviter</strong></span> <span class='ocrx_word' id='word_1_54' title='bbox 778 1534 886 1627; x_wconf 87' lang='lat' dir='ltr'><strong>petit:</strong></span> <span class='ocrx_word' id='word_1_55' title='bbox 906 1533 933 1605; x_wconf 91' lang='lat' dir='ltr'><strong>si</strong></span> <span class='ocrx_word' id='word_1_56' title='bbox 953 1533 1075 1608; x_wconf 90' lang='lat' dir='ltr'><strong>anima</strong></span> <span class='ocrx_word' id='word_1_57' title='bbox 1099 1532 1279 1627; x_wconf 86' lang='lat' dir='ltr'><strong>desperati</strong></span> <span class='ocrx_word' id='word_1_58' title='bbox 1306 1539 1478 1628; x_wconf 76' lang='lat' dir='ltr'><strong>resurget</strong></span> <span class='ocrx_word' id='word_1_59' title='bbox 1502 1532 1539 1605; x_wconf 95' lang='lat' dir='ltr'><strong>in</strong></span> <span class='ocrx_word' id='word_1_60' title='bbox 1563 1530 1624 1605; x_wconf 87' lang='lat' dir='ltr'><strong>die</strong></span> 
     </span>
     <span class='ocr_line' id='line_1_8' title="bbox 445 1650 1623 1746; baseline -0.003 -21"><span class='ocrx_word' id='word_1_61' title='bbox 445 1652 583 1746; x_wconf 83' lang='lat' dir='ltr'><strong>judicii,</strong></span> <span class='ocrx_word' id='word_1_62' title='bbox 598 1660 634 1726; x_wconf 89' lang='lat' dir='ltr'><strong>et</strong></span> <span class='ocrx_word' id='word_1_63' title='bbox 653 1653 821 1728; x_wconf 91' lang='lat' dir='ltr'><strong>reinduet</strong></span> <span class='ocrx_word' id='word_1_64' title='bbox 838 1653 904 1726; x_wconf 90' lang='lat' dir='ltr'><strong>sibi</strong></span> <span class='ocrx_word' id='word_1_65' title='bbox 924 1674 1073 1728; x_wconf 91' lang='lat' dir='ltr'><strong>carnem</strong></span> <span class='ocrx_word' id='word_1_66' title='bbox 1091 1654 1305 1746; x_wconf 80' lang='lat' dir='ltr'>humanam,</span> <span class='ocrx_word' id='word_1_67' title='bbox 1322 1652 1416 1726; x_wconf 88' lang='lat' dir='ltr'><strong>sicut</strong></span> <span class='ocrx_word' id='word_1_68' title='bbox 1432 1659 1471 1726; x_wconf 85' lang='lat' dir='ltr'><strong>et</strong></span> <span class='ocrx_word' id='word_1_69' title='bbox 1488 1650 1623 1725; x_wconf 73' lang='lat' dir='ltr'><strong>animae</strong></span> 
     </span>
     <span class='ocr_line' id='line_1_9' title="bbox 450 1771 1623 1866; baseline -0.003 -21"><span class='ocrx_word' id='word_1_70' title='bbox 450 1779 671 1846; x_wconf 83' lang='lat' dir='ltr'><strong>caetcrorum</strong></span> <span class='ocrx_word' id='word_1_71' title='bbox 698 1780 1003 1846; x_wconf 89' lang='lat' dir='ltr'><strong>mortuorum—</strong></span> <span class='ocrx_word' id='word_1_72' title='bbox 1016 1776 1126 1846; x_wconf 79' lang='lat' dir='ltr'><strong>Allor.</strong></span> <span class='ocrx_word' id='word_1_73' title='bbox 1145 1773 1210 1846; x_wconf 87' lang='lat' dir='ltr'><strong>Hic</strong></span> <span class='ocrx_word' id='word_1_74' title='bbox 1226 1779 1336 1846; x_wconf 88' lang='lat' dir='ltr'><strong>autor</strong></span> <span class='ocrx_word' id='word_1_75' title='bbox 1353 1771 1452 1866; x_wconf 89' lang='lat' dir='ltr'><strong>ponit</strong></span> <span class='ocrx_word' id='word_1_76' title='bbox 1470 1791 1623 1864; x_wconf 83' lang='lat' dir='ltr'><strong>respou-</strong></span> 
     </span>
     <span class='ocr_line' id='line_1_10' title="bbox 450 1893 1622 1989; baseline -0.001 -25"><span class='ocrx_word' id='word_1_77' title='bbox 450 1893 588 1966; x_wconf 85' lang='lat' dir='ltr'>sionem</span> <span class='ocrx_word' id='word_1_78' title='bbox 607 1893 702 1966; x_wconf 86' lang='lat' dir='ltr'><strong>Petri</strong></span> <span class='ocrx_word' id='word_1_79' title='bbox 722 1893 768 1966; x_wconf 88' lang='lat' dir='ltr'><strong>ad</strong></span> <span class='ocrx_word' id='word_1_80' title='bbox 794 1894 945 1986; x_wconf 72' lang='lat' dir='ltr'><strong>quaesita</strong></span> <span class='ocrx_word' id='word_1_81' title='bbox 963 1914 1029 1989; x_wconf 87' lang='lat' dir='ltr'><strong>per</strong></span> <span class='ocrx_word' id='word_1_82' title='bbox 1046 1893 1257 1987; x_wconf 83' lang='lat' dir='ltr'><strong>Virgilium3</strong></span> <span class='ocrx_word' id='word_1_83' title='bbox 1275 1900 1312 1968; x_wconf 92' lang='lat' dir='ltr'><strong>et</strong></span> <span class='ocrx_word' id='word_1_84' title='bbox 1329 1893 1449 1988; x_wconf 87' lang='lat' dir='ltr'><strong>primo</strong></span> <span class='ocrx_word' id='word_1_85' title='bbox 1469 1894 1622 1986; x_wconf 87' lang='lat' dir='ltr'><strong>apparat</strong></span> 
     </span>
     <span class='ocr_line' id='line_1_11' title="bbox 452 2005 1623 2107; baseline -0.001 -22"><span class='ocrx_word' id='word_1_86' title='bbox 452 2013 570 2107; x_wconf 79' lang='lat' dir='ltr'><strong>ipsum</strong></span> <span class='ocrx_word' id='word_1_87' title='bbox 588 2013 634 2086; x_wconf 88' lang='lat' dir='ltr'><strong>ad</strong></span> <span class='ocrx_word' id='word_1_88' title='bbox 653 2013 890 2106; x_wconf 88' lang='lat' dir='ltr'><strong>loquendum,</strong></span> <span class='ocrx_word' id='word_1_89' title='bbox 912 2015 1057 2088; x_wconf 90' lang='lat' dir='ltr'><strong>dicens:</strong></span> <span class='ocrx_word' id='word_1_90' title='bbox 1080 2018 1173 2088; x_wconf 83' lang='lat' dir='ltr'><strong>ullor</strong></span> <span class='ocrx_word' id='word_1_91' title='bbox 1198 2018 1232 2087; x_wconf 88' lang='lat' dir='ltr'><strong>lo</strong></span> <span class='ocrx_word' id='word_1_92' title='bbox 1252 2021 1375 2087; x_wconf 68' lang='lat' dir='ltr'><strong>omero</strong></span> <span class='ocrx_word' id='word_1_93' title='bbox 1399 2005 1623 2107; x_wconf 69' lang='lat' dir='ltr'><strong>romolono,</strong></span> 
     </span>
     <span class='ocr_line' id='line_1_12' title="bbox 449 2132 1621 2228; baseline 0.001 -25"><span class='ocrx_word' id='word_1_94' title='bbox 449 2132 539 2206; x_wconf 88' lang='lat' dir='ltr'><strong>idest</strong></span> <span class='ocrx_word' id='word_1_95' title='bbox 556 2132 751 2226; x_wconf 80' lang='lat' dir='ltr'><strong>suspiravit</strong></span> <span class='ocrx_word' id='word_1_96' title='bbox 777 2132 956 2227; x_wconf 88' lang='lat' dir='ltr'><strong>prolunde</strong></span> <span class='ocrx_word' id='word_1_97' title='bbox 976 2154 1041 2227; x_wconf 87' lang='lat' dir='ltr'><strong>per</strong></span> <span class='ocrx_word' id='word_1_98' title='bbox 1067 2133 1164 2207; x_wconf 87' lang='lat' dir='ltr'><strong>illam</strong></span> <span class='ocrx_word' id='word_1_99' title='bbox 1192 2141 1385 2228; x_wconf 90' lang='lat' dir='ltr'><strong>rupturam</strong></span> <span class='ocrx_word' id='word_1_100' title='bbox 1412 2133 1449 2206; x_wconf 91' lang='lat' dir='ltr'><strong>in</strong></span> <span class='ocrx_word' id='word_1_101' title='bbox 1475 2132 1621 2227; x_wconf 83' lang='lat' dir='ltr'><strong>signum</strong></span> 
     </span>
     <span class='ocr_line' id='line_1_13' title="bbox 449 2252 1623 2348; baseline 0 -24"><span class='ocrx_word' id='word_1_102' title='bbox 449 2252 583 2326; x_wconf 90' lang='lat' dir='ltr'><strong>doloris</strong></span> <span class='ocrx_word' id='word_1_103' title='bbox 609 2253 804 2346; x_wconf 82' lang='lat' dir='ltr'><strong>intrinseci,</strong></span> <span class='ocrx_word' id='word_1_104' title='bbox 824 2255 910 2348; x_wconf 89' lang='lat' dir='ltr'><strong>quia</strong></span> <span class='ocrx_word' id='word_1_105' title='bbox 937 2262 1212 2329; x_wconf 84' lang='lat' dir='ltr'><strong>memoraturus</strong></span> <span class='ocrx_word' id='word_1_106' title='bbox 1236 2261 1316 2328; x_wconf 90' lang='lat' dir='ltr'><strong>erat</strong></span> <span class='ocrx_word' id='word_1_107' title='bbox 1341 2253 1623 2328; x_wconf 78' lang='lat' dir='ltr'><strong>infelicissimam</strong></span> 
     </span>
     <span class='ocr_line' id='line_1_14' title="bbox 449 2366 1626 2467; baseline 0 -23"><span class='ocrx_word' id='word_1_108' title='bbox 449 2372 720 2448; x_wconf 87' lang='lat' dir='ltr'><strong>damnationem</strong></span> <span class='ocrx_word' id='word_1_109' title='bbox 747 2395 866 2467; x_wconf 86' lang='lat' dir='ltr'><strong>suam,</strong></span> <span class='ocrx_word' id='word_1_110' title='bbox 884 2396 903 2446; x_wconf 90' lang='lat' dir='ltr'><strong>e</strong></span> <span class='ocrx_word' id='word_1_111' title='bbox 923 2378 985 2466; x_wconf 80' lang='lat' dir='ltr'><strong>poi</strong></span> <span class='ocrx_word' id='word_1_112' title='bbox 1010 2378 1088 2464; x_wconf 79' lang='lat' dir='ltr'><strong>quet</strong></span> <span class='ocrx_word' id='word_1_113' title='bbox 1112 2381 1211 2446; x_wconf 80' lang='lat' dir='ltr'><strong>vento</strong></span> <span class='ocrx_word' id='word_1_114' title='bbox 1235 2396 1272 2446; x_wconf 78' lang='lat' dir='ltr'><strong>se</strong></span> <span class='ocrx_word' id='word_1_115' title='bbox 1295 2366 1448 2447; x_wconf 76' lang='lat' dir='ltr'><strong>converti</strong></span> <span class='ocrx_word' id='word_1_116' title='bbox 1471 2376 1509 2446; x_wconf 83' lang='lat' dir='ltr'><strong>in</strong></span> <span class='ocrx_word' id='word_1_117' title='bbox 1532 2375 1626 2445; x_wconf 82' lang='lat' dir='ltr'><strong>colat</strong></span> 
     </span>
     <span class='ocr_line' id='line_1_15' title="bbox 451 2486 1623 2588; baseline -0.001 -22"><span class='ocrx_word' id='word_1_118' title='bbox 451 2515 545 2584; x_wconf 86' lang='lat' dir='ltr'><strong>voce,</strong></span> <span class='ocrx_word' id='word_1_119' title='bbox 562 2494 708 2588; x_wconf 80' lang='lat' dir='ltr'><strong>scilicet,</strong></span> <span class='ocrx_word' id='word_1_120' title='bbox 726 2495 938 2567; x_wconf 79' lang='lat' dir='ltr'><strong>brenemente</strong></span> <span class='ocrx_word' id='word_1_121' title='bbox 962 2486 1044 2566; x_wconf 76' lang='lat' dir='ltr'><strong>serti</strong></span> <span class='ocrx_word' id='word_1_122' title='bbox 1067 2499 1218 2585; x_wconf 79' lang='lat' dir='ltr'><strong>risposto</strong></span> <span class='ocrx_word' id='word_1_123' title='bbox 1243 2517 1268 2566; x_wconf 86' lang='lat' dir='ltr'><strong>c</strong></span> <span class='ocrx_word' id='word_1_124' title='bbox 1291 2498 1361 2585; x_wconf 85' lang='lat' dir='ltr'><strong>coi,</strong></span> <span class='ocrx_word' id='word_1_125' title='bbox 1379 2494 1484 2587; x_wconf 87' lang='lat' dir='ltr'><strong>quasi</strong></span> <span class='ocrx_word' id='word_1_126' title='bbox 1508 2493 1623 2567; x_wconf 85' lang='lat' dir='ltr'><strong>dicat:</strong></span> 
     </span>
     <span class='ocr_line' id='line_1_16' title="bbox 452 2613 1623 2709; baseline 0.002 -24"><span class='ocrx_word' id='word_1_127' title='bbox 452 2634 525 2686; x_wconf 92' lang='lat' dir='ltr'><strong>non</strong></span> <span class='ocrx_word' id='word_1_128' title='bbox 550 2613 734 2687; x_wconf 83' lang='lat' dir='ltr'><strong>inviscabo</strong></span> <span class='ocrx_word' id='word_1_129' title='bbox 761 2634 820 2687; x_wconf 90' lang='lat' dir='ltr'><strong>me</strong></span> <span class='ocrx_word' id='word_1_130' title='bbox 853 2614 973 2687; x_wconf 84' lang='lat' dir='ltr'><strong>verbis</strong></span> <span class='ocrx_word' id='word_1_131' title='bbox 1000 2614 1092 2687; x_wconf 90' lang='lat' dir='ltr'><strong>sicut</strong></span> <span class='ocrx_word' id='word_1_132' title='bbox 1117 2635 1229 2707; x_wconf 87' lang='lat' dir='ltr'><strong>supra</strong></span> <span class='ocrx_word' id='word_1_133' title='bbox 1263 2614 1330 2688; x_wconf 84' lang='lat' dir='ltr'><strong>ieci</strong></span> <span class='ocrx_word' id='word_1_134' title='bbox 1357 2615 1466 2709; x_wconf 84' lang='lat' dir='ltr'><strong>longa</strong></span> <span class='ocrx_word' id='word_1_135' title='bbox 1492 2634 1623 2688; x_wconf 85' lang='lat' dir='ltr'><strong>narra·</strong></span> 
     </span>
     <span class='ocr_line' id='line_1_17' title="bbox 451 2727 1625 2830; baseline -0.001 -23"><span class='ocrx_word' id='word_1_136' title='bbox 451 2735 559 2808; x_wconf 86' lang='lat' dir='ltr'><strong>tione.</strong></span> <span class='ocrx_word' id='word_1_137' title='bbox 592 2735 635 2806; x_wconf 86' lang='lat' dir='ltr'><strong>Et</strong></span> <span class='ocrx_word' id='word_1_138' title='bbox 665 2753 752 2808; x_wconf 89' lang='lat' dir='ltr'><strong>ecce</strong></span> <span class='ocrx_word' id='word_1_139' title='bbox 783 2735 976 2827; x_wconf 87' lang='lat' dir='ltr'><strong>respondet</strong></span> <span class='ocrx_word' id='word_1_140' title='bbox 988 2727 1024 2825; x_wconf 76' lang='lat'><strong>(²)</strong></span> <span class='ocrx_word' id='word_1_141' title='bbox 1059 2735 1176 2827; x_wconf 84' lang='lat' dir='ltr'><strong>primo</strong></span> <span class='ocrx_word' id='word_1_142' title='bbox 1206 2736 1334 2830; x_wconf 85' lang='lat' dir='ltr'><strong>primae</strong></span> <span class='ocrx_word' id='word_1_143' title='bbox 1364 2733 1539 2829; x_wconf 86' lang='lat' dir='ltr'><strong>petitioni,</strong></span> <span class='ocrx_word' id='word_1_144' title='bbox 1568 2733 1625 2807; x_wconf 88' lang='lat' dir='ltr'><strong>di-</strong></span> 
     </span>
     <span class='ocr_line' id='line_1_18' title="bbox 449 2853 1624 2948; baseline -0.002 -19"><span class='ocrx_word' id='word_1_145' title='bbox 449 2875 557 2929; x_wconf 90' lang='lat' dir='ltr'><strong>cens:</strong></span> <span class='ocrx_word' id='word_1_146' title='bbox 589 2857 731 2945; x_wconf 82' lang='lat' dir='ltr'><strong>quaudo</strong></span> <span class='ocrx_word' id='word_1_147' title='bbox 761 2857 917 2926; x_wconf 75' lang='lat' dir='ltr'><strong>lantino</strong></span> <span class='ocrx_word' id='word_1_148' title='bbox 943 2859 1073 2948; x_wconf 76' lang='lat' dir='ltr'><strong>feroce,</strong></span> <span class='ocrx_word' id='word_1_149' title='bbox 1104 2856 1194 2929; x_wconf 80' lang='lat' dir='ltr'><strong>idest</strong></span> <span class='ocrx_word' id='word_1_150' title='bbox 1220 2854 1388 2947; x_wconf 88' lang='lat' dir='ltr'><strong>crudelis,</strong></span> <span class='ocrx_word' id='word_1_151' title='bbox 1414 2875 1489 2947; x_wconf 87' lang='lat' dir='ltr'><strong>qua</strong></span> <span class='ocrx_word' id='word_1_152' title='bbox 1522 2853 1624 2927; x_wconf 86' lang='lat' dir='ltr'><strong>nulla</strong></span> 
     </span>
     <span class='ocr_line' id='line_1_19' title="bbox 449 2974 1623 3068; baseline -0.003 -21"><span class='ocrx_word' id='word_1_153' title='bbox 449 2979 567 3068; x_wconf 92' lang='lat' dir='ltr'><strong>potest</strong></span> <span class='ocrx_word' id='word_1_154' title='bbox 599 2994 678 3047; x_wconf 90' lang='lat' dir='ltr'><strong>esse</strong></span> <span class='ocrx_word' id='word_1_155' title='bbox 709 2974 876 3066; x_wconf 85' lang='lat' dir='ltr'><strong>lerocior,</strong></span> <span class='ocrx_word' id='word_1_156' title='bbox 900 2977 932 3046; x_wconf 83' lang='lat' dir='ltr'><strong>si</strong></span> <span class='ocrx_word' id='word_1_157' title='bbox 952 2982 1056 3067; x_wconf 80' lang='lat' dir='ltr'><strong>porte</strong></span> <span class='ocrx_word' id='word_1_158' title='bbox 1085 2978 1149 3048; x_wconf 81' lang='lat' dir='ltr'><strong>dal</strong></span> <span class='ocrx_word' id='word_1_159' title='bbox 1180 2996 1288 3067; x_wconf 78' lang='lat' dir='ltr'><strong>corpo</strong></span> <span class='ocrx_word' id='word_1_160' title='bbox 1316 2977 1398 3047; x_wconf 81' lang='lat' dir='ltr'><strong>oud&#39;</strong></span> <span class='ocrx_word' id='word_1_161' title='bbox 1411 2977 1479 3047; x_wconf 86' lang='lat' dir='ltr'><strong>ello</strong></span> <span class='ocrx_word' id='word_1_162' title='bbox 1511 2980 1623 3046; x_wconf 76' lang='lat' dir='ltr'><strong>stesso</strong></span> 
     </span>
     <span class='ocr_line' id='line_1_20' title="bbox 447 3091 1620 3189; baseline -0.002 -23"><span class='ocrx_word' id='word_1_163' title='bbox 447 3096 476 3166; x_wconf 65' lang='lat' dir='ltr'><strong>t</strong></span> <span class='ocrx_word' id='word_1_164' title='bbox 489 3091 510 3166; x_wconf 64' lang='lat' dir='ltr'><strong>e*</strong></span> <span class='ocrx_word' id='word_1_165' title='bbox 532 3096 691 3184; x_wconf 80' lang='lat' dir='ltr'><strong>disuetlo,</strong></span> <span class='ocrx_word' id='word_1_166' title='bbox 716 3093 807 3167; x_wconf 88' lang='lat' dir='ltr'><strong>idest</strong></span> <span class='ocrx_word' id='word_1_167' title='bbox 831 3114 871 3168; x_wconf 91' lang='lat' dir='ltr'><strong>se</strong></span> <span class='ocrx_word' id='word_1_168' title='bbox 896 3093 1031 3168; x_wconf 81' lang='lat' dir='ltr'><strong>divellit</strong></span> <span class='ocrx_word' id='word_1_169' title='bbox 1057 3101 1094 3169; x_wconf 92' lang='lat' dir='ltr'><strong>et</strong></span> <span class='ocrx_word' id='word_1_170' title='bbox 1119 3095 1276 3189; x_wconf 77' lang='lat' dir='ltr'><strong>extirpet</strong></span> <span class='ocrx_word' id='word_1_171' title='bbox 1293 3114 1360 3189; x_wconf 89' lang='lat' dir='ltr'><strong>per</strong></span> <span class='ocrx_word' id='word_1_172' title='bbox 1384 3092 1620 3184; x_wconf 71' lang='lat' dir='ltr'><strong>violentiam</strong></span> 
     </span>
     <span class='ocr_line' id='line_1_21' title="bbox 449 3212 1620 3306; baseline -0.003 -19"><span class='ocrx_word' id='word_1_173' title='bbox 449 3213 547 3306; x_wconf 90' lang='lat' dir='ltr'><strong>quod</strong></span> <span class='ocrx_word' id='word_1_174' title='bbox 573 3213 655 3286; x_wconf 88' lang='lat' dir='ltr'><strong>idco</strong></span> <span class='ocrx_word' id='word_1_175' title='bbox 677 3212 773 3305; x_wconf 85' lang='lat' dir='ltr'><strong>dicit,</strong></span> <span class='ocrx_word' id='word_1_176' title='bbox 800 3213 886 3305; x_wconf 90' lang='lat' dir='ltr'><strong>quia</strong></span> <span class='ocrx_word' id='word_1_177' title='bbox 914 3215 1128 3289; x_wconf 89' lang='lat' dir='ltr'><strong>naturaliter</strong></span> <span class='ocrx_word' id='word_1_178' title='bbox 1150 3236 1323 3301; x_wconf 48' lang='lat' dir='ltr'><strong>,summus</strong></span> <span class='ocrx_word' id='word_1_179' title='bbox 1351 3234 1458 3287; x_wconf 88' lang='lat' dir='ltr'><strong>amor</strong></span> <span class='ocrx_word' id='word_1_180' title='bbox 1483 3219 1538 3288; x_wconf 80' lang='lat' dir='ltr'><strong>est</strong></span> <span class='ocrx_word' id='word_1_181' title='bbox 1562 3213 1620 3284; x_wconf 90' lang='lat' dir='ltr'><strong>in-</strong></span> 
     </span>
     <span class='ocr_line' id='line_1_22' title="bbox 449 3333 1620 3429; baseline 0.003 -24"><span class='ocrx_word' id='word_1_182' title='bbox 449 3340 505 3406; x_wconf 93' lang='lat' dir='ltr'><strong>ter</strong></span> <span class='ocrx_word' id='word_1_183' title='bbox 530 3333 691 3406; x_wconf 89' lang='lat' dir='ltr'><strong>animam</strong></span> <span class='ocrx_word' id='word_1_184' title='bbox 718 3340 755 3408; x_wconf 92' lang='lat' dir='ltr'><strong>et</strong></span> <span class='ocrx_word' id='word_1_185' title='bbox 780 3354 927 3428; x_wconf 87' lang='lat' dir='ltr'><strong>corpus,</strong></span> <span class='ocrx_word' id='word_1_186' title='bbox 945 3339 1072 3425; x_wconf 80' lang='lat' dir='ltr'><strong>Minos,</strong></span> <span class='ocrx_word' id='word_1_187' title='bbox 1099 3336 1144 3410; x_wconf 89' lang='lat' dir='ltr'><strong>de</strong></span> <span class='ocrx_word' id='word_1_188' title='bbox 1170 3337 1238 3409; x_wconf 89' lang='lat' dir='ltr'><strong>isto</strong></span> <span class='ocrx_word' id='word_1_189' title='bbox 1263 3337 1400 3410; x_wconf 89' lang='lat' dir='ltr'><strong>dictum</strong></span> <span class='ocrx_word' id='word_1_190' title='bbox 1427 3342 1482 3409; x_wconf 85' lang='lat' dir='ltr'><strong>est</strong></span> <span class='ocrx_word' id='word_1_191' title='bbox 1508 3355 1620 3429; x_wconf 84' lang='lat' dir='ltr'><strong>supra</strong></span> 
     </span>
     <span class='ocr_line' id='line_1_23' title="bbox 448 3452 1620 3548; baseline 0 -23"><span class='ocrx_word' id='word_1_192' title='bbox 448 3452 649 3546; x_wconf 86' lang='lat' dir='ltr'><strong>capituloll</strong></span> <span class='ocrx_word' id='word_1_193' title='bbox 668 3454 854 3545; x_wconf 90' lang='lat' dir='ltr'><strong>quomodo</strong></span> <span class='ocrx_word' id='word_1_194' title='bbox 880 3461 935 3528; x_wconf 91' lang='lat' dir='ltr'><strong>est</strong></span> <span class='ocrx_word' id='word_1_195' title='bbox 950 3455 1065 3547; x_wconf 85' lang='lat' dir='ltr'><strong>judex</strong></span> <span class='ocrx_word' id='word_1_196' title='bbox 1091 3456 1314 3548; x_wconf 83' lang='lat' dir='ltr'><strong>animarum,</strong></span> <span class='ocrx_word' id='word_1_197' title='bbox 1332 3459 1368 3526; x_wconf 87' lang='lat' dir='ltr'><strong>la</strong></span> <span class='ocrx_word' id='word_1_198' title='bbox 1392 3457 1620 3527; x_wconf 79' lang='lat' dir='ltr'><strong>mendacta</strong></span> 
     </span>
     <span class='ocr_line' id='line_1_24' title="bbox 448 3574 1618 3670; baseline 0.004 -27"><span class='ocrx_word' id='word_1_199' title='bbox 448 3576 592 3664; x_wconf 81' lang='lat' dir='ltr'><strong>septimo</strong></span> <span class='ocrx_word' id='word_1_200' title='bbox 619 3577 708 3666; x_wconf 86' lang='lat' dir='ltr'><strong>soce,</strong></span> <span class='ocrx_word' id='word_1_201' title='bbox 742 3574 834 3648; x_wconf 89' lang='lat' dir='ltr'><strong>idest</strong></span> <span class='ocrx_word' id='word_1_202' title='bbox 867 3574 913 3647; x_wconf 85' lang='lat' dir='ltr'><strong>ad</strong></span> <span class='ocrx_word' id='word_1_203' title='bbox 951 3575 1147 3669; x_wconf 88' lang='lat' dir='ltr'><strong>septimum</strong></span> <span class='ocrx_word' id='word_1_204' title='bbox 1187 3576 1365 3650; x_wconf 90' lang='lat' dir='ltr'><strong>circulum</strong></span> <span class='ocrx_word' id='word_1_205' title='bbox 1405 3575 1618 3670; x_wconf 82' lang='lat' dir='ltr'><strong>generalem</strong></span> 
     </span>
     <span class='ocr_line' id='line_1_25' title="bbox 449 3685 1621 3789; baseline 0.003 -25"><span class='ocrx_word' id='word_1_206' title='bbox 449 3692 560 3764; x_wconf 87' lang='lat' dir='ltr'><strong>totius</strong></span> <span class='ocrx_word' id='word_1_207' title='bbox 587 3692 729 3785; x_wconf 78' lang='lat' dir='ltr'><strong>inferni,</strong></span> <span class='ocrx_word' id='word_1_208' title='bbox 755 3694 816 3785; x_wconf 90' lang='lat' dir='ltr'><strong>qui</strong></span> <span class='ocrx_word' id='word_1_209' title='bbox 849 3699 903 3768; x_wconf 89' lang='lat' dir='ltr'><strong>est</strong></span> <span class='ocrx_word' id='word_1_210' title='bbox 931 3695 1114 3768; x_wconf 88' lang='lat' dir='ltr'><strong>secundus</strong></span> <span class='ocrx_word' id='word_1_211' title='bbox 1147 3696 1391 3769; x_wconf 86' lang='lat' dir='ltr'><strong>violentorum</strong></span> <span class='ocrx_word' id='word_1_212' title='bbox 1422 3695 1460 3768; x_wconf 92' lang='lat' dir='ltr'><strong>in</strong></span> <span class='ocrx_word' id='word_1_213' title='bbox 1493 3685 1621 3789; x_wconf 76' lang='lat' dir='ltr'><strong>quol³l</strong></span> 
     </span>
     <span class='ocr_line' id='line_1_26' title="bbox 447 3813 1617 3910; baseline 0.003 -26"><span class='ocrx_word' id='word_1_214' title='bbox 447 3832 587 3884; x_wconf 88' lang='lat' dir='ltr'><strong>sumus.</strong></span> <span class='ocrx_word' id='word_1_215' title='bbox 614 3813 658 3884; x_wconf 86' lang='lat' dir='ltr'><strong>Et</strong></span> <span class='ocrx_word' id='word_1_216' title='bbox 690 3813 767 3885; x_wconf 86' lang='lat' dir='ltr'><strong>vult</strong></span> <span class='ocrx_word' id='word_1_217' title='bbox 799 3813 934 3906; x_wconf 78' lang='lat' dir='ltr'><strong>(licere,</strong></span> <span class='ocrx_word' id='word_1_218' title='bbox 961 3815 1060 3907; x_wconf 88' lang='lat' dir='ltr'><strong>quod</strong></span> <span class='ocrx_word' id='word_1_219' title='bbox 1085 3815 1206 3890; x_wconf 87' lang='lat' dir='ltr'><strong>anima</strong></span> <span class='ocrx_word' id='word_1_220' title='bbox 1240 3816 1465 3910; x_wconf 85' lang='lat' dir='ltr'><strong>desperantis</strong></span> <span class='ocrx_word' id='word_1_221' title='bbox 1496 3816 1617 3889; x_wconf 88' lang='lat' dir='ltr'><strong>statim</strong></span> 
     </span>
     <span class='ocr_line' id='line_1_27' title="bbox 448 3932 1619 4028; baseline 0.003 -23"><span class='ocrx_word' id='word_1_222' title='bbox 448 3951 535 4005; x_wconf 92' lang='lat' dir='ltr'><strong>cum</strong></span> <span class='ocrx_word' id='word_1_223' title='bbox 563 3932 699 4006; x_wconf 88' lang='lat' dir='ltr'><strong>recedit</strong></span> <span class='ocrx_word' id='word_1_224' title='bbox 724 3939 851 4025; x_wconf 86' lang='lat' dir='ltr'><strong>sponte</strong></span> <span class='ocrx_word' id='word_1_225' title='bbox 880 3955 902 4007; x_wconf 92' lang='lat' dir='ltr'><strong>a</strong></span> <span class='ocrx_word' id='word_1_226' title='bbox 932 3955 1099 4028; x_wconf 85' lang='lat' dir='ltr'><strong>corpore,</strong></span> <span class='ocrx_word' id='word_1_227' title='bbox 1124 3935 1321 4009; x_wconf 86' lang='lat' dir='ltr'><strong>damnatur</strong></span> <span class='ocrx_word' id='word_1_228' title='bbox 1350 3956 1372 4008; x_wconf 90' lang='lat' dir='ltr'><strong>a</strong></span> <span class='ocrx_word' id='word_1_229' title='bbox 1397 3935 1619 4010; x_wconf 85' lang='lat' dir='ltr'><strong>conscientia</strong></span> 
     </span>
     <span class='ocr_line' id='line_1_28' title="bbox 447 4051 1620 4149; baseline 0.003 -25"><span class='ocrx_word' id='word_1_230' title='bbox 447 4072 514 4124; x_wconf 91' lang='lat' dir='ltr'><strong>sua</strong></span> <span class='ocrx_word' id='word_1_231' title='bbox 535 4051 581 4125; x_wconf 93' lang='lat' dir='ltr'><strong>ad</strong></span> <span class='ocrx_word' id='word_1_232' title='bbox 608 4072 753 4146; x_wconf 78' lang='lat' dir='ltr'><strong>poenam</strong></span> <span class='ocrx_word' id='word_1_233' title='bbox 774 4053 964 4146; x_wconf 89' lang='lat' dir='ltr'><strong>moritam;</strong></span> <span class='ocrx_word' id='word_1_234' title='bbox 981 4061 1018 4128; x_wconf 89' lang='lat' dir='ltr'><strong>et</strong></span> <span class='ocrx_word' id='word_1_235' title='bbox 1045 4056 1124 4129; x_wconf 93' lang='lat' dir='ltr'><strong>talis</strong></span> <span class='ocrx_word' id='word_1_236' title='bbox 1149 4056 1284 4149; x_wconf 88' lang='lat' dir='ltr'><strong>anima,</strong></span> <span class='ocrx_word' id='word_1_237' title='bbox 1302 4059 1388 4128; x_wconf 78' lang='lat' dir='ltr'><strong>code</strong></span> <span class='ocrx_word' id='word_1_238' title='bbox 1403 4059 1440 4127; x_wconf 83' lang='lat' dir='ltr'><strong>in</strong></span> <span class='ocrx_word' id='word_1_239' title='bbox 1457 4059 1494 4128; x_wconf 87' lang='lat' dir='ltr'><strong>lc</strong></span> <span class='ocrx_word' id='word_1_240' title='bbox 1510 4058 1620 4146; x_wconf 82' lang='lat' dir='ltr'><strong>selon,</strong></span> 
     </span>
     <span class='ocr_line' id='line_1_29' title="bbox 448 4170 1622 4269; baseline 0.003 -25"><span class='ocrx_word' id='word_1_241' title='bbox 448 4171 583 4245; x_wconf 88' lang='lat' dir='ltr'><strong>scilicet</strong></span> <span class='ocrx_word' id='word_1_242' title='bbox 603 4171 717 4264; x_wconf 67' lang='lat' dir='ltr'><strong>istae</strong></span> <span class='ocrx_word' id='word_1_243' title='bbox 741 4193 813 4245; x_wconf 79' lang='lat' dir='ltr'><strong>uon</strong></span> <span class='ocrx_word' id='word_1_244' title='bbox 837 4177 887 4263; x_wconf 71' lang='lat' dir='ltr'><strong>qli</strong></span> <span class='ocrx_word' id='word_1_245' title='bbox 903 4170 1039 4265; x_wconf 66' lang='lat' dir='ltr'><strong>oporte</strong></span> <span class='ocrx_word' id='word_1_246' title='bbox 1062 4178 1180 4265; x_wconf 74' lang='lat' dir='ltr'><strong>sceau,</strong></span> <span class='ocrx_word' id='word_1_247' title='bbox 1197 4175 1287 4249; x_wconf 79' lang='lat' dir='ltr'><strong>idest</strong></span> <span class='ocrx_word' id='word_1_248' title='bbox 1312 4177 1439 4269; x_wconf 85' lang='lat' dir='ltr'><strong>electa,</strong></span> <span class='ocrx_word' id='word_1_249' title='bbox 1457 4197 1517 4248; x_wconf 78' lang='lat' dir='ltr'><strong>nto</strong></span> <span class='ocrx_word' id='word_1_250' title='bbox 1535 4197 1622 4266; x_wconf 71' lang='lat' dir='ltr'><strong>oer-</strong></span> 
     </span>
     <span class='ocr_line' id='line_1_30' title="bbox 447 4292 1620 4388; baseline 0.006 -25"><span class='ocrx_word' id='word_1_251' title='bbox 447 4296 577 4381; x_wconf 71' lang='lat' dir='ltr'><strong>moytia</strong></span> <span class='ocrx_word' id='word_1_252' title='bbox 603 4295 708 4381; x_wconf 84' lang='lat' dir='ltr'><strong>quivi,</strong></span> <span class='ocrx_word' id='word_1_253' title='bbox 735 4292 824 4367; x_wconf 91' lang='lat' dir='ltr'><strong>idest</strong></span> <span class='ocrx_word' id='word_1_254' title='bbox 849 4293 1004 4388; x_wconf 84' lang='lat' dir='ltr'><strong>pullulat</strong></span> <span class='ocrx_word' id='word_1_255' title='bbox 1029 4295 1065 4367; x_wconf 97' lang='lat' dir='ltr'><strong>in</strong></span> <span class='ocrx_word' id='word_1_256' title='bbox 1092 4302 1189 4369; x_wconf 89' lang='lat' dir='ltr'><strong>terra</strong></span> <span class='ocrx_word' id='word_1_257' title='bbox 1216 4296 1310 4368; x_wconf 90' lang='lat' dir='ltr'><strong>inter</strong></span> <span class='ocrx_word' id='word_1_258' title='bbox 1339 4295 1429 4368; x_wconf 90' lang='lat' dir='ltr'><strong>alias</strong></span> <span class='ocrx_word' id='word_1_259' title='bbox 1454 4296 1620 4388; x_wconf 78' lang='lat' dir='ltr'><strong>arbores,</strong></span> 
     </span>
     <span class='ocr_line' id='line_1_31' title="bbox 446 4403 1617 4512; baseline 0.004 -28"><span class='ocrx_word' id='word_1_260' title='bbox 446 4403 481 4484; x_wconf 77' lang='grc' dir='ltr'><em>Ιά</em></span> <span class='ocrx_word' id='word_1_261' title='bbox 505 4415 594 4485; x_wconf 77' lang='lat' dir='ltr'><strong>dom</strong></span> <span class='ocrx_word' id='word_1_262' title='bbox 615 4417 761 4506; x_wconf 71' lang='lat' dir='ltr'><strong>formato</strong></span> <span class='ocrx_word' id='word_1_263' title='bbox 786 4416 822 4486; x_wconf 88' lang='lat' dir='ltr'><strong>lo</strong></span> <span class='ocrx_word' id='word_1_264' title='bbox 848 4416 1013 4505; x_wconf 84' lang='lat' dir='ltr'><strong>boleslru,</strong></span> <span class='ocrx_word' id='word_1_265' title='bbox 1032 4415 1117 4508; x_wconf 88' lang='lat' dir='ltr'><strong>quia</strong></span> <span class='ocrx_word' id='word_1_266' title='bbox 1144 4437 1217 4489; x_wconf 93' lang='lat' dir='ltr'><strong>non</strong></span> <span class='ocrx_word' id='word_1_267' title='bbox 1242 4437 1287 4490; x_wconf 78' lang='lat' dir='ltr'><strong>cx</strong></span> <span class='ocrx_word' id='word_1_268' title='bbox 1314 4416 1492 4490; x_wconf 85' lang='lat' dir='ltr'><strong>electione</strong></span> <span class='ocrx_word' id='word_1_269' title='bbox 1517 4417 1617 4512; x_wconf 83' lang='lat' dir='ltr'><strong>agit;</strong></span> 
     </span>
     <span class='ocr_line' id='line_1_32' title="bbox 446 4532 1620 4629; baseline 0.003 -24"><span class='ocrx_word' id='word_1_270' title='bbox 446 4538 483 4605; x_wconf 89' lang='lat' dir='ltr'><strong>ct</strong></span> <span class='ocrx_word' id='word_1_271' title='bbox 507 4532 592 4606; x_wconf 91' lang='lat' dir='ltr'><strong>dicit</strong></span> <span class='ocrx_word' id='word_1_272' title='bbox 615 4553 638 4606; x_wconf 88' lang='lat' dir='ltr'><strong>a</strong></span> <span class='ocrx_word' id='word_1_273' title='bbox 663 4533 780 4626; x_wconf 91' lang='lat' dir='ltr'><strong>simili,</strong></span> <span class='ocrx_word' id='word_1_274' title='bbox 798 4555 893 4606; x_wconf 77' lang='lat' dir='ltr'><strong>conte</strong></span> <span class='ocrx_word' id='word_1_275' title='bbox 917 4557 1013 4625; x_wconf 65' lang='lat' dir='ltr'><strong>arou</strong></span> <span class='ocrx_word' id='word_1_276' title='bbox 1038 4539 1075 4607; x_wconf 80' lang='lat' dir='ltr'><strong>dl</strong></span> <span class='ocrx_word' id='word_1_277' title='bbox 1098 4539 1221 4627; x_wconf 79' lang='lat' dir='ltr'><strong>spelta,</strong></span> <span class='ocrx_word' id='word_1_278' title='bbox 1238 4536 1343 4629; x_wconf 87' lang='lat' dir='ltr'><strong>quasi</strong></span> <span class='ocrx_word' id='word_1_279' title='bbox 1359 4536 1474 4610; x_wconf 84' lang='lat' dir='ltr'><strong>dicat:</strong></span> <span class='ocrx_word' id='word_1_280' title='bbox 1488 4536 1620 4610; x_wconf 82' lang='lat' dir='ltr'><strong>crescit</strong></span> 
     </span>
    </p>
   </div>
   <div class='ocr_carea' id='block_1_3' title="bbox 444 4651 1622 4752">
    <p class='ocr_par' dir='ltr' id='par_1_3' title="bbox 444 4651 1622 4752">
     <span class='ocr_line' id='line_1_33' title="bbox 444 4651 1622 4752; baseline 0.008 -30"><span class='ocrx_word' id='word_1_281' title='bbox 444 4651 482 4723; x_wconf 93' lang='lat' dir='ltr'><strong>in</strong></span> <span class='ocrx_word' id='word_1_282' title='bbox 497 4652 732 4726; x_wconf 85' lang='lat' dir='ltr'><strong>arbusculam</strong></span> <span class='ocrx_word' id='word_1_283' title='bbox 760 4656 963 4729; x_wconf 87' lang='lat' dir='ltr'><strong>multorum</strong></span> <span class='ocrx_word' id='word_1_284' title='bbox 990 4676 1180 4729; x_wconf 87' lang='lat' dir='ltr'><strong>ramorum</strong></span> <span class='ocrx_word' id='word_1_285' title='bbox 1213 4655 1401 4750; x_wconf 80' lang='lat' dir='ltr'><strong>paulatim,</strong></span> <span class='ocrx_word' id='word_1_286' title='bbox 1418 4657 1513 4730; x_wconf 86' lang='lat' dir='ltr'><strong>sicut</strong></span> <span class='ocrx_word' id='word_1_287' title='bbox 1531 4678 1622 4752; x_wconf 78' lang='lat' dir='ltr'><strong>gra·</strong></span> 
     </span>
    </p>
   </div>
   <div class='ocr_carea' id='block_1_4' title="bbox 481 4773 602 4780">
    <p class='ocr_par' dir='ltr' id='par_1_4' title="bbox 481 4773 602 4780">
     <span class='ocr_line' id='line_1_34' title="bbox 481 4773 602 4780; baseline 0.008 -1"><span class='ocrx_word' id='word_1_288' title='bbox 481 4773 602 4780; x_wconf 78' lang='lat'><strong>———</strong></span> 
     </span>
    </p>
   </div>
   <div class='ocr_carea' id='block_1_5' title="bbox 505 4822 1495 4967">
    <p class='ocr_par' dir='ltr' id='par_1_5' title="bbox 505 4822 1495 4967">
     <span class='ocr_line' id='line_1_35' title="bbox 505 4822 1495 4893; baseline 0.008 -21"><span class='ocrx_word' id='word_1_289' title='bbox 505 4822 533 4883; x_wconf 84' lang='lat'><strong>(¹)</strong></span> <span class='ocrx_word' id='word_1_290' title='bbox 550 4825 580 4872; x_wconf 84' lang='lat' dir='ltr'><strong>E.</strong></span> <span class='ocrx_word' id='word_1_291' title='bbox 598 4829 627 4873; x_wconf 87' lang='lat' dir='ltr'><strong>ut</strong></span> <span class='ocrx_word' id='word_1_292' title='bbox 644 4830 670 4874; x_wconf 87' lang='lat' dir='ltr'><strong>lu</strong></span> <span class='ocrx_word' id='word_1_293' title='bbox 689 4826 792 4876; x_wconf 84' lang='lat' dir='ltr'><strong>ridebis.</strong></span> <span class='ocrx_word' id='word_1_294' title='bbox 1066 4827 1094 4890; x_wconf 61' lang='grc' dir='ltr'><strong>ι’)</strong></span> <span class='ocrx_word' id='word_1_295' title='bbox 1112 4833 1166 4887; x_wconf 75' lang='lat' dir='ltr'><strong>llll,</strong></span> <span class='ocrx_word' id='word_1_296' title='bbox 1184 4831 1375 4893; x_wconf 67' lang='lat' dir='ltr'><strong>responsionem</strong></span> <span class='ocrx_word' id='word_1_297' title='bbox 1394 4830 1495 4893; x_wconf 66' lang='lat' dir='ltr'><strong>prm.</strong></span> 
     </span>
     <span class='ocr_line' id='line_1_36' title="bbox 506 4898 890 4967; baseline 0.018 -16"><span class='ocrx_word' id='word_1_298' title='bbox 506 4898 533 4963; x_wconf 78' lang='lat' dir='ltr'><strong>l&#39;l</strong></span> <span class='ocrx_word' id='word_1_299' title='bbox 550 4901 581 4951; x_wconf 78' lang='lat' dir='ltr'><strong>ll.</strong></span> <span class='ocrx_word' id='word_1_300' title='bbox 597 4902 623 4952; x_wconf 80' lang='lat' dir='ltr'><strong>io</strong></span> <span class='ocrx_word' id='word_1_301' title='bbox 639 4917 692 4967; x_wconf 85' lang='lat' dir='ltr'><strong>quo</strong></span> <span class='ocrx_word' id='word_1_302' title='bbox 707 4918 777 4956; x_wconf 77' lang='lat' dir='ltr'><strong>nme</strong></span> <span class='ocrx_word' id='word_1_303' title='bbox 792 4918 890 4958; x_wconf 71' lang='lat' dir='ltr'><strong>umus.</strong></span> 
     </span>
    </p>
   </div>
   <div class='ocr_carea' id='block_1_6' title="bbox 0 0 2082 6546">
    <p class='ocr_par' dir='ltr' id='par_1_6' title="bbox 0 0 2082 6546">
     <span class='ocr_line' id='line_1_37' title="bbox 0 0 2082 6546; baseline 0 2"><span class='ocrx_word' id='word_1_304' title='bbox 0 0 2082 6546; x_wconf 95' lang='lat' dir='ltr'><strong> </strong></span> 
     </span>
    </p>
   </div>
  </div>
 </body>
</html>
