<?xml version="1.0" encoding="UTF-8"?>
<!DOCTYPE html PUBLIC "-//W3C//DTD XHTML 1.0 Transitional//EN"
    "http://www.w3.org/TR/xhtml1/DTD/xhtml1-transitional.dtd">
<html xmlns="http://www.w3.org/1999/xhtml" xml:lang="en" lang="en">
 <head>
  <title>
</title>
<meta http-equiv="Content-Type" content="text/html;charset=utf-8" />
  <meta name='ocr-system' content='tesseract 3.04.00' />
  <meta name='ocr-capabilities' content='ocr_page ocr_carea ocr_par ocr_line ocrx_word'/>
</head>
<body>
  <div class='ocr_page' id='page_1' title='image "./comentumsuperda00benvgoog_0168.png"; bbox 0 0 4154 6546; ppageno 0'>
   <div class='ocr_carea' id='block_1_1' title="bbox 588 769 1360 835">
    <p class='ocr_par' dir='ltr' id='par_1_1' title="bbox 588 769 1360 835">
     <span class='ocr_line' id='line_1_1' title="bbox 588 769 1360 835; baseline -0.01 0"><span class='ocrx_word' id='word_1_1' title='bbox 588 769 657 835; x_wconf 81' lang='lat'><strong>116</strong></span> <span class='ocrx_word' id='word_1_2' title='bbox 980 778 1184 832; x_wconf 83' lang='lat' dir='ltr'><strong>connuruu</strong></span> <span class='ocrx_word' id='word_1_3' title='bbox 1209 777 1360 830; x_wconf 77' lang='lat' dir='ltr'><strong>mannua</strong></span> 
     </span>
    </p>
   </div>
   <div class='ocr_carea' id='block_1_2' title="bbox 541 918 1763 3865">
    <p class='ocr_par' dir='ltr' id='par_1_2' title="bbox 541 918 1763 3511">
     <span class='ocr_line' id='line_1_2' title="bbox 585 918 1754 1015; baseline -0.003 -16"><span class='ocrx_word' id='word_1_4' title='bbox 585 925 684 999; x_wconf 91' lang='lat' dir='ltr'><strong>diose</strong></span> <span class='ocrx_word' id='word_1_5' title='bbox 709 923 755 997; x_wconf 92' lang='lat' dir='ltr'><strong>de</strong></span> <span class='ocrx_word' id='word_1_6' title='bbox 780 923 867 1015; x_wconf 86' lang='lat' dir='ltr'><strong>istis,</strong></span> <span class='ocrx_word' id='word_1_7' title='bbox 893 921 975 995; x_wconf 92' lang='lat' dir='ltr'><strong>ideo</strong></span> <span class='ocrx_word' id='word_1_8' title='bbox 999 921 1219 996; x_wconf 87' lang='lat' dir='ltr'><strong>ooncludens</strong></span> <span class='ocrx_word' id='word_1_9' title='bbox 1243 940 1373 996; x_wconf 90' lang='lat' dir='ltr'><strong>omnes</strong></span> <span class='ocrx_word' id='word_1_10' title='bbox 1398 918 1540 995; x_wconf 79' lang='lat' dir='ltr'><strong>reducit</strong></span> <span class='ocrx_word' id='word_1_11' title='bbox 1562 920 1609 994; x_wconf 88' lang='lat' dir='ltr'><strong>ad</strong></span> <span class='ocrx_word' id='word_1_12' title='bbox 1634 941 1754 995; x_wconf 91' lang='lat' dir='ltr'><strong>unum</strong></span> 
     </span>
     <span class='ocr_line' id='line_1_3' title="bbox 585 1039 1756 1136; baseline -0.003 -18"><span class='ocrx_word' id='word_1_13' title='bbox 585 1044 791 1136; x_wconf 94' lang='lat' dir='ltr'><strong>cumulum,</strong></span> <span class='ocrx_word' id='word_1_14' title='bbox 809 1041 908 1115; x_wconf 85' lang='lat' dir='ltr'><strong>etde</strong></span> <span class='ocrx_word' id='word_1_15' title='bbox 928 1040 1099 1115; x_wconf 91' lang='lat' dir='ltr'><strong>omnibus</strong></span> <span class='ocrx_word' id='word_1_16' title='bbox 1115 1040 1200 1114; x_wconf 88' lang='lat' dir='ltr'><strong>iacit</strong></span> <span class='ocrx_word' id='word_1_17' title='bbox 1216 1061 1334 1114; x_wconf 92' lang='lat' dir='ltr'><strong>unum</strong></span> <span class='ocrx_word' id='word_1_18' title='bbox 1352 1039 1597 1134; x_wconf 89' lang='lat' dir='ltr'><strong>involucmm,</strong></span> <span class='ocrx_word' id='word_1_19' title='bbox 1613 1039 1756 1115; x_wconf 86' lang='lat' dir='ltr'><strong>dicens:</strong></span> 
     </span>
     <span class='ocr_line' id='line_1_4' title="bbox 584 1150 1757 1253; baseline -0.001 -19"><span class='ocrx_word' id='word_1_20' title='bbox 584 1170 618 1235; x_wconf 89' lang='lat' dir='ltr'><strong>et</strong></span> <span class='ocrx_word' id='word_1_21' title='bbox 640 1165 675 1234; x_wconf 84' lang='lat' dir='ltr'><strong>io</strong></span> <span class='ocrx_word' id='word_1_22' title='bbox 700 1165 759 1234; x_wconf 77' lang='lat' dir='ltr'><strong>cae</strong></span> <span class='ocrx_word' id='word_1_23' title='bbox 783 1163 984 1252; x_wconf 74' lang='lat' dir='ltr'><strong>rtoaordoi,</strong></span> <span class='ocrx_word' id='word_1_24' title='bbox 1010 1159 1061 1234; x_wconf 88' lang='lat' dir='ltr'><strong>ita</strong></span> <span class='ocrx_word' id='word_1_25' title='bbox 1086 1166 1320 1234; x_wconf 76' lang='lat' dir='ltr'><strong>transeunter</strong></span> <span class='ocrx_word' id='word_1_26' title='bbox 1340 1150 1391 1252; x_wconf 80' lang='lat'><strong>(⁴),</strong></span> <span class='ocrx_word' id='word_1_27' title='bbox 1415 1157 1509 1232; x_wconf 91' lang='lat' dir='ltr'><strong>sicut</strong></span> <span class='ocrx_word' id='word_1_28' title='bbox 1532 1167 1757 1253; x_wconf 86' lang='lat' dir='ltr'><strong>praeceperat</strong></span> 
     </span>
     <span class='ocr_line' id='line_1_5' title="bbox 585 1277 1756 1376; baseline -0.002 -23"><span class='ocrx_word' id='word_1_29' title='bbox 585 1280 766 1376; x_wconf 84' lang='lat' dir='ltr'><strong>Virgilius,</strong></span> <span class='ocrx_word' id='word_1_30' title='bbox 807 1281 878 1352; x_wconf 69' lang='lat' dir='ltr'><strong>aldi</strong></span> <span class='ocrx_word' id='word_1_31' title='bbox 919 1300 992 1350; x_wconf 82' lang='lat' dir='ltr'><strong>aaa</strong></span> <span class='ocrx_word' id='word_1_32' title='bbox 1033 1282 1192 1369; x_wconf 68' lang='lat' dir='ltr'><strong>inrogata,</strong></span> <span class='ocrx_word' id='word_1_33' title='bbox 1228 1278 1316 1372; x_wconf 86' lang='lat' dir='ltr'><strong>quia</strong></span> <span class='ocrx_word' id='word_1_34' title='bbox 1358 1297 1486 1350; x_wconf 92' lang='lat' dir='ltr'><strong>omnes</strong></span> <span class='ocrx_word' id='word_1_35' title='bbox 1527 1277 1584 1350; x_wconf 91' lang='lat' dir='ltr'><strong>isti</strong></span> <span class='ocrx_word' id='word_1_36' title='bbox 1628 1277 1756 1351; x_wconf 92' lang='lat' dir='ltr'><strong>ribaldi</strong></span> 
     </span>
     <span class='ocr_line' id='line_1_6' title="bbox 586 1386 1758 1493; baseline -0.004 -20"><span class='ocrx_word' id='word_1_37' title='bbox 586 1401 736 1473; x_wconf 90' lang='lat' dir='ltr'><strong>trabunt</strong></span> <span class='ocrx_word' id='word_1_38' title='bbox 758 1390 794 1490; x_wconf 74' lang='lat'><strong>(¹)</strong></span> <span class='ocrx_word' id='word_1_39' title='bbox 830 1396 877 1470; x_wconf 89' lang='lat' dir='ltr'><strong>ad</strong></span> <span class='ocrx_word' id='word_1_40' title='bbox 908 1418 1026 1470; x_wconf 91' lang='lat' dir='ltr'><strong>uuum</strong></span> <span class='ocrx_word' id='word_1_41' title='bbox 1060 1397 1207 1493; x_wconf 87' lang='lat' dir='ltr'><strong>signum</strong></span> <span class='ocrx_word' id='word_1_42' title='bbox 1221 1386 1272 1490; x_wconf 80' lang='lat'><strong>(³),</strong></span> <span class='ocrx_word' id='word_1_43' title='bbox 1306 1415 1373 1470; x_wconf 90' lang='lat' dir='ltr'><strong>nec</strong></span> <span class='ocrx_word' id='word_1_44' title='bbox 1403 1395 1661 1469; x_wconf 87' lang='lat' dir='ltr'><strong>discernuntur</strong></span> <span class='ocrx_word' id='word_1_45' title='bbox 1692 1402 1758 1469; x_wconf 90' lang='lat' dir='ltr'><strong>aut</strong></span> 
     </span>
     <span class='ocr_line' id='line_1_7' title="bbox 585 1512 1758 1611; baseline -0.002 -23"><span class='ocrx_word' id='word_1_46' title='bbox 585 1516 831 1611; x_wconf 85' lang='lat' dir='ltr'><strong>distinguntur</strong></span> <span class='ocrx_word' id='word_1_47' title='bbox 857 1516 950 1589; x_wconf 89' lang='lat' dir='ltr'><strong>inter</strong></span> <span class='ocrx_word' id='word_1_48' title='bbox 975 1535 1026 1608; x_wconf 89' lang='lat' dir='ltr'><strong>se,</strong></span> <span class='ocrx_word' id='word_1_49' title='bbox 1053 1522 1095 1588; x_wconf 92' lang='lat' dir='ltr'><strong>ut</strong></span> <span class='ocrx_word' id='word_1_50' title='bbox 1120 1515 1243 1589; x_wconf 84' lang='lat' dir='ltr'><strong>statim</strong></span> <span class='ocrx_word' id='word_1_51' title='bbox 1259 1514 1405 1608; x_wconf 83' lang='lat' dir='ltr'><strong>patebit.</strong></span> <span class='ocrx_word' id='word_1_52' title='bbox 1424 1513 1468 1586; x_wconf 86' lang='lat' dir='ltr'><strong>Et</strong></span> <span class='ocrx_word' id='word_1_53' title='bbox 1490 1512 1596 1589; x_wconf 89' lang='lat' dir='ltr'><strong>dicit:</strong></span> <span class='ocrx_word' id='word_1_54' title='bbox 1619 1517 1679 1587; x_wconf 78' lang='lat' dir='ltr'><strong>tlte</strong></span> <span class='ocrx_word' id='word_1_55' title='bbox 1701 1517 1758 1606; x_wconf 76' lang='lat' dir='ltr'><strong>yi-</strong></span> 
     </span>
     <span class='ocr_line' id='line_1_8' title="bbox 541 1633 1759 1728; baseline -0.001 -22"><span class='ocrx_word' id='word_1_56' title='bbox 541 1636 543 1640; x_wconf 66' lang='lat'><em>‘</em></span> <span class='ocrx_word' id='word_1_57' title='bbox 585 1637 702 1707; x_wconf 76' lang='lat' dir='ltr'><strong>ruodo</strong></span> <span class='ocrx_word' id='word_1_58' title='bbox 728 1655 855 1706; x_wconf 83' lang='lat' dir='ltr'><strong>correo</strong></span> <span class='ocrx_word' id='word_1_59' title='bbox 880 1642 976 1707; x_wconf 75' lang='lat' dir='ltr'><strong>moto</strong></span> <span class='ocrx_word' id='word_1_60' title='bbox 1000 1641 1109 1725; x_wconf 81' lang='lat' dir='ltr'><strong>rolla,</strong></span> <span class='ocrx_word' id='word_1_61' title='bbox 1135 1633 1223 1727; x_wconf 90' lang='lat' dir='ltr'><strong>quia</strong></span> <span class='ocrx_word' id='word_1_62' title='bbox 1246 1633 1321 1706; x_wconf 84' lang='lat' dir='ltr'><strong>vita</strong></span> <span class='ocrx_word' id='word_1_63' title='bbox 1351 1634 1505 1706; x_wconf 81' lang='lat' dir='ltr'><strong>&#39;ntorum</strong></span> <span class='ocrx_word' id='word_1_64' title='bbox 1532 1653 1677 1728; x_wconf 90' lang='lat' dir='ltr'><strong>semper</strong></span> <span class='ocrx_word' id='word_1_65' title='bbox 1702 1639 1759 1707; x_wconf 91' lang='lat' dir='ltr'><strong>est</strong></span> 
     </span>
     <span class='ocr_line' id='line_1_9' title="bbox 586 1752 1758 1846; baseline 0 -21"><span class='ocrx_word' id='word_1_66' title='bbox 586 1753 623 1825; x_wconf 92' lang='lat' dir='ltr'><strong>in</strong></span> <span class='ocrx_word' id='word_1_67' title='bbox 648 1752 820 1826; x_wconf 87' lang='lat' dir='ltr'><strong>continuo</strong></span> <span class='ocrx_word' id='word_1_68' title='bbox 844 1752 1023 1846; x_wconf 82' lang='lat' dir='ltr'><strong>discursu,</strong></span> <span class='ocrx_word' id='word_1_69' title='bbox 1049 1756 1109 1825; x_wconf 80' lang='lat' dir='ltr'><strong>obe</strong></span> <span class='ocrx_word' id='word_1_70' title='bbox 1126 1755 1161 1825; x_wconf 87' lang='lat' dir='ltr'><strong>d’</strong></span> <span class='ocrx_word' id='word_1_71' title='bbox 1173 1772 1263 1843; x_wconf 67' lang='lat' dir='ltr'><strong>norw</strong></span> <span class='ocrx_word' id='word_1_72' title='bbox 1273 1773 1384 1844; x_wconf 82' lang='lat' dir='ltr'><strong>possa</strong></span> <span class='ocrx_word' id='word_1_73' title='bbox 1400 1755 1449 1823; x_wconf 80' lang='lat' dir='ltr'><strong>mi</strong></span> <span class='ocrx_word' id='word_1_74' title='bbox 1460 1773 1575 1843; x_wconf 86' lang='lat' dir='ltr'><strong>porca</strong></span> <span class='ocrx_word' id='word_1_75' title='bbox 1590 1755 1758 1844; x_wconf 54' lang='lat' dir='ltr'><strong>indeque</strong></span> 
     </span>
     <span class='ocr_line' id='line_1_10' title="bbox 587 1859 1757 1965; baseline -0.001 -22"><span class='ocrx_word' id='word_1_76' title='bbox 587 1870 672 1964; x_wconf 91' lang='lat' dir='ltr'><strong>quia</strong></span> <span class='ocrx_word' id='word_1_77' title='bbox 686 1891 758 1944; x_wconf 92' lang='lat' dir='ltr'><strong>non</strong></span> <span class='ocrx_word' id='word_1_78' title='bbox 772 1872 908 1945; x_wconf 91' lang='lat' dir='ltr'><strong>babent</strong></span> <span class='ocrx_word' id='word_1_79' title='bbox 918 1859 954 1963; x_wconf 74' lang='lat'><strong>(⁸)</strong></span> <span class='ocrx_word' id='word_1_80' title='bbox 969 1871 1159 1965; x_wconf 91' lang='lat' dir='ltr'><strong>proprium</strong></span> <span class='ocrx_word' id='word_1_81' title='bbox 1172 1870 1396 1943; x_wconf 86' lang='lat' dir='ltr'><strong>domicilium</strong></span> <span class='ocrx_word' id='word_1_82' title='bbox 1411 1888 1479 1943; x_wconf 92' lang='lat' dir='ltr'><strong>uec</strong></span> <span class='ocrx_word' id='word_1_83' title='bbox 1495 1870 1757 1945; x_wconf 87' lang='lat' dir='ltr'><strong>babitaculum.</strong></span> 
     </span>
     <span class='ocr_line' id='line_1_11' title="bbox 586 1987 1759 2082; baseline 0.001 -21"><span class='ocrx_word' id='word_1_84' title='bbox 586 1990 630 2062; x_wconf 86' lang='lat' dir='ltr'><strong>Et</strong></span> <span class='ocrx_word' id='word_1_85' title='bbox 655 1989 776 2063; x_wconf 83' lang='lat' dir='ltr'><strong>subdit</strong></span> <span class='ocrx_word' id='word_1_86' title='bbox 801 1990 899 2082; x_wconf 90' lang='lat' dir='ltr'><strong>quod</strong></span> <span class='ocrx_word' id='word_1_87' title='bbox 916 1988 1192 2062; x_wconf 90' lang='lat' dir='ltr'><strong>innumerabilis</strong></span> <span class='ocrx_word' id='word_1_88' title='bbox 1208 1987 1391 2062; x_wconf 85' lang='lat' dir='ltr'><strong>exercitus</strong></span> <span class='ocrx_word' id='word_1_89' title='bbox 1412 1987 1637 2080; x_wconf 77' lang='lat' dir='ltr'><strong>sequebatur</strong></span> <span class='ocrx_word' id='word_1_90' title='bbox 1662 1988 1759 2062; x_wconf 88' lang='lat' dir='ltr'><strong>istud</strong></span> 
     </span>
     <span class='ocr_line' id='line_1_12' title="bbox 587 2099 1760 2204; baseline 0 -23"><span class='ocrx_word' id='word_1_91' title='bbox 587 2107 794 2204; x_wconf 87' lang='lat' dir='ltr'><strong>insignium.</strong></span> <span class='ocrx_word' id='word_1_92' title='bbox 821 2109 909 2182; x_wconf 82' lang='lat' dir='ltr'><strong>Erat</strong></span> <span class='ocrx_word' id='word_1_93' title='bbox 924 2099 959 2200; x_wconf 77' lang='lat'><strong>(⁵)</strong></span> <span class='ocrx_word' id='word_1_94' title='bbox 987 2109 1085 2182; x_wconf 89' lang='lat' dir='ltr'><strong>enim</strong></span> <span class='ocrx_word' id='word_1_95' title='bbox 1111 2108 1205 2182; x_wconf 83' lang='lat' dir='ltr'><strong>torte</strong></span> <span class='ocrx_word' id='word_1_96' title='bbox 1231 2129 1305 2181; x_wconf 88' lang='lat' dir='ltr'><strong>una</strong></span> <span class='ocrx_word' id='word_1_97' title='bbox 1321 2106 1419 2202; x_wconf 89' lang='lat' dir='ltr'><strong>petia</strong></span> <span class='ocrx_word' id='word_1_98' title='bbox 1433 2107 1530 2200; x_wconf 88' lang='lat' dir='ltr'><strong>alba,</strong></span> <span class='ocrx_word' id='word_1_99' title='bbox 1554 2107 1648 2181; x_wconf 92' lang='lat' dir='ltr'><strong>sicut</strong></span> <span class='ocrx_word' id='word_1_100' title='bbox 1671 2128 1760 2204; x_wconf 88' lang='lat' dir='ltr'><strong>por·</strong></span> 
     </span>
     <span class='ocr_line' id='line_1_13' title="bbox 589 2224 1760 2321; baseline 0.001 -21"><span class='ocrx_word' id='word_1_101' title='bbox 589 2232 667 2300; x_wconf 88' lang='lat' dir='ltr'><strong>tant</strong></span> <span class='ocrx_word' id='word_1_102' title='bbox 699 2227 838 2320; x_wconf 91' lang='lat' dir='ltr'><strong>ribaldi,</strong></span> <span class='ocrx_word' id='word_1_103' title='bbox 869 2247 942 2299; x_wconf 96' lang='lat' dir='ltr'><strong>non</strong></span> <span class='ocrx_word' id='word_1_104' title='bbox 971 2227 1147 2300; x_wconf 88' lang='lat' dir='ltr'><strong>babentes</strong></span> <span class='ocrx_word' id='word_1_105' title='bbox 1171 2225 1242 2300; x_wconf 90' lang='lat' dir='ltr'><strong>alia</strong></span> <span class='ocrx_word' id='word_1_106' title='bbox 1272 2225 1425 2321; x_wconf 87' lang='lat' dir='ltr'><strong>insignia</strong></span> <span class='ocrx_word' id='word_1_107' title='bbox 1454 2224 1630 2299; x_wconf 88' lang='lat' dir='ltr'><strong>distincta.</strong></span> <span class='ocrx_word' id='word_1_108' title='bbox 1658 2225 1760 2302; x_wconf 88' lang='lat' dir='ltr'><strong>Unde</strong></span> 
     </span>
     <span class='ocr_line' id='line_1_14' title="bbox 587 2335 1761 2436; baseline 0 -19"><span class='ocrx_word' id='word_1_109' title='bbox 587 2343 696 2417; x_wconf 86' lang='lat' dir='ltr'><strong>dicit:</strong></span> <span class='ocrx_word' id='word_1_110' title='bbox 723 2367 742 2417; x_wconf 87' lang='lat' dir='ltr'><strong>e</strong></span> <span class='ocrx_word' id='word_1_111' title='bbox 765 2337 795 2418; x_wconf 80' lang='lat' dir='ltr'><strong>st</strong></span> <span class='ocrx_word' id='word_1_112' title='bbox 820 2350 926 2435; x_wconf 69' lang='lat' dir='ltr'><strong>longa</strong></span> <span class='ocrx_word' id='word_1_113' title='bbox 961 2353 1068 2418; x_wconf 85' lang='lat' dir='ltr'><strong>trotto</strong></span> <span class='ocrx_word' id='word_1_114' title='bbox 1083 2335 1120 2436; x_wconf 59' lang='grc' dir='ltr'><strong>(θ)</strong></span> <span class='ocrx_word' id='word_1_115' title='bbox 1153 2347 1191 2416; x_wconf 79' lang='lat' dir='ltr'><strong>dl</strong></span> <span class='ocrx_word' id='word_1_116' title='bbox 1221 2347 1314 2435; x_wconf 71' lang='lat' dir='ltr'><strong>gent·</strong></span> <span class='ocrx_word' id='word_1_117' title='bbox 1344 2347 1369 2416; x_wconf 84' lang='lat' dir='ltr'><strong>li</strong></span> <span class='ocrx_word' id='word_1_118' title='bbox 1399 2346 1499 2415; x_wconf 72' lang='lat' dir='ltr'><strong>vodo</strong></span> <span class='ocrx_word' id='word_1_119' title='bbox 1523 2346 1638 2435; x_wconf 62' lang='lat' dir='ltr'><strong>detra</strong></span> <span class='ocrx_word' id='word_1_120' title='bbox 1662 2346 1761 2418; x_wconf 79' lang='lat' dir='ltr'><strong>cb&#39;t&#39;o</strong></span> 
     </span>
     <span class='ocr_line' id='line_1_15' title="bbox 588 2462 1759 2558; baseline 0.003 -24"><span class='ocrx_word' id='word_1_121' title='bbox 588 2484 661 2535; x_wconf 82' lang='lat' dir='ltr'><strong>non</strong></span> <span class='ocrx_word' id='word_1_122' title='bbox 678 2468 779 2537; x_wconf 81' lang='lat' dir='ltr'><strong>acret</strong></span> <span class='ocrx_word' id='word_1_123' title='bbox 794 2469 948 2556; x_wconf 67' lang='lat' dir='ltr'><strong>medam,</strong></span> <span class='ocrx_word' id='word_1_124' title='bbox 967 2465 1058 2538; x_wconf 88' lang='lat' dir='ltr'><strong>idest</strong></span> <span class='ocrx_word' id='word_1_125' title='bbox 1075 2484 1148 2536; x_wconf 90' lang='lat' dir='ltr'><strong>non</strong></span> <span class='ocrx_word' id='word_1_126' title='bbox 1164 2462 1316 2537; x_wconf 90' lang='lat' dir='ltr'><strong>credere</strong></span> <span class='ocrx_word' id='word_1_127' title='bbox 1332 2463 1544 2558; x_wconf 87' lang='lat' dir='ltr'><strong>potuissem,</strong></span> <span class='ocrx_word' id='word_1_128' title='bbox 1560 2471 1759 2558; x_wconf 85' lang='lat' dir='ltr'><strong>antequam</strong></span> 
     </span>
     <span class='ocr_line' id='line_1_16' title="bbox 589 2582 1762 2675; baseline 0.001 -20"><span class='ocrx_word' id='word_1_129' title='bbox 589 2582 753 2656; x_wconf 83' lang='lat' dir='ltr'><strong>viderem</strong></span> <span class='ocrx_word' id='word_1_130' title='bbox 786 2585 893 2656; x_wconf 90' lang='lat' dir='ltr'><strong>istam</strong></span> <span class='ocrx_word' id='word_1_131' title='bbox 932 2584 1078 2656; x_wconf 91' lang='lat' dir='ltr'><strong>turbam</strong></span> <span class='ocrx_word' id='word_1_132' title='bbox 1117 2583 1329 2675; x_wconf 85' lang='lat' dir='ltr'><strong>maximam,</strong></span> <span class='ocrx_word' id='word_1_133' title='bbox 1361 2585 1421 2654; x_wconf 79' lang='lat' dir='ltr'><strong>cde</strong></span> <span class='ocrx_word' id='word_1_134' title='bbox 1454 2590 1564 2655; x_wconf 87' lang='lat' dir='ltr'><strong>morte</strong></span> <span class='ocrx_word' id='word_1_135' title='bbox 1591 2587 1626 2656; x_wconf 78' lang='grc' dir='ltr'><strong>η’</strong></span> <span class='ocrx_word' id='word_1_136' title='bbox 1644 2605 1762 2657; x_wconf 80' lang='lat' dir='ltr'><strong>coesse</strong></span> 
     </span>
     <span class='ocr_line' id='line_1_17' title="bbox 589 2701 1761 2795; baseline 0.002 -21"><span class='ocrx_word' id='word_1_137' title='bbox 589 2704 732 2794; x_wconf 74' lang='lat' dir='ltr'><strong>dissultu</strong></span> <span class='ocrx_word' id='word_1_138' title='bbox 763 2710 868 2774; x_wconf 82' lang='lat' dir='ltr'><strong>tanta.</strong></span> <span class='ocrx_word' id='word_1_139' title='bbox 905 2703 949 2774; x_wconf 82' lang='lat' dir='ltr'><strong>Et</strong></span> <span class='ocrx_word' id='word_1_140' title='bbox 982 2722 1114 2775; x_wconf 90' lang='lat' dir='ltr'><strong>verum</strong></span> <span class='ocrx_word' id='word_1_141' title='bbox 1147 2701 1253 2775; x_wconf 90' lang='lat' dir='ltr'><strong>dicit:</strong></span> <span class='ocrx_word' id='word_1_142' title='bbox 1285 2702 1340 2775; x_wconf 93' lang='lat' dir='ltr'><strong>isti</strong></span> <span class='ocrx_word' id='word_1_143' title='bbox 1374 2702 1472 2776; x_wconf 92' lang='lat' dir='ltr'><strong>enim</strong></span> <span class='ocrx_word' id='word_1_144' title='bbox 1506 2709 1592 2776; x_wconf 89' lang='lat' dir='ltr'><strong>sunt</strong></span> <span class='ocrx_word' id='word_1_145' title='bbox 1621 2702 1761 2795; x_wconf 92' lang='lat' dir='ltr'><strong>ribaldi,</strong></span> 
     </span>
     <span class='ocr_line' id='line_1_18' title="bbox 592 2809 1762 2916; baseline 0.002 -23"><span class='ocrx_word' id='word_1_146' title='bbox 592 2820 741 2916; x_wconf 85' lang='lat' dir='ltr'><strong>ragacii,</strong></span> <span class='ocrx_word' id='word_1_147' title='bbox 766 2821 965 2915; x_wconf 88' lang='lat' dir='ltr'><strong>pultroues,</strong></span> <span class='ocrx_word' id='word_1_148' title='bbox 991 2820 1196 2915; x_wconf 86' lang='lat' dir='ltr'><strong>pugnotarii</strong></span> <span class='ocrx_word' id='word_1_149' title='bbox 1211 2809 1261 2913; x_wconf 71' lang='lat'><strong>(⁷),</strong></span> <span class='ocrx_word' id='word_1_150' title='bbox 1277 2822 1467 2916; x_wconf 82' lang='lat' dir='ltr'><strong>gallinarii,</strong></span> <span class='ocrx_word' id='word_1_151' title='bbox 1488 2822 1651 2915; x_wconf 89' lang='lat' dir='ltr'><strong>saccarii,</strong></span> <span class='ocrx_word' id='word_1_152' title='bbox 1667 2842 1762 2915; x_wconf 87' lang='lat' dir='ltr'><strong>quo-</strong></span> 
     </span>
     <span class='ocr_line' id='line_1_19' title="bbox 591 2927 1763 3034; baseline 0.001 -22"><span class='ocrx_word' id='word_1_153' title='bbox 591 2960 676 3012; x_wconf 93' lang='lat' dir='ltr'><strong>rum</strong></span> <span class='ocrx_word' id='word_1_154' title='bbox 712 2938 791 3011; x_wconf 90' lang='lat' dir='ltr'><strong>vilis</strong></span> <span class='ocrx_word' id='word_1_155' title='bbox 822 2946 860 3014; x_wconf 88' lang='lat' dir='ltr'><strong>et</strong></span> <span class='ocrx_word' id='word_1_156' title='bbox 888 2937 1077 3012; x_wconf 90' lang='lat' dir='ltr'><strong>imbecillis</strong></span> <span class='ocrx_word' id='word_1_157' title='bbox 1095 2927 1132 3029; x_wconf 82' lang='lat'><strong>(⁸)</strong></span> <span class='ocrx_word' id='word_1_158' title='bbox 1159 2939 1353 3013; x_wconf 92' lang='lat' dir='ltr'><strong>multitudo</strong></span> <span class='ocrx_word' id='word_1_159' title='bbox 1385 2948 1440 3014; x_wconf 90' lang='lat' dir='ltr'><strong>est</strong></span> <span class='ocrx_word' id='word_1_160' title='bbox 1474 2940 1763 3034; x_wconf 88' lang='lat' dir='ltr'><strong>innumerabilis,</strong></span> 
     </span>
     <span class='ocr_line' id='line_1_20' title="bbox 592 3057 1763 3154; baseline 0.004 -24"><span class='ocrx_word' id='word_1_161' title='bbox 592 3057 755 3152; x_wconf 74' lang='lat' dir='ltr'><strong>infinita,</strong></span> <span class='ocrx_word' id='word_1_162' title='bbox 781 3078 848 3132; x_wconf 90' lang='lat' dir='ltr'><strong>nec</strong></span> <span class='ocrx_word' id='word_1_163' title='bbox 872 3078 943 3154; x_wconf 86' lang='lat' dir='ltr'><strong>ego</strong></span> <span class='ocrx_word' id='word_1_164' title='bbox 968 3078 1134 3150; x_wconf 88' lang='lat' dir='ltr'><strong>unquam</strong></span> <span class='ocrx_word' id='word_1_165' title='bbox 1159 3057 1391 3133; x_wconf 88' lang='lat' dir='ltr'><strong>credidissem</strong></span> <span class='ocrx_word' id='word_1_166' title='bbox 1422 3065 1475 3134; x_wconf 88' lang='lat' dir='ltr'><strong>tot</strong></span> <span class='ocrx_word' id='word_1_167' title='bbox 1499 3080 1580 3135; x_wconf 91' lang='lat' dir='ltr'><strong>esse</strong></span> <span class='ocrx_word' id='word_1_168' title='bbox 1606 3061 1763 3135; x_wconf 85' lang='lat' dir='ltr'><strong>ribaldus</strong></span> 
     </span>
     <span class='ocr_line' id='line_1_21' title="bbox 591 3171 1761 3274; baseline 0.002 -24"><span class='ocrx_word' id='word_1_169' title='bbox 591 3179 629 3251; x_wconf 95' lang='lat' dir='ltr'><strong>in</strong></span> <span class='ocrx_word' id='word_1_170' title='bbox 655 3176 806 3272; x_wconf 92' lang='lat' dir='ltr'><strong>mundo,</strong></span> <span class='ocrx_word' id='word_1_171' title='bbox 832 3184 923 3271; x_wconf 89' lang='lat' dir='ltr'><strong>quot</strong></span> <span class='ocrx_word' id='word_1_172' title='bbox 947 3178 1019 3251; x_wconf 89' lang='lat' dir='ltr'><strong>vidi</strong></span> <span class='ocrx_word' id='word_1_173' title='bbox 1044 3178 1160 3252; x_wconf 92' lang='lat' dir='ltr'><strong>semel</strong></span> <span class='ocrx_word' id='word_1_174' title='bbox 1184 3177 1231 3251; x_wconf 87' lang='lat' dir='ltr'><strong>ad</strong></span> <span class='ocrx_word' id='word_1_175' title='bbox 1246 3185 1442 3274; x_wconf 84' lang='lat' dir='ltr'><strong>pagnotam</strong></span> <span class='ocrx_word' id='word_1_176' title='bbox 1459 3171 1495 3271; x_wconf 80' lang='lat'><strong>(⁹)</strong></span> <span class='ocrx_word' id='word_1_177' title='bbox 1513 3180 1550 3252; x_wconf 94' lang='lat' dir='ltr'><strong>in</strong></span> <span class='ocrx_word' id='word_1_178' title='bbox 1574 3180 1761 3273; x_wconf 79' lang='lat' dir='ltr'><strong>Arinione,</strong></span> 
     </span>
     <span class='ocr_line' id='line_1_22' title="bbox 592 3295 1760 3393; baseline 0.001 -24"><span class='ocrx_word' id='word_1_179' title='bbox 592 3317 661 3371; x_wconf 88' lang='lat' dir='ltr'><strong>uec</strong></span> <span class='ocrx_word' id='word_1_180' title='bbox 686 3295 849 3370; x_wconf 88' lang='lat' dir='ltr'><strong>mirabor</strong></span> <span class='ocrx_word' id='word_1_181' title='bbox 877 3318 1042 3391; x_wconf 87' lang='lat' dir='ltr'><strong>unquam</strong></span> <span class='ocrx_word' id='word_1_182' title='bbox 1075 3297 1222 3390; x_wconf 91' lang='lat' dir='ltr'><strong>quando</strong></span> <span class='ocrx_word' id='word_1_183' title='bbox 1254 3295 1384 3371; x_wconf 86' lang='lat' dir='ltr'><strong>videbo</strong></span> <span class='ocrx_word' id='word_1_184' title='bbox 1413 3298 1552 3370; x_wconf 89' lang='lat' dir='ltr'><strong>ltaliam</strong></span> <span class='ocrx_word' id='word_1_185' title='bbox 1584 3300 1760 3393; x_wconf 86' lang='lat' dir='ltr'><strong>repletam</strong></span> 
     </span>
     <span class='ocr_line' id='line_1_23' title="bbox 592 3413 1531 3511; baseline 0.001 -24"><span class='ocrx_word' id='word_1_186' title='bbox 592 3414 678 3509; x_wconf 89' lang='lat' dir='ltr'><strong>istis,</strong></span> <span class='ocrx_word' id='word_1_187' title='bbox 705 3422 759 3489; x_wconf 89' lang='lat' dir='ltr'><strong>tot</strong></span> <span class='ocrx_word' id='word_1_188' title='bbox 783 3415 855 3488; x_wconf 82' lang='lat' dir='ltr'><strong>vidi</strong></span> <span class='ocrx_word' id='word_1_189' title='bbox 880 3435 976 3511; x_wconf 86' lang='lat' dir='ltr'><strong>saepe</strong></span> <span class='ocrx_word' id='word_1_190' title='bbox 1001 3417 1038 3488; x_wconf 94' lang='lat' dir='ltr'><strong>in</strong></span> <span class='ocrx_word' id='word_1_191' title='bbox 1064 3415 1253 3489; x_wconf 76' lang='lat' dir='ltr'><strong>Provincia</strong></span> <span class='ocrx_word' id='word_1_192' title='bbox 1279 3421 1317 3488; x_wconf 88' lang='lat' dir='ltr'><strong>et</strong></span> <span class='ocrx_word' id='word_1_193' title='bbox 1340 3413 1531 3489; x_wconf 90' lang='lat' dir='ltr'><strong>Sabaudia.</strong></span> 
     </span>
    </p>

    <p class='ocr_par' dir='ltr' id='par_1_3' title="bbox 592 3532 1763 3865">
     <span class='ocr_line' id='line_1_24' title="bbox 666 3532 1763 3628; baseline 0.002 -23"><span class='ocrx_word' id='word_1_194' title='bbox 666 3537 792 3606; x_wconf 79' lang='lat' dir='ltr'><strong>Porcio</strong></span> <span class='ocrx_word' id='word_1_195' title='bbox 816 3536 915 3607; x_wconf 82' lang='lat' dir='ltr'><strong>cb&#39;to</strong></span> <span class='ocrx_word' id='word_1_196' title='bbox 940 3535 1068 3606; x_wconf 82' lang='lat' dir='ltr'><strong>n’ebbi.</strong></span> <span class='ocrx_word' id='word_1_197' title='bbox 1096 3535 1165 3607; x_wconf 86' lang='lat' dir='ltr'><strong>Ista</strong></span> <span class='ocrx_word' id='word_1_198' title='bbox 1191 3540 1247 3606; x_wconf 90' lang='lat' dir='ltr'><strong>est</strong></span> <span class='ocrx_word' id='word_1_199' title='bbox 1271 3532 1380 3606; x_wconf 87' lang='lat' dir='ltr'><strong>tertia</strong></span> <span class='ocrx_word' id='word_1_200' title='bbox 1397 3554 1482 3627; x_wconf 84' lang='lat' dir='ltr'><strong>pars</strong></span> <span class='ocrx_word' id='word_1_201' title='bbox 1506 3534 1700 3628; x_wconf 87' lang='lat' dir='ltr'><strong>generalis,</strong></span> <span class='ocrx_word' id='word_1_202' title='bbox 1725 3534 1763 3607; x_wconf 93' lang='lat' dir='ltr'><strong>iu</strong></span> 
     </span>
     <span class='ocr_line' id='line_1_25' title="bbox 592 3651 1763 3747; baseline 0 -22"><span class='ocrx_word' id='word_1_203' title='bbox 592 3673 667 3747; x_wconf 87' lang='lat' dir='ltr'><strong>qua</strong></span> <span class='ocrx_word' id='word_1_204' title='bbox 696 3659 805 3727; x_wconf 90' lang='lat' dir='ltr'><strong>autor</strong></span> <span class='ocrx_word' id='word_1_205' title='bbox 834 3652 918 3726; x_wconf 87' lang='lat' dir='ltr'><strong>lacit</strong></span> <span class='ocrx_word' id='word_1_206' title='bbox 943 3652 1137 3747; x_wconf 80' lang='lat' dir='ltr'><strong>specialem</strong></span> <span class='ocrx_word' id='word_1_207' title='bbox 1163 3651 1387 3724; x_wconf 87' lang='lat' dir='ltr'><strong>mentionem</strong></span> <span class='ocrx_word' id='word_1_208' title='bbox 1416 3651 1462 3725; x_wconf 90' lang='lat' dir='ltr'><strong>de</strong></span> <span class='ocrx_word' id='word_1_209' title='bbox 1494 3672 1569 3725; x_wconf 92' lang='lat' dir='ltr'><strong>uno</strong></span> <span class='ocrx_word' id='word_1_210' title='bbox 1593 3652 1763 3745; x_wconf 88' lang='lat' dir='ltr'><strong>istorum,</strong></span> 
     </span>
     <span class='ocr_line' id='line_1_26' title="bbox 593 3769 1760 3865; baseline -0.003 -19"><span class='ocrx_word' id='word_1_211' title='bbox 593 3777 630 3847; x_wconf 94' lang='lat' dir='ltr'><strong>et</strong></span> <span class='ocrx_word' id='word_1_212' title='bbox 654 3771 825 3845; x_wconf 87' lang='lat' dir='ltr'><strong>describit</strong></span> <span class='ocrx_word' id='word_1_213' title='bbox 848 3770 885 3843; x_wconf 93' lang='lat' dir='ltr'><strong>in</strong></span> <span class='ocrx_word' id='word_1_214' title='bbox 915 3770 1061 3865; x_wconf 82' lang='lat' dir='ltr'><strong>speciali</strong></span> <span class='ocrx_word' id='word_1_215' title='bbox 1090 3789 1224 3865; x_wconf 87' lang='lat' dir='ltr'><strong>penam</strong></span> <span class='ocrx_word' id='word_1_216' title='bbox 1254 3770 1430 3864; x_wconf 89' lang='lat' dir='ltr'><strong>ipsorum.</strong></span> <span class='ocrx_word' id='word_1_217' title='bbox 1461 3769 1532 3844; x_wconf 89' lang='lat' dir='ltr'><strong>Sed</strong></span> <span class='ocrx_word' id='word_1_218' title='bbox 1562 3776 1760 3863; x_wconf 84' lang='lat' dir='ltr'><strong>antequam</strong></span> 
     </span>
    </p>
   </div>
   <div class='ocr_carea' id='block_1_3' title="bbox 592 3881 1764 4223">
    <p class='ocr_par' dir='ltr' id='par_1_4' title="bbox 592 3881 1764 4223">
     <span class='ocr_line' id='line_1_27' title="bbox 592 3881 1763 3983; baseline -0.002 -18"><span class='ocrx_word' id='word_1_219' title='bbox 592 3891 810 3965; x_wconf 88' lang='lat' dir='ltr'><strong>descendam</strong></span> <span class='ocrx_word' id='word_1_220' title='bbox 836 3890 882 3964; x_wconf 97' lang='lat' dir='ltr'><strong>ad</strong></span> <span class='ocrx_word' id='word_1_221' title='bbox 907 3889 1050 3964; x_wconf 86' lang='lat' dir='ltr'><strong>literam</strong></span> <span class='ocrx_word' id='word_1_222' title='bbox 1067 3881 1134 3983; x_wconf 80' lang='lat'><strong>(⁴⁰),</strong></span> <span class='ocrx_word' id='word_1_223' title='bbox 1151 3895 1206 3964; x_wconf 86' lang='lat' dir='ltr'><strong>est</strong></span> <span class='ocrx_word' id='word_1_224' title='bbox 1222 3890 1501 3983; x_wconf 83' lang='lat' dir='ltr'><strong>praenotandum</strong></span> <span class='ocrx_word' id='word_1_225' title='bbox 1525 3889 1623 3983; x_wconf 86' lang='lat' dir='ltr'><strong>quod</strong></span> <span class='ocrx_word' id='word_1_226' title='bbox 1652 3897 1763 3963; x_wconf 85' lang='lat' dir='ltr'><strong>autor</strong></span> 
     </span>
     <span class='ocr_line' id='line_1_28' title="bbox 593 4006 1764 4102; baseline -0.003 -19"><span class='ocrx_word' id='word_1_227' title='bbox 593 4009 735 4084; x_wconf 85' lang='lat' dir='ltr'><strong>dixerat</strong></span> <span class='ocrx_word' id='word_1_228' title='bbox 761 4029 834 4082; x_wconf 92' lang='lat' dir='ltr'><strong>non</strong></span> <span class='ocrx_word' id='word_1_229' title='bbox 857 4008 994 4083; x_wconf 90' lang='lat' dir='ltr'><strong>debere</strong></span> <span class='ocrx_word' id='word_1_230' title='bbox 1019 4008 1097 4082; x_wconf 90' lang='lat' dir='ltr'><strong>lieri</strong></span> <span class='ocrx_word' id='word_1_231' title='bbox 1123 4006 1342 4082; x_wconf 91' lang='lat' dir='ltr'><strong>memoriam</strong></span> <span class='ocrx_word' id='word_1_232' title='bbox 1365 4007 1411 4081; x_wconf 90' lang='lat' dir='ltr'><strong>de</strong></span> <span class='ocrx_word' id='word_1_233' title='bbox 1437 4008 1532 4102; x_wconf 74' lang='lat' dir='ltr'><strong>istm,</strong></span> <span class='ocrx_word' id='word_1_234' title='bbox 1558 4014 1695 4101; x_wconf 74' lang='lat' dir='ltr'><strong>mmen,</strong></span> <span class='ocrx_word' id='word_1_235' title='bbox 1720 4014 1764 4080; x_wconf 93' lang='lat' dir='ltr'><strong>ut</strong></span> 
     </span>
     <span class='ocr_line' id='line_1_29' title="bbox 594 4117 1760 4223; baseline -0.002 -22"><span class='ocrx_word' id='word_1_236' title='bbox 594 4127 674 4202; x_wconf 91' lang='lat' dir='ltr'><strong>eius</strong></span> <span class='ocrx_word' id='word_1_237' title='bbox 689 4135 865 4201; x_wconf 86' lang='lat' dir='ltr'><strong>tractatus</strong></span> <span class='ocrx_word' id='word_1_238' title='bbox 878 4128 923 4201; x_wconf 92' lang='lat' dir='ltr'><strong>sit</strong></span> <span class='ocrx_word' id='word_1_239' title='bbox 932 4126 1076 4220; x_wconf 89' lang='lat' dir='ltr'><strong>clarior,</strong></span> <span class='ocrx_word' id='word_1_240' title='bbox 1086 4118 1461 4223; x_wconf 78' lang='lat' dir='ltr'><strong>lecitl⁴¹)singularem</strong></span> <span class='ocrx_word' id='word_1_241' title='bbox 1470 4117 1523 4218; x_wconf 81' lang='lat'><strong>(⁴¹)</strong></span> <span class='ocrx_word' id='word_1_242' title='bbox 1537 4126 1760 4202; x_wconf 89' lang='lat' dir='ltr'><strong>mentionem</strong></span> 
     </span>
    </p>
   </div>
   <div class='ocr_carea' id='block_1_4' title="bbox 650 4358 1764 4946">
    <p class='ocr_par' dir='ltr' id='par_1_5' title="bbox 657 4358 960 4421">
     <span class='ocr_line' id='line_1_30' title="bbox 657 4358 960 4421; baseline -0.013 -13"><span class='ocrx_word' id='word_1_243' title='bbox 657 4358 683 4421; x_wconf 70' lang='grc' dir='ltr'><strong>ι’)</strong></span> <span class='ocrx_word' id='word_1_244' title='bbox 701 4363 755 4414; x_wconf 81' lang='lat' dir='ltr'><strong>tto,</strong></span> <span class='ocrx_word' id='word_1_245' title='bbox 772 4362 782 4406; x_wconf 82' lang='lat' dir='ltr'><strong>t</strong></span> <span class='ocrx_word' id='word_1_246' title='bbox 783 4369 960 4405; x_wconf 69' lang='lat' dir='ltr'><strong>rrrrrrrrr</strong></span> 
     </span>
    </p>

    <p class='ocr_par' dir='ltr' id='par_1_6' title="bbox 656 4431 1454 4497">
     <span class='ocr_line' id='line_1_31' title="bbox 656 4431 1454 4497; baseline -0.004 -14"><span class='ocrx_word' id='word_1_247' title='bbox 656 4433 684 4497; x_wconf 78' lang='lat'><strong>(¹)</strong></span> <span class='ocrx_word' id='word_1_248' title='bbox 701 4434 732 4483; x_wconf 83' lang='lat' dir='ltr'><strong>E.</strong></span> <span class='ocrx_word' id='word_1_249' title='bbox 748 4434 888 4483; x_wconf 79' lang='lat' dir='ltr'><strong>trabuntur</strong></span> <span class='ocrx_word' id='word_1_250' title='bbox 904 4432 937 4481; x_wconf 88' lang='lat' dir='ltr'><strong>ad</strong></span> <span class='ocrx_word' id='word_1_251' title='bbox 951 4445 1034 4481; x_wconf 90' lang='lat' dir='ltr'><strong>unum</strong></span> <span class='ocrx_word' id='word_1_252' title='bbox 1050 4432 1161 4495; x_wconf 77' lang='lat' dir='ltr'><strong>signum,</strong></span> <span class='ocrx_word' id='word_1_253' title='bbox 1178 4431 1248 4481; x_wconf 86' lang='lat' dir='ltr'><strong>unde</strong></span> <span class='ocrx_word' id='word_1_254' title='bbox 1263 4431 1454 4482; x_wconf 75' lang='lat' dir='ltr'><strong>discernuntur.</strong></span> 
     </span>
    </p>

    <p class='ocr_par' dir='ltr' id='par_1_7' title="bbox 656 4503 1682 4571">
     <span class='ocr_line' id='line_1_32' title="bbox 656 4503 1682 4571; baseline -0.004 -14"><span class='ocrx_word' id='word_1_255' title='bbox 656 4508 683 4571; x_wconf 60' lang='grc' dir='ltr'><strong>(ἢ</strong></span> <span class='ocrx_word' id='word_1_256' title='bbox 700 4509 725 4558; x_wconf 84' lang='lat' dir='ltr'><strong>S.</strong></span> <span class='ocrx_word' id='word_1_257' title='bbox 742 4509 878 4571; x_wconf 78' lang='lat' dir='ltr'><strong>insignum.</strong></span> <span class='ocrx_word' id='word_1_258' title='bbox 1406 4507 1432 4569; x_wconf 77' lang='lat'><strong>(⁸)</strong></span> <span class='ocrx_word' id='word_1_259' title='bbox 1448 4507 1478 4556; x_wconf 84' lang='lat' dir='ltr'><strong>E.</strong></span> <span class='ocrx_word' id='word_1_260' title='bbox 1495 4520 1548 4557; x_wconf 88' lang='lat' dir='ltr'><strong>non</strong></span> <span class='ocrx_word' id='word_1_261' title='bbox 1564 4503 1682 4554; x_wconf 80' lang='lat' dir='ltr'><strong>babebat.</strong></span> 
     </span>
    </p>

    <p class='ocr_par' dir='ltr' id='par_1_8' title="bbox 656 4581 1599 4647">
     <span class='ocr_line' id='line_1_33' title="bbox 656 4581 1599 4647; baseline -0.001 -15"><span class='ocrx_word' id='word_1_262' title='bbox 656 4585 683 4646; x_wconf 84' lang='lat'><strong>(¹)</strong></span> <span class='ocrx_word' id='word_1_263' title='bbox 699 4585 730 4633; x_wconf 86' lang='grc' dir='ltr'><strong>Ε.</strong></span> <span class='ocrx_word' id='word_1_264' title='bbox 747 4585 811 4633; x_wconf 79' lang='lat' dir='ltr'><strong>Erat</strong></span> <span class='ocrx_word' id='word_1_265' title='bbox 825 4589 912 4634; x_wconf 82' lang='lat' dir='ltr'><strong>autem</strong></span> <span class='ocrx_word' id='word_1_266' title='bbox 928 4582 1043 4635; x_wconf 67' lang='lat' dir='ltr'><strong>torturis</strong></span> <span class='ocrx_word' id='word_1_267' title='bbox 1058 4597 1110 4634; x_wconf 83' lang='lat' dir='ltr'><strong>uua</strong></span> <span class='ocrx_word' id='word_1_268' title='bbox 1127 4596 1218 4647; x_wconf 80' lang='lat' dir='ltr'><strong>penna,</strong></span> <span class='ocrx_word' id='word_1_269' title='bbox 1235 4583 1310 4634; x_wconf 82' lang='lat' dir='ltr'><strong>sicut.</strong></span> <span class='ocrx_word' id='word_1_270' title='bbox 1406 4582 1433 4646; x_wconf 78' lang='lat'><strong>(¹)</strong></span> <span class='ocrx_word' id='word_1_271' title='bbox 1450 4582 1480 4631; x_wconf 80' lang='lat' dir='ltr'><strong>tt</strong></span> <span class='ocrx_word' id='word_1_272' title='bbox 1496 4581 1599 4632; x_wconf 76' lang='lat' dir='ltr'><strong>truecto.</strong></span> 
     </span>
    </p>

    <p class='ocr_par' dir='ltr' id='par_1_9' title="bbox 658 4650 1764 4796">
     <span class='ocr_line' id='line_1_34' title="bbox 658 4650 1764 4723; baseline -0.006 -16"><span class='ocrx_word' id='word_1_273' title='bbox 658 4659 685 4721; x_wconf 70' lang='lat'><strong>(¹)</strong></span> <span class='ocrx_word' id='word_1_274' title='bbox 702 4660 733 4708; x_wconf 87' lang='lat' dir='ltr'><strong>E.</strong></span> <span class='ocrx_word' id='word_1_275' title='bbox 750 4659 875 4722; x_wconf 77' lang='lat' dir='ltr'><strong>pajotarii,</strong></span> <span class='ocrx_word' id='word_1_276' title='bbox 891 4659 944 4708; x_wconf 80' lang='lat' dir='ltr'><strong>alre</strong></span> <span class='ocrx_word' id='word_1_277' title='bbox 960 4659 1101 4723; x_wconf 74' lang='lat' dir='ltr'><strong>pagieuril</strong></span> <span class='ocrx_word' id='word_1_278' title='bbox 1410 4657 1437 4721; x_wconf 56' lang='grc' dir='ltr'><strong>β)</strong></span> <span class='ocrx_word' id='word_1_279' title='bbox 1453 4658 1484 4707; x_wconf 74' lang='lat' dir='ltr'><strong>lt.</strong></span> <span class='ocrx_word' id='word_1_280' title='bbox 1501 4655 1599 4706; x_wconf 79' lang='lat' dir='ltr'><strong>inutilla</strong></span> <span class='ocrx_word' id='word_1_281' title='bbox 1615 4650 1764 4703; x_wconf 82' lang='lat' dir='ltr'><strong>multitudo.</strong></span> 
     </span>
     <span class='ocr_line' id='line_1_35' title="bbox 661 4732 907 4796; baseline 0.004 -14"><span class='ocrx_word' id='word_1_282' title='bbox 661 4733 687 4795; x_wconf 79' lang='lat' dir='ltr'><strong>l’l</strong></span> <span class='ocrx_word' id='word_1_283' title='bbox 703 4732 730 4783; x_wconf 84' lang='lat' dir='ltr'><strong>S.</strong></span> <span class='ocrx_word' id='word_1_284' title='bbox 746 4734 772 4782; x_wconf 89' lang='lat' dir='ltr'><strong>iu</strong></span> <span class='ocrx_word' id='word_1_285' title='bbox 789 4738 907 4796; x_wconf 74' lang='lat' dir='ltr'><strong>paguou.</strong></span> 
     </span>
    </p>

    <p class='ocr_par' dir='ltr' id='par_1_10' title="bbox 650 4808 1340 4873">
     <span class='ocr_line' id='line_1_36' title="bbox 650 4808 1340 4873; baseline 0.001 -14"><span class='ocrx_word' id='word_1_286' title='bbox 650 4808 688 4869; x_wconf 77' lang='lat' dir='ltr'><strong>(¹·l</strong></span> <span class='ocrx_word' id='word_1_287' title='bbox 703 4809 730 4859; x_wconf 83' lang='lat' dir='ltr'><strong>S.</strong></span> <span class='ocrx_word' id='word_1_288' title='bbox 747 4809 856 4866; x_wconf 78' lang='lat' dir='ltr'><strong>literam,</strong></span> <span class='ocrx_word' id='word_1_289' title='bbox 873 4809 978 4858; x_wconf 80' lang='lat' dir='ltr'><strong>adverto</strong></span> <span class='ocrx_word' id='word_1_290' title='bbox 994 4810 1063 4873; x_wconf 82' lang='lat' dir='ltr'><strong>quod</strong></span> <span class='ocrx_word' id='word_1_291' title='bbox 1079 4814 1118 4859; x_wconf 77' lang='lat' dir='ltr'><strong>est</strong></span> <span class='ocrx_word' id='word_1_292' title='bbox 1135 4809 1340 4872; x_wconf 70' lang='lat' dir='ltr'><strong>pranetaudum.</strong></span> 
     </span>
    </p>

    <p class='ocr_par' dir='ltr' id='par_1_11' title="bbox 650 4879 1700 4946">
     <span class='ocr_line' id='line_1_37' title="bbox 650 4879 1700 4946; baseline -0.009 -12"><span class='ocrx_word' id='word_1_293' title='bbox 650 4882 689 4946; x_wconf 78' lang='lat'>(¹¹)</span> <span class='ocrx_word' id='word_1_294' title='bbox 704 4883 731 4934; x_wconf 82' lang='lat' dir='ltr'><strong>S.</strong></span> <span class='ocrx_word' id='word_1_295' title='bbox 742 4882 891 4934; x_wconf 74' lang='lat' dir='ltr'><strong>octe-m</strong></span> <span class='ocrx_word' id='word_1_296' title='bbox 907 4880 970 4933; x_wconf 78' lang='lat' dir='ltr'><strong>iecit</strong></span> <span class='ocrx_word' id='word_1_297' title='bbox 980 4883 1013 4932; x_wconf 85' lang='lat' dir='ltr'><strong>de</strong></span> <span class='ocrx_word' id='word_1_298' title='bbox 1023 4896 1076 4932; x_wconf 86' lang='lat' dir='ltr'><strong>uuo</strong></span> <span class='ocrx_word' id='word_1_299' title='bbox 1086 4880 1130 4933; x_wconf 87' lang='lat' dir='ltr'><strong>rill</strong></span> <span class='ocrx_word' id='word_1_300' title='bbox 1140 4883 1339 4946; x_wconf 76' lang='lat' dir='ltr'><strong>etpuailanlmo.</strong></span> <span class='ocrx_word' id='word_1_301' title='bbox 1401 4881 1440 4945; x_wconf 81' lang='lat'><strong>(¹¹)</strong></span> <span class='ocrx_word' id='word_1_302' title='bbox 1457 4886 1510 4943; x_wconf 79' lang='lat' dir='ltr'><strong>tta.</strong></span> <span class='ocrx_word' id='word_1_303' title='bbox 1527 4879 1700 4944; x_wconf 72' lang='lat' dir='ltr'><strong>tlngnlrrltor.</strong></span> 
     </span>
    </p>
   </div>
   <div class='ocr_carea' id='block_1_5' title="bbox 0 0 2100 6546">
    <p class='ocr_par' dir='ltr' id='par_1_12' title="bbox 0 0 2100 6546">
     <span class='ocr_line' id='line_1_38' title="bbox 0 0 2100 6546; baseline 0 0"><span class='ocrx_word' id='word_1_304' title='bbox 0 0 2100 6546; x_wconf 95' lang='lat' dir='ltr'><strong> </strong></span> 
     </span>
    </p>
   </div>
  </div>
 </body>
</html>
