4154 6546
807 761 843 840 Dl
868 759 1099 813 RENVENUTO.
1453 761 1539 812 HlX

366 906 411 975 m
427 904 502 988 cito,
524 907 594 975 Deo
619 904 767 976 Maximo
784 906 914 975 favente
930 906 976 975 nil
994 905 1245 998 desperandum,
1271 907 1486 990 convalesces,
1508 918 1540 976 et

367 1036 403 1096 ut
420 1027 641 1122 inpraesentia
659 1025 839 1120 quippiam,
861 1025 920 1094 tihi
938 1049 1004 1095 non
1020 1026 1236 1120 injucundum
1254 1028 1331 1110 scio,
1349 1028 1390 1097 ad
1410 1039 1440 1097 te
1460 1029 1542 1099 scri-

367 1146 455 1229 bam,
488 1147 570 1216 scias
594 1170 648 1216 me
667 1170 751 1215 cerno
779 1146 934 1237 preterito
962 1160 1130 1216 extremam
1158 1170 1287 1216 monum
1317 1148 1541 1216 emnmenturiis

369 1269 451 1346 mas,
477 1291 545 1360 que
570 1268 642 1336 elim
667 1281 749 1335 tento
773 1290 859 1358 opere
893 1269 1069 1358 efflopitusti,
1102 1269 1136 1337 in
1167 1272 1298 1337 Dantem
1326 1283 1541 1362 praeceptorem

368 1411 470 1456 aueum
495 1388 678 1480 imposuisse.
704 1388 835 1457 Mittam
860 1387 918 1456 ubi
938 1387 1039 1457 sulum
1065 1390 1159 1457 suero
1181 1400 1296 1458 nactus
1312 1389 1476 1459 nuntium.
1498 1389 1541 1459 Et

370 1532 458 1578 nune
491 1508 648 1578 nonnulla
682 1507 815 1577 hortatu
842 1508 977 1577 loannis
1002 1509 1153 1590 Boccatii,
1180 1520 1284 1600 poetae
1309 1509 1541 1602 elegantissimi

370 1651 463 1698 more
487 1629 687 1707 Graecorum,
717 1650 778 1720 pro
808 1639 940 1697 tuarum
969 1627 1166 1720 Eclogarum
1196 1630 1462 1723 interpretatione
1486 1638 1548 1699 re-⁴
1653 1723 1655 1726 y

370 1746 516 1842 posuisse
533 1747 615 1817 scias
632 1746 742 1818 velim.
760 1747 842 1829 Quae
860 1747 886 1817 si
904 1748 1096 1841 placuerint,
1115 1773 1154 1818 ea
1171 1749 1211 1818 ad
1233 1760 1265 1819 te
1291 1750 1396 1831 mitto,
1423 1749 1542 1820 rescri-

370 1869 428 1939 bas
453 1867 532 1962 quitl
557 1867 658 1962 animi
684 1867 804 1936 babeas
829 1867 927 1936 etiam
945 1877 1043 1961 atque
1060 1868 1159 1938 etiam
1184 1878 1216 1937 te
1240 1893 1310 1939 oro.
1335 1872 1415 1940 lllox
1440 1892 1541 1939 orna-

369 1988 531 2059 tissimum
564 1989 704 2059 Carmen
738 1987 927 2057 Bucolicum
962 1989 1097 2058 loannis
1130 1989 1283 2073 Bocoatii,
1319 2001 1351 2060 et
1381 1990 1538 2060 nonnulla

368 2109 434 2180 alia
456 2107 718 2203 ingeniosissima
739 2108 885 2201 ejusdem
907 2119 1011 2200 poetae
1037 2109 1186 2201 vulgaria
1206 2120 1367 2204 poemata,
1395 2111 1472 2178 etsi
1494 2131 1543 2178 are

362 2229 502 2321 junioris
530 2229 727 2320 dbcmetique
751 2229 812 2296 mei
840 2252 903 2297 aron
928 2230 1053 2320 pudebit
1081 2252 1164 2297 more
1187 2253 1253 2298 mee
1278 2230 1479 2321 interpretari,
1505 2237 1543 2299 nt

314 2379 315 2383 ¹
369 2351 473 2422 nostri
489 2349 646 2442 temporis
669 2360 734 2418 tres
759 2358 929 2442 poetarum
950 2350 1122 2443 principes,
1145 2350 1207 2418 tria
1231 2350 1410 2419 clarissima
1435 2361 1468 2419 et
1492 2351 1543 2421 la-

370 2472 446 2543 tinae
478 2492 593 2564 graecae
623 2469 744 2561 pariter
773 2481 806 2538 et
837 2469 981 2562 vulgaris
1011 2469 1132 2562 linguae
1160 2469 1296 2551 lumina,
1323 2471 1475 2549 Dantem,
1509 2479 1542 2539 te

369 2593 489 2686 ipsum,
507 2602 540 2660 et
556 2592 716 2659 loannem
742 2588 941 2671 Boccatium,
967 2589 1105 2659 clariora
1133 2590 1226 2680 (absit
1242 2591 1409 2684 jactantia)
1433 2591 1542 2662 reddi·

370 2712 452 2782 disse
465 2711 603 2805 posteris
615 2709 739 2790 videar,
758 2709 786 2777 si
803 2733 840 2778 eu
857 2733 931 2802 quae
948 2710 1071 2802 scripsi,
1090 2711 1295 2804 scribamque
1313 2711 1387 2781 viva
1404 2712 1541 2802 (victura

370 2842 479 2902 tamen
498 2832 603 2924 spero)
622 2829 664 2899 atl
681 2840 827 2924 posteros
844 2830 1061 2923 pervenerint.
1077 2857 1097 2898 n
1113 2870 1162 2883 —
1174 2830 1224 2900 Ed
1249 2832 1331 2900 altre
1351 2855 1424 2901 cose
1445 2833 1541 2913 assai,

373 2953 553 3046 soggiunge
578 2950 729 3032 Claricio,
755 2951 842 3021 lucri
867 2950 899 3020 di
924 2961 1036 3019 nostro
1060 2952 1226 3045 proposito
1250 2951 1296 3021 ivi
1321 2951 1476 3023 descrive.

444 3072 582 3152 Taluno,
608 3070 773 3163 seguendo
802 3070 823 3139 l'
838 3070 952 3140 avviso
981 3071 1014 3140 di
1039 3073 1195 3165 Apostolo
1221 3075 1308 3143 Zeno
1333 3097 1351 3143 e
1382 3074 1435 3143 tlol
1466 3074 1544 3143 Bal-

370 3192 458 3274 delli,
485 3192 528 3261 ba
553 3191 687 3262 creduto
707 3191 768 3261 che
787 3202 903 3285 questo
922 3193 1120 3262 frammeuto
1137 3193 1184 3262 sia
1208 3194 1363 3287 apocrilo.
1389 3197 1439 3263 Lo
1455 3196 1543 3264 Zeno

371 3311 405 3381 in
430 3310 535 3382 veritt
560 3335 626 3380 nou
653 3311 834 3404 pronuncia
858 3310 1016 3403 giudizi03
1042 3312 1127 3380 nelle
1145 3335 1202 3382 sue
1227 3300 1303 3382 note
1328 3314 1393 3383 alla
1418 3312 1542 3384 Biblio-

370 3442 442 3502 teca
467 3432 604 3502 ltaliana
636 3431 688 3500 del
720 3430 908 3510 Fontanini‚
943 3455 980 3502 su
1014 3432 1180 3502 l'ruticolo
1212 3457 1232 3498 n
1250 3433 1277 3501 ll
1310 3436 1462 3502 Petrarca
1491 3433 1544 3504 col

369 3554 564 3624 Commento
592 3553 626 3622 di
657 3552 811 3621 Bustiano
836 3554 957 3621 Fausto
988 3553 1030 3622 da
1054 3552 1235 3646 Longiano,
1253 3577 1274 3618 n
1303 3554 1368 3646 egli
1394 3554 1463 3623 solo
1487 3575 1543 3623 os-

370 3698 487 3745 serva:
517 3698 538 3740 <‹
555 3673 669 3742 Dietro
693 3674 725 3742 la
751 3672 818 3742 vita
843 3674 895 3742 del
921 3677 1073 3743 Petrarca
1098 3698 1116 3743 e
1142 3673 1174 3743 di
1199 3676 1245 3744 ltl.
1263 3674 1372 3744 Laum
1398 3686 1448 3745 sta
1473 3698 1541 3746 una

369 3798 485 3866 lettera
509 3793 622 3876 latina,
649 3817 712 3862 aron
735 3816 769 3862 so
792 3817 823 3861 se
846 3795 954 3886 spurio
979 3818 997 3862 o
1019 3796 1172 3884 lepittimo,
1190 3805 1276 3864 sotto
1294 3818 1390 3863 nome
1407 3794 1440 3864 di
1456 3797 1543 3867 Ben-

371 3927 494 3989 vennto
519 3914 560 3984 da
585 3915 690 3984 lmola
714 3915 746 3984 al
773 3917 924 3985 Petrarea
939 3907 989 4006 (¹).
1009 3942 1030 3983 »
1507 3972 1509 3977 .

444 4035 486 4106 Al
511 4034 648 4105 Baldelli
673 4033 729 4127 poi
753 4036 821 4104 lece
850 4063 870 4102 a
889 4048 1047 4126 sospettcre
1071 4036 1214 4130 apocrifo
1240 4038 1317 4131 quel
1346 4040 1543 4110 frammento

371 4157 404 4226 di
428 4157 555 4237 lettera,
577 4154 602 4224 il
621 4153 803 4226 chiamarvi
826 4158 1037 4249 (Benvenuto)
1060 4180 1120 4227 suo
1139 4157 1302 4253 discepolo
1318 4159 1342 4228 il
1358 4159 1541 4241 Boccaccio,

371 4276 503 4372 quando
528 4275 583 4346 nel
606 4276 801 4346 Commento
827 4276 860 4345 di
884 4279 990 4347 Dante
1015 4279 1048 4348 lo
1074 4278 1144 4348 dice
1169 4279 1313 4371 agiusta
1331 4279 1465 4373 ragione
1483 4301 1544 4349 sno

372 4406 597 4478 maestr0;—
610 4395 633 4464 il
658 4419 724 4465 non
750 4419 848 4467 avere
873 4397 907 4467 in
934 4422 1059 4469 veruna
1084 4398 1169 4469 delle
1201 4399 1320 4469 celebri
1344 4398 1545 4470 Bibliotecbe

371 4519 401 4590 d’
409 4519 541 4610 Europa
566 4516 772 4609 discuoperto
796 4519 820 4588 il
844 4518 1038 4589 Commento
1058 4517 1267 4614 all'Eglogbe
1284 4520 1336 4590 del
1356 4518 1543 4602 Boocaccio,

371 4638 404 4709 di
428 4638 482 4709 cui
506 4638 534 4708 si
559 4639 593 4707 la
618 4636 788 4708 menzione
803 4629 853 4730 (²).
868 4663 889 4704 n

376 4778 509 4786 —-.-.-.-
848 4780 924 4785 -—...
962 4780 1017 4785 .-—
1033 4780 1139 4786 —-.....
1149 4781 1193 4786 —.
1205 4782 1257 4787 .,..-
1269 4778 1541 4787 .—-—.-....-—-—--

435 4823 462 4885 (¹)
478 4823 638 4883 Fonramm,
656 4824 722 4875 Btbl.
739 4826 875 4890 delt'Etop.
893 4826 960 4882 Ital„
978 4825 1028 4875 rol.
1045 4825 1079 4885 11,
1096 4839 1153 4889 pag.
1170 4831 1211 4877 25.

437 4900 463 4963 (¹)
487 4901 543 4951 l'r'tc
558 4902 586 4950 αι·
606 4900 661 4951 Gto.
677 4903 817 4953 Borcuocto.
834 4904 952 4963 Pirenze,
971 4907 1040 4964 tatto,
1058 4917 1115 4967 pag.
1131 4908 1186 4954 2³6.
