4154 6546
866 770 1004 826 cruxus
1029 770 1195 838 colurus.
1548 765 1617 829 2025

446 917 671 995 mentionem
689 916 736 991 de
752 915 938 1010 aliquibus
956 915 1140 990 modernis
1160 914 1367 989 luxuriosis.
1393 916 1495 991 Unde
1510 918 1618 993 dicit:

446 1040 601 1132 e'poion
624 1029 655 1110 sl
679 1057 773 1109 emer
797 1039 941 1127 numer·
956 1039 995 1109 ol
1010 1042 1122 1125 una,
1139 1034 1275 1108 scilicet
1293 1035 1339 1109 ad
1360 1047 1512 1114 ventum
1540 1038 1620 1112 libi-

445 1159 549 1253 dinis,
575 1156 680 1252 quasi
705 1155 811 1248 dicat,
839 1155 1008 1232 videntur
1033 1174 1113 1229 esse
1134 1154 1183 1228 ita
1200 1156 1370 1229 amorosi.
1391 1156 1504 1230 Amor
1521 1158 1618 1232 enirn

445 1278 652 1355 lenssimus
677 1287 742 1370 est,
770 1276 890 1350 unde:
919 1278 1040 1349 Nudus
1064 1282 1097 1348 et
1112 1279 1240 1366 cutm,
1257 1296 1354 1349 cecus
1366 1297 1459 1367 puer
1482 1286 1515 1350 et
1527 1280 1619 1370 pliu-

446 1406 621 1474 rmtm:
634 1401 715 1472 Isto
731 1401 878 1489 quinum
895 1398 1008 1469 orodis
1023 1397 1159 1468 tuntas
1174 1398 1334 1486 npoutm
1355 1388 1391 1486 (¹)
1409 1400 1553 1470 auroris.
1567 1438 1618 1452 -

446 1524 494 1601 Et
513 1521 579 1592 elli.
605 1517 671 1592 llic
694 1516 795 1612 ponit
820 1515 1093 1610 responsionem
1125 1513 1272 1609 Virgilii,
1305 1515 1368 1609 qui
1398 1515 1504 1590 docet
1529 1536 1617 1590 eum

447 1637 598 1721 modum
626 1635 824 1730 querendi.
851 1635 953 1709 Unde
977 1634 1085 1708 dicit:
1111 1642 1145 1733 ct
1167 1636 1224 1706 elli
1247 1656 1271 1705 α
1296 1655 1362 1725 me,
1385 1635 1520 1711 scilicet
1537 1636 1619 1708 Vir-

446 1757 555 1854 gilius
570 1755 677 1831 dixit:
696 1756 820 1829 ucdroi
836 1757 978 1846 puortdo
993 1774 1149 1827 seraone
1161 1749 1225 1846 piri
1236 1775 1362 1847 presso
1382 1777 1407 1828 o
1423 1758 1496 1846 noi,
1513 1765 1620 1829 erant

447 1874 548 1951 enim
573 1874 692 1949 adhuc
716 1895 739 1950 a
765 1875 885 1971 longe,
911 1874 961 1948 ita
992 1872 1090 1967 quod
1122 1872 1277 1947 comode
1309 1894 1382 1948 non
1412 1880 1556 1968 poterat
1581 1866 1619 1965 (²)
1714 1858 1741 1919 ἢ

446 1993 583 2088 adoqui
600 1994 696 2088 illos3
714 2002 785 2069 etri
800 1997 895 2068 ullor
911 1975 1065 2086 liprepo
1074 2014 1143 2086 per
1159 1996 1271 2085 quello
1289 2014 1393 2068 umor
1408 1996 1459 2066 ctr'
1469 1997 1492 2067 i'
1504 2013 1619 2082 amru,

445 2117 568 2207 epum
591 2134 781 2188 monne.
812 2116 884 2190 Per
918 2114 989 2221 hoc
1020 2114 1136 2210 tangit
1168 2122 1278 2189 autor
1312 2113 1411 2208 quod
1440 2114 1620 2190 debemus

447 2234 620 2329 adiurare
645 2254 841 2330 personam
866 2254 934 2330 per
964 2252 1045 2308 rem
1072 2232 1188 2329 magis
1212 2232 1381 2308 dilectam
1416 2234 1494 2327 sihi,
1527 2233 1621 2309 sicut

447 2375 534 2452 sepe
552 2355 718 2450 dicimus,
735 2376 805 2452 pro
820 2375 951 2431 amore
969 2374 1082 2449 quem
1100 2353 1214 2427 trabes
1229 2353 1275 2427 ad
1294 2354 1403 2430 talem
1420 2355 1618 2431 dominam.

447 2476 493 2550 Et
515 2475 690 2550 contiuuo
714 2481 825 2550 antor
849 2474 1047 2569 exequitur
1075 2472 1266 2547 consilium
1298 2472 1446 2569 Virgilii,
1473 2475 1619 2548 dicens:

446 2597 542 2670 movi
573 2599 612 2669 to
643 2615 738 2686 voce,
772 2592 875 2690 idest,
906 2614 977 2692 ego
1011 2593 1145 2669 Dantes
1170 2594 1270 2667 movi
1296 2612 1438 2687 vocem,
1463 2601 1502 2669 et
1526 2595 1619 2688 coepi

446 2715 547 2809 loqui
572 2721 610 2790 et
634 2714 780 2789 dicere:
807 2735 829 2787 o
853 2717 970 2787 omme
993 2719 1186 2806 associante,
1212 2713 1303 2788 idest
1319 2713 1459 2789 allectae
1473 2703 1510 2805 (³)
1525 2734 1621 2808 pas-

447 2834 551 2909 sione
574 2834 677 2908 tortis
701 2833 848 2927 amoris,
874 2836 983 2908 comte
1001 2837 1135 2926 purior
1159 2856 1184 2907 o
1208 2838 1269 2907 noi
1292 2836 1321 2906 s'
1333 2837 1418 2907 altri
1433 2836 1496 2907 ool
1517 2854 1619 2925 tropo.

448 2953 526 3026 lloc
548 2952 635 3026 dicit
658 2952 746 3046 quia
771 2951 958 3027 dubitabat
983 2952 1077 3026 torte
1103 2953 1200 3046 quod
1227 2973 1299 3026 non
1326 2959 1472 3047 possent
1498 2972 1622 3026 remo-

449 3071 524 3146 rari
548 3070 595 3145 ad
619 3070 843 3166 mouendum
870 3092 1008 3164 secum,
1036 3071 1121 3165 quia
1148 3071 1195 3144 ita
1222 3071 1396 3146 velociter
1424 3070 1621 3165 portaban-

449 3198 512 3264 tur
535 3211 558 3266 a
583 3197 704 3266 vento.
735 3188 821 3266 ideo
853 3190 961 3265 dicit:
993 3183 1023 3263 si
1055 3197 1142 3263 tosto
1175 3210 1271 3263 conte
1291 3194 1317 3263 ’l
1339 3198 1439 3263 oerrlo
1464 3210 1488 3261 u
1512 3191 1573 3261 noi
1597 3192 1622 3261 lt

445 3314 564 3404 propo,
581 3309 682 3407 idest,
696 3311 851 3406 plicavit.
869 3311 939 3386 Sed
958 3331 1005 3387 ne
1020 3310 1218 3406 procedam
1236 3312 1394 3385 obscure
1412 3311 1448 3383 in
1462 3293 1637 3383 tractatu*

447 3432 602 3506 istorum
628 3430 788 3507 duorum
815 3432 1022 3527 spirituum,
1049 3440 1104 3506 est
1120 3432 1308 3507 sciendum
1328 3430 1426 3525 quod
1452 3430 1489 3503 in
1510 3428 1621 3503 nobili

446 3551 633 3646 provincia
648 3551 910 3645 Romandiolae,
928 3551 1129 3626 incivitate
1149 3551 1312 3646 Arimini,
1331 3551 1512 3625 Jolranne's
1529 3549 1621 3623 San-

445 3677 561 3766 calus,
591 3671 643 3746 sic
672 3670 928 3746 denominatus
958 3671 1044 3764 quia
1076 3679 1156 3745 erat
1189 3692 1301 3745 crure
1329 3671 1493 3762 claudus,
1526 3668 1620 3742 lilius

445 3792 588 3868 1)οωίΠί
613 3790 808 3867 Malatestae
833 3791 995 3885 senioris,
1022 3793 1085 3885 qui
1111 3792 1252 3886 primus
1280 3790 1471 3886 acquirisit
1502 3789 1620 3862 domi·

447 3911 550 3987 nium
576 3910 740 4005 Arimini,
767 3911 824 3985 vir
848 3930 1004 4006 corpore
1033 3910 1218 4005 delormis,
1250 3913 1313 3987 sed
1344 3913 1470 3988 animo
1498 3910 1620 3987 audax

449 4038 487 4106 et
509 4032 627 4125 terox,
652 4031 792 4126 accepit
815 4031 852 4104 in
887 4051 1042 4106 uxorem
1073 4032 1304 4107 Franciscam
1337 4033 1447 4108 liliam
1478 4033 1621 4108 Domini

449 4149 622 4226 (luidonis
645 4152 786 4226 Veteris
809 4151 857 4226 de
875 4152 1039 4247 Polenta,
1056 4153 1201 4227 Domini
1221 4155 1418 4248 Ravennae,
1434 4154 1620 4228 dominam

450 4288 605 4366 corpore
621 4272 787 4367 pulcram
804 4278 842 4346 et
859 4290 1005 4368 ragam.
1019 4272 1059 4344 ln
1077 4272 1183 4347 istam
1201 4273 1338 4348 exarsit
1355 4274 1492 4346 Paulus
1508 4272 1622 4346 irater

450 4388 535 4465 dicti
559 4390 741 4485 iohannis,
766 4392 879 4465 homo
905 4411 1060 4487 corpore
1084 4392 1213 4486 pulcer
1237 4399 1274 4466 et
1303 4392 1448 4487 politus,
1479 4388 1622 4464 deditus

450 4511 566 4608 magis
590 4511 672 4587 ocio
697 4532 811 4605 quam
828 4512 955 4587 labori.
975 4513 1068 4587 Cum
1087 4532 1178 4608 ergo
1195 4512 1278 4586 dicti
1297 4513 1435 4586 Paulus
1454 4517 1493 4585 et
1508 4509 1622 4586 Fran-

450 4630 545 4705 cieca
576 4638 886 4707 conversarentur
919 4633 1028 4705 simul
1066 4631 1143 4706 siue
1178 4632 1391 4726 suspicione,
1430 4639 1620 4726 amquam

1011 4804 1328 4813 ..mm-..-

513 4884 542 4946 (¹)
558 4890 611 4947 llo,
628 4892 797 4938 mortali-rtur.
921 4887 948 4950 ¹¹)
965 4888 995 4938 Ε,
1013 4904 1063 4941 non
1080 4895 1207 4954 poterant.
1334 4887 1362 4950 (⁸)
1378 4892 1432 4947 lta,
1450 4887 1559 4937 allllctro.
