4154 6546
446 815 516 881 ‘26⁰
842 823 1046 879 OOMENTUM
1070 824 1220 878 tumul

446 978 482 1045 et
506 970 689 1068 gubernat
713 969 780 1042 ista
806 969 1032 1063 temporalia,
1058 969 1107 1043 ita
1129 970 1227 1064 quod
1244 966 1337 1042 sicut
1354 974 1515 1041 motores
1530 984 1612 1041 mo-

446 1098 533 1165 vent
557 1097 594 1166 et
619 1090 771 1165 volvunt
795 1089 920 1185 eoeios,
945 1089 995 1163 ita
1020 1088 1209 1164 influentia
1233 1087 1412 1162 coetorum
1434 1092 1559 1160 moret
1575 1090 1613 1160 et

449 1216 567 1283 mutat
591 1207 715 1281 omnia
740 1207 922 1282 interiora.
948 1207 1033 1282 ideo
1057 1208 1153 1282 hene
1175 1207 1283 1281 dicit:
1305 1208 1537 1298 simitemeute,
1555 1203 1614 1277 itte

445 1331 544 1403 Deus
568 1348 655 1402 cum
681 1347 828 1402 summa
852 1327 1027 1422 sapientia
1052 1347 1132 1422 sua,
1149 1318 1278 1401 ordino
1293 1329 1441 1418 amat
1455 1326 1616 1398 adnutu

447 1450 586 1539 educe,
611 1454 648 1522 et
673 1447 740 1522 ista
765 1454 820 1523 est
844 1448 1025 1544 generalis
1050 1448 1236 1522 influentia
1262 1447 1358 1540 ooeii,
1383 1446 1469 1540 quia
1486 1464 1615 1519 omnes

447 1568 530 1641 eoeli
554 1573 755 1664 operantur
778 1567 875 1642 circa
900 1568 968 1641 ista
985 1567 1133 1641 fortuita
1150 1567 1280 1661 dando,
1298 1565 1510 1659 auterendo,
1528 1585 1615 1639 mu·

448 1688 565 1763 tando.
591 1687 693 1762 Unde
717 1687 914 1762 Martianus
938 1686 1031 1761 libro
1056 1686 1102 1762 de
1127 1686 1267 1781 Nuptiis
1291 1686 1380 1761 dicit
1410 1686 1508 1780 quod
1539 1685 1615 1759 ior·

449 1814 549 1880 tunm
574 1806 791 1900 perveniunt
807 1805 855 1878 ab
872 1805 1042 1879 omnibus
1062 1805 1225 1900 planetis,
1243 1808 1317 1897 opti
1331 1808 1497 1898 splendor
1512 1824 1616 1878 ouer·

449 1929 547 2015 doru,
571 1925 662 1999 idest
685 1923 949 2018 temporalibus
965 1923 1069 1998 bonis
1085 1943 1169 2017 quae
1186 1930 1272 1997 sunt
1288 1925 1457 2016 quedam
1474 1942 1614 2021 organa

449 2045 496 2118 ad
517 2044 737 2138 felicitatem,
764 2049 806 2117 ut
830 2042 915 2117 dicit
938 2043 1173 2139 philosophus
1200 2043 1238 2115 in
1252 2035 1289 2136 (¹)
1317 2063 1386 2117 suo
1416 2044 1536 2119 libello
1568 2045 1615 2119 de

450 2167 546 2240 bona
574 2165 734 2258 fortuna,
764 2171 802 2239 et
833 2163 941 2237 dicit:
970 2165 1031 2236 oto
1054 2170 1272 2256 pennotusse
1300 2185 1325 2236 o
1353 2170 1465 2257 umpo
1495 2167 1521 2237 a·
1551 2165 1614 2236 teo

455 2290 549 2379 auru,
575 2286 666 2361 idest
689 2286 757 2360 ista
782 2285 968 2359 mundana
994 2303 1078 2378 quae
1103 2303 1176 2357 non
1201 2289 1286 2357 sunt
1310 2303 1399 2358 vera
1423 2284 1532 2377 bona,
1551 2282 1615 2387 sed

452 2407 587 2480 habent
611 2406 808 2501 imaginem
835 2403 931 2495 boni,
958 2403 1045 2497 quia
1070 2402 1205 2477 scilieet
1234 2422 1332 2476 nuno
1362 2402 1538 2477 recedunt
1568 2402 1616 2477 ab

451 2525 523 2617 itio,
542 2545 640 2598 nunc
658 2524 837 2598 accedunt
853 2523 901 2598 ad
917 2523 1031 2596 ittum.
1050 2520 1152 2596 Unde
1171 2522 1307 2596 coelum
1326 2522 1409 2596 iacit
1425 2542 1532 2597 more
1550 2524 1618 2597 ta·

454 2643 584 2715 hatarii
597 2634 634 2733 (²)
661 2643 724 2735 qui
748 2642 869 2716 aufert
893 2641 977 2714 hinc
1002 2648 1039 2714 et
1064 2640 1205 2715 ooniert
1229 2640 1324 2715 ilinc.
1350 2641 1447 2737 Ergo
1472 2661 1546 2715 non
1569 2642 1617 2716 ab

454 2781 526 2834 una
551 2781 658 2855 spera
683 2760 746 2834 sed
770 2761 818 2833 ab
843 2759 1015 2833 omnibus
1040 2759 1186 2833 fortuna
1211 2761 1355 2835 causari
1379 2761 1539 2856 videtum
1560 2780 1618 2837 se-

451 2878 613 2953 cundum
627 2869 666 2971 (³)
683 2879 781 2953 enim
798 2879 962 2953 diversos
973 2885 1142 2974 aspectus
1153 2886 1191 2955 et
1202 2880 1475 2957 coniunctiones
1489 2871 1526 2975 (⁸)
1542 2882 1620 2977 pla·

454 3006 624 3074 netarum
648 2999 803 3074 diversae
828 3005 913 3072 sunt
938 2998 1095 3073 tortunae
1120 3001 1370 3094 nascentium3
1397 3005 1436 3075 di
1457 3011 1556 3094 pente
1581 3005 1618 3075 in

452 3126 551 3210 pente
575 3141 594 3192 e
617 3122 652 3192 o”
664 3139 735 3192 urio
758 3121 797 3191 io
821 3121 914 3191 ottro
937 3139 1081 3209 sonpue.
1100 3120 1197 3216 hege
1214 3120 1413 3215 histmioos,
1430 3122 1513 3217 lege
1532 3142 1619 3218 poe·

454 3248 509 3314 tas
533 3245 570 3314 et
595 3238 733 3314 videbis
757 3238 941 3313 iortunam
968 3259 1116 3334 semper
1142 3239 1322 3314 variatam
1348 3241 1445 3335 apud
1470 3261 1617 3318 omnes:

453 3361 540 3454 imo,
561 3358 647 3453 quid
667 3364 811 3453 oportet
824 3349 862 3450 (⁶)
880 3357 1004 3454 legere
1021 3359 1152 3454 scripta
1170 3359 1320 3453 antiqua
1337 3380 1424 3435 eum
1445 3363 1618 3437 continuo

454 3480 575 3555 videas
600 3479 785 3553 mirabiles
810 3478 908 3553 vices
936 3483 974 3553 et
1004 3478 1225 3552 mutationes
1240 3469 1277 3570 (⁶)
1308 3478 1540 3554 fortunarum
1573 3482 1620 3556 de

454 3599 587 3692 quibus
600 3599 622 3643 *
647 3604 793 3694 possent
809 3596 888 3671 fleri
906 3616 1040 3692 magna
1061 3596 1248 3672 volumina
1265 3597 1295 3670 si
1311 3598 1535 3673 haberemus
1550 3601 1617 3675 ati-

456 3739 528 3813 qua
553 3717 709 3815 ingenia,
735 3722 772 3791 et
797 3715 903 3790 dicit:
930 3719 1024 3796 oltra
1039 3717 1077 3789 to
1091 3718 1276 3808 differuioo
1291 3719 1330 3790 di
1347 3721 1448 3791 scorti
1462 3721 1616 3811 mnae,

456 3839 548 3912 sieut
574 3836 740 3910 videmus
763 3835 811 3909 de
836 3834 931 3909 iacto
956 3834 1055 3927 quod
1075 3835 1222 3911 consilia
1239 3836 1429 3910 hominum
1448 3857 1520 3912 non
1537 3859 1620 3934 pos-

455 3963 540 4031 sunt
557 3953 733 4050 impedire
745 3954 985 4036 mutationem
999 3954 1235 4030 fortuitorum
1251 3956 1444 4050 dequibus
1457 3947 1526 4050 *(⁷i
1545 3978 1618 4033 non

456 4076 724 4149 habeturcerta
737 4072 900 4166 scientim
914 4072 1013 4165 quod
1028 4073 1269 4171 deelaratper
1282 4075 1466 4171 etiectum,
1480 4076 1619 4152 dicens:

451 4196 654 4287 perct'uno
682 4199 782 4284 pente
812 4195 948 4285 teporo
971 4196 1038 4266 et
1050 4197 1146 4266 altro
1171 4197 1306 4286 tenpus.
1337 4196 1403 4270 Ubi
1436 4174 1531 4270 sunt
1550 4180 1646 4271 ἰιιί-Ἷ

457 4315 557 4410 peria
570 4303 608 4405 (⁸)
633 4312 773 4406 muudi,
796 4311 1042 4408 Assyriorum,
1068 4312 1268 4408 Medorum,
1286 4315 1495 4410 Persarum,
1520 4316 1622 4391 Gre-

517 4545 546 4676 i'i
561 4541 592 4667 lsi.
605 4540 759 4669 mm
773 4618 837 4684 quta
850 4618 936 4671 nutert
951 4618 1012 4670 hine
1027 4623 1054 4669 et
1070 4617 1171 4670 conteri
1186 4619 1267 4671 titine.

517 4692 543 4753 ι’)
559 4693 584 4743 S.
601 4695 743 4744 secondum
759 4694 880 4747 ‹tiverws
1069 4695 1096 4756 θ)
1113 4701 1167 4757 tto,
1184 4697 1405 4750 eommutatioueu.

518 4768 543 4827 t⁵i
561 4769 591 4817 B·
607 4769 670 4832 uuiti
685 4783 751 4834 opus
766 4771 864 4835 tegere.
1070 4772 1097 4834 (⁸)
1113 4773 1138 4823 s.
1153 4774 1320 4825 conditiones

517 4842 544 4902 θ)
561 4844 653 4894 umen
669 4846 712 4896 nei
729 4846 821 4896 Codioe
838 4847 946 4900 liutem
962 4856 1059 4914 quanto
1075 4853 1091 4901 t
1106 4850 1243 4902 neonium
1258 4848 1299 4901 tn
1314 4851 1324 4902 Ι
1338 4849 1390 4901 atne
1405 4847 1547 4901 ισιοτΙκΙιΙ.

517 4918 547 4983 t')
561 4919 588 4971 S·
604 4921 712 4985 imum·
729 4921 906 4986 Assyriorum.
1254 4930 1258 4935 ·
1434 4916 1438 4923 ’
1496 4949 1503 4966 .
