3990 6540
664 783 805 839 esurus
830 783 1006 850 ouanrus.
1354 772 1420 841 173

253 929 404 1027 sapienti
421 928 528 1001 nimis
545 947 723 1022 arrogans
748 948 882 1002 vocare
896 922 933 1018 (¹)
960 948 999 1001 se
1017 928 1227 1022 sapientem.
1255 930 1353 1027 Ergo
1377 931 1424 1005 ad

252 1050 490 1147 propositum,
517 1047 547 1120 si
571 1046 783 1142 Pithagoras
796 1038 833 1139 (²)
860 1047 926 1120 luit
942 1047 1109 1143 princeps
1125 1050 1423 1145 pbilosophorum

250 1169 468 1260 italicorum,
490 1172 526 1240 et
552 1166 681 1239 Thales
698 1186 908 1261 grecorum,
929 1173 1029 1240 recte
1046 1167 1260 1264 pithagoras
1278 1171 1426 1265 ponitur

245 1293 353 1386 juxta
384 1287 591 1378 Thaletem3
623 1292 661 1359 et
691 1286 784 1359 lorte
813 1292 922 1360 autor
954 1287 1095 1382 scripsit
1124 1291 1332 1382 Pithapora,
1362 1293 1424 1366 sed

251 1409 356 1483 litera
382 1412 556 1499 corrupta
581 1411 660 1497 est;
686 1404 784 1497 quod
811 1412 934 1478 tamen
953 1426 1025 1479 nou
1042 1406 1163 1480 audeo
1183 1407 1317 1502 dicere,
1338 1410 1424 1502 quia

251 1527 302 1602 sic
327 1525 472 1600 invenio
494 1513 530 1615 (³)
559 1524 594 1597 iu
624 1524 795 1597 omnibus
820 1524 989 1599 textibus.
1016 1525 1098 1598 Fuit
1130 1533 1254 1600 tamen
1278 1527 1424 1602 Anaxa-

252 1667 363 1744 goras
377 1665 534 1740 magnus
547 1644 791 1739 philosophus,
804 1645 910 1719 cuius
927 1644 1114 1739 opiniones
1132 1667 1217 1741 sepe
1234 1647 1423 1745 impugnat

254 1764 503 1859 Philosophus.
530 1763 621 1836 Dicit
646 1783 759 1860 ergo:
786 1769 1019 1854 Anossopora
1044 1787 1062 1836 e
1093 1769 1182 1838 Tale.
1207 1767 1270 1842 Hic
1295 1769 1423 1842 Thales

253 1885 321 1959 luit
345 1885 391 1958 de
417 1883 535 1956 Mileto
561 1882 716 1975 civitate,
735 1881 833 1955 unde
850 1890 1001 1957 vocatus
1027 1890 1081 1957 est
1098 1885 1264 1979 llilesius,
1285 1887 1332 1962 de
1349 1910 1423 1981 quo

255 2003 365 2079 refert
382 2002 619 2095 Philosophus
636 2001 730 2074 libro
752 2001 984 2075 Politicorum
1011 2004 1167 2095 qualiter
1184 2026 1250 2099 per
1269 2008 1424 2082 astrolo-

252 2123 362 2220 giam,
396 2122 502 2195 cuius
532 2127 612 2195 erat
644 2121 893 2216 peritissimus,
930 2122 1064 2196 ditatus
1094 2128 1207 2198 semel
1241 2147 1288 2200 ex
1322 2127 1424 2201 olivis

251 2242 408 2318 ostendit
434 2262 545 2334 quam
574 2241 677 2314 lacile
702 2240 747 2315 sit
763 2242 974 2335 philosopho
991 2243 1107 2317 ditari
1127 2249 1340 2336 Empedocle.
1360 2248 1423 2321 Hic

249 2369 358 2437 autor
385 2361 546 2435 breviter
562 2359 696 2454 colligit
713 2365 786 2432 tres
804 2359 892 2433 alios
910 2361 1149 2457 philosophos,
1167 2371 1204 2437 et
1222 2366 1341 2460 primo
1358 2388 1425 2441 no-

251 2482 366 2571 minat
383 2481 652 2575 Empedoclem.
671 2479 741 2552 lste
759 2479 825 2552 luit
842 2479 996 2574 Siculus,
1013 2483 1119 2556 cuius
1136 2485 1321 2578 opiniones
1339 2507 1424 2582 sepe

249 2602 493 2696 Philosophus
511 2601 712 2695 impugnat,
726 2600 773 2673 de
785 2601 891 2673 cuius
903 2600 1089 2696 principali
1102 2604 1271 2698 opinione
1282 2606 1424 2681 dicetur

252 2720 348 2794 inira
374 2720 532 2815 capitulo
558 2719 631 2791 Xll.
657 2719 739 2792 Fuit
764 2720 874 2794 etiam
899 2728 1018 2814 poeta,
1045 2728 1086 2794 ut
1111 2722 1233 2797 scribit
1254 2724 1424 2800 Horatius

254 2840 291 2911 in
319 2839 391 2914 fine
416 2859 493 2912 suae
518 2839 678 2933 poetriae,
696 2840 760 2932 qui
777 2842 904 2914 volens
920 2841 1106 2933 inquirere
1123 2863 1253 2917 causas
1270 2844 1424 2920 incendii

256 2959 389 3033 montis
413 2959 514 3031 Etme
539 2957 708 3051 ardentis,
734 2958 862 3032 cecidit
887 2958 923 3030 in
954 2959 1076 3054 ignem
1108 2969 1145 3034 et
1174 2969 1344 3037 mortuus
1369 2970 1423 3038 est

256 3077 330 3170 ibi;
358 3077 454 3150 uude
478 3076 654 3157 Horatius,
674 3076 827 3149 irridens
853 3096 939 3149 eum
963 3076 1047 3151 dicit
1065 3079 1163 3170 quod
1181 3081 1257 3174 ipse
1273 3081 1423 3177 lrigidus

256 3196 399 3272 saltarit
413 3195 448 3270 in
465 3195 656 3269 ardentem
673 3195 814 3267 Etuam.
829 3195 1004 3269 Eamdem
1023 3203 1181 3270 mortem
1200 3199 1282 3273 lecit
1298 3209 1423 3294 postea

257 3318 393 3392 Plinius
417 3316 635 3391 Veronensis
665 3315 770 3388 simili
789 3305 827 3407 (⁴)
852 3315 898 3389 de
928 3337 1051 3390 causa.
1083 3322 1271 3393 Hmaclito.
1302 3322 1373 3395 lste
1386 3313 1423 3412 (⁵)

256 3438 459 3534 appellatur
484 3436 710 3529 tenebrosus,
737 3436 822 3530 quia
849 3435 989 3530 scripsit
1014 3437 1172 3510 multum
1198 3438 1355 3514 obscure
1369 3429 1437 3533 (⁶)3·

255 3558 352 3632 unde
378 3558 617 3650 Philosophus
633 3557 676 3628 ΙΙΙ
698 3556 978 3631 Rethoricorum
994 3546 1033 3649 (⁷)
1057 3557 1142 3632 dicit
1167 3559 1266 3652 quod
1292 3567 1346 3634 est
1371 3562 1425 3635 la·

254 3680 443 3755 boriosum
470 3684 647 3772 punctare
671 3677 765 3750 dicta
779 3665 816 3768 (⁸)
843 3677 1025 3771 Heracliti,
1051 3678 1137 3771 quia
1163 3700 1235 3753 uon
1261 3686 1316 3754 est
1346 3701 1425 3755 rna-

255 3798 424 3874 niiestum
452 3798 480 3871 si
508 3796 728 3871 vocabulum
754 3796 861 3870 debet
887 3797 981 3870 trahi
1005 3798 1051 3871 ad
1070 3797 1104 3871 id
1121 3798 1219 3890 quod
1236 3806 1291 3873 est
1311 3800 1423 3894 prius,

255 3941 314 4015 au,
335 3919 380 3992 ad
406 3918 440 3991 id
467 3917 565 4010 quod
596 3923 651 3990 est
680 3917 872 4011 posterius,
898 3917 992 3991 sicut
1029 3918 1064 3991 in
1103 3919 1277 4014 principio
1314 3921 1424 3993 unius

254 4039 312 4113 sui
329 4037 425 4113 libri
451 4037 557 4111 dicit:
585 4038 762 4110 senone
785 4038 976 4128 importuni
999 4058 1134 4130 semper
1162 4040 1423 4132 imperspicoces

256 4160 409 4231 morines
430 4159 622 4249 finnt—E
645 4160 789 4228 maone.
821 4155 891 4231 lste
916 4157 1024 4251 Zeno,
1050 4156 1142 4231 sicut
1167 4157 1290 4232 scribit
1318 4158 1424 4234 Vale-

255 4280 332 4352 rius
357 4278 449 4352 libro
475 4279 530 4371 ΙΙΙ,
563 4276 721 4370 capitulo
750 4276 806 4369 ΙΙΙ,
836 4275 893 4349 vir
925 4298 1069 4374 magnae
1098 4277 1258 4352 scientiae
1286 4285 1324 4352 et
1348 4280 1425 4354 elo-

317 4514 343 4573 l')
359 4512 385 4563 S.
402 4512 497 4563 dcere.

315 4588 344 4650 (¹)
363 4593 416 4647 lle,
433 4591 454 4640 sl
470 4591 621 4653 strangam
637 4591 743 4654 ponitur
754 4590 828 4654 Juxta
843 4590 987 4641 Thalem.

315 4666 342 4726 ι’)
359 4670 405 4717 lla
419 4679 436 4717 a
451 4666 477 4716 S.
493 4667 596 4717 invento
611 4668 685 4731 qual
701 4667 727 4717 ln
743 4667 872 4718 omnibus.

316 4743 343 4802 (⁸)
360 4746 414 4802 lla,
430 4743 520 4793 endem
537 4743 570 4792 de
585 4757 672 4794 canu.
923 4745 950 4807 ξ’)
966 4746 992 4796 S.
1010 4745 1069 4796 llic.

314 4818 341 4879 (⁸)
357 4819 382 4869 S.
399 4820 459 4883 qula
476 4819 588 4870 multum
605 4821 716 4873 obscm
733 4821 837 4875 locutu·
852 4827 900 4884 eal,
917 4824 995 4874 unde.

315 4895 341 4955 (³)
358 4895 387 4945 Β.
405 4895 571 4948 lilhicorum.
923 4899 949 4962 (¹)
967 4903 1020 4962 lle,
1036 4899 1132 4965 scripu
1147 4898 1283 4961 Mlld.
