4154 6546
596 767 642 835 98
991 780 1194 835 counnruu
1220 781 1373 835 rnrnnnr

594 944 685 1019 ergo
709 923 756 998 ad
780 923 925 998 literam
949 923 1033 997 dicit
1058 923 1206 998 Beatrix
1239 923 1411 1020 Virgilio:
1437 926 1558 997 domna
1582 919 1620 998 de
1646 928 1767 1019 pontit,

594 1044 685 1119 idest
710 1044 838 1119 nobilis
863 1064 929 1139 per
953 1043 1220 1137 excellentium,
1236 1043 1372 1119 scilicet
1389 1044 1507 1140 gratia
1527 1048 1765 1139 preveniens.

594 1164 638 1237 Et
662 1163 721 1237 hic
746 1169 833 1236 nota
858 1161 958 1255 quod
975 1168 1085 1237 autor
1101 1183 1176 1236 non
1197 1161 1363 1237 nominat
1384 1182 1558 1257 expresse
1576 1163 1684 1239 istam
1699 1166 1766 1241 do-

593 1284 732 1357 minam
757 1283 926 1378 primam,
944 1282 1117 1375 quidiste
1133 1282 1253 1378 gratia
1277 1283 1424 1357 advenit
1448 1283 1586 1358 homini
1611 1285 1766 1378 occulte,

593 1404 693 1497 quod
718 1425 792 1477 non
816 1402 1014 1498 perpendit.
1043 1402 1108 1476 Vel
1133 1402 1231 1476 dicas
1255 1402 1354 1496 quod
1379 1403 1448 1477 ista
1476 1404 1595 1499 prima
1619 1405 1767 1480 dominu

593 1529 648 1597 ert
664 1522 943 1617 predestinatio
960 1543 1044 1616 quae
1061 1528 1116 1595 ert
1132 1523 1276 1597 occulta
1292 1521 1418 1614 nimis3
1440 1523 1537 1597 unde
1557 1523 1633 1616 ipse
1658 1530 1766 1599 autor

592 1643 756 1717 Puradisi
779 1643 936 1737 capitulo
953 1643 1020 1716 XX
1036 1642 1139 1717 dicit:
1162 1664 1184 1715 o
1203 1645 1494 1734 predestinatum:
1511 1648 1550 1716 et
1564 1643 1766 1736 penultimo

592 1762 751 1857 capitulo
777 1763 892 1858 tangit
916 1762 962 1836 de
986 1761 1055 1835 ista
1071 1761 1396 1856 predestinatione
1415 1760 1518 1835 Unde
1536 1760 1639 1835 dicit:
1657 1755 1696 1835 de
1709 1764 1768 1835 nei

593 1884 669 1972 ciet,
693 1881 829 1955 scilicet
854 1880 1029 1975 empireo,
1055 1879 1141 1972 quia
1165 1880 1203 1953 in
1227 1885 1351 1954 mente
1374 1879 1506 1973 divina,
1527 1882 1588 1952 cde
1611 1901 1649 1952 se
1669 1900 1767 1952 oom-

588 2004 720 2093 ptunpe
734 1993 786 2094 (¹),
802 2001 893 2074 idest
917 2000 1149 2094 eompatitur,
1164 2001 1203 2072 dt
1217 2006 1335 2091 questo
1359 2002 1613 2091 impedimento,
1630 2000 1768 2076 scilieet

593 2120 718 2193 Dentis
732 2111 782 2213 (²),
808 2119 871 2213 qui
897 2118 1161 2212 impediebatur
1186 2118 1233 2191 ab
1259 2116 1440 2210 illuseris,
1457 2120 1556 2190 oo’io
1573 2121 1767 2209 omniuo,

593 2238 683 2312 idest
712 2239 760 2313 ad
790 2238 889 2331 quod
921 2237 1222 2331 impedimentum
1252 2222 1504 2330 expellendum
1536 2236 1583 2309 ab
1616 2256 1663 2311 eo
1694 2257 1766 2333 ego

594 2359 698 2432 mitto
723 2365 769 2433 te.
796 2359 841 2430 Et
864 2356 1071 2450 benedicit,
1091 2360 1123 2429 ri
1141 2359 1357 2448 compienne,
1374 2355 1461 2448 quin
1477 2356 1596 2450 gratia
1611 2356 1677 2431 Dei
1693 2357 1766 2429 mi·

593 2485 737 2554 seretur
763 2477 965 2572 fragilitatis
988 2477 1173 2567 humanae,
1198 2480 1236 2548 et
1265 2494 1354 2548 vere
1384 2474 1604 2568 compatitur
1636 2475 1699 2548 tibi
1714 2466 1768 2570 (³),

592 2590 623 2670 si
647 2599 706 2669 nte
728 2598 858 2687 franpe
882 2597 974 2667 dirro
997 2596 1147 2682 piudioio
1173 2587 1279 2683 tasso,
1306 2592 1397 2666 idest
1421 2592 1513 2667 adeo
1538 2592 1638 2685 quod
1662 2614 1768 2668 rum-

594 2715 657 2810 pit,
681 2715 773 2788 idest
796 2713 914 2807 placat
933 2713 1077 2806 justum
1098 2710 1279 2805 judicium
1303 2710 1368 2785 uei
1393 2711 1430 2783 in
1455 2711 1558 2785 ooelo.
1581 2712 1657 2785 Hoc
1681 2712 1768 2786 dicit

592 2834 680 2927 quia
704 2832 864 2928 rigidum
883 2831 1064 2927 judicium
1088 2831 1154 2904 Dei
1178 2836 1245 2923 est,
1271 2830 1370 2923 quod
1398 2837 1568 2925 peccator
1591 2832 1767 2927 puniatur

593 2952 796 3028 secundum
813 2956 1014 3045 peecatum.
1034 2949 1138 3022 Modo
1157 2950 1229 3023 tale
1240 2950 1420 3044 judicium
1441 2958 1638 3036 revocatur
1655 2972 1767 3044 nunc,

594 3071 840 3147 intercedente
864 3069 994 3165 gratia,
1011 3069 1104 3141 sicut
1125 3069 1243 3162 patuit
1266 3069 1304 3143 in
1328 3070 1455 3164 Paulo,
1472 3070 1519 3144 de
1536 3090 1610 3163 quo
1627 3070 1766 3144 dietrrm

594 3199 649 3268 eet
672 3191 782 3285 paulo
806 3195 901 3263 ante.
937 3194 1072 3277 (incestu
1105 3188 1171 3262 Hic
1200 3188 1313 3262 refert
1337 3189 1496 3283 Bentrir‚
1522 3189 1610 3282 quid
1640 3189 1768 3264 iecerit

594 3313 661 3386 ista
686 3309 833 3383 domina
858 3308 1096 3403 oompassiva,
1121 3315 1159 3381 et
1182 3308 1344 3382 breviter
1372 3308 1468 3402 dicit,
1493 3309 1592 3401 quod
1624 3310 1769 3385 vocarit

594 3439 634 3508 et
656 3429 845 3525 requisivit
869 3428 1019 3502 Luciam
1044 3427 1092 3501 ad
1116 3447 1333 3502 succursum
1359 3426 1509 3500 autoris.
1536 3427 1628 3501 Dicit
1653 3446 1765 3524 ergo:

594 3558 731 3645 pota,
762 3548 896 3623 scilieet
928 3547 1048 3643 gratia
1078 3546 1213 3641 prima,
1245 3547 1302 3620 vel
1336 3546 1602 3640 praedoetinatio
1633 3548 1768 3643 divina,

593 3672 702 3745 enine
726 3672 845 3759 Lucia,
870 3666 962 3741 idest
986 3666 1156 3761 gratiam,
1179 3671 1217 3740 et
1241 3666 1335 3739 bene
1359 3665 1512 3758 imponit
1537 3665 1605 3738 sibi
1629 3688 1767 3743 nomen

593 3791 809 3889 proprium;
834 3794 889 3862 eat
920 3786 1019 3860 enim
1050 3785 1169 3881 gratia
1202 3785 1266 3857 iux
1297 3783 1584 3878 illuminamur
1615 3805 1679 3859 uro
1709 3789 1767 3860 di-

594 3912 738 4001 mnndo,
763 3908 854 3981 idest
877 3905 924 3980 ad
948 3905 1006 3978 sui
1030 3903 1240 3999 petitionem
1262 3903 1341 3978 sive
1356 3910 1631 3998 praeoeptum,e
1652 3907 1766 3980 disse:

594 4053 618 4104 o
642 4032 762 4119 mou,
785 4029 814 4100 u
835 4033 893 4100 tuo
914 4026 1037 4118 sedete,
1054 4023 1190 4098 scilieet
1209 4023 1356 4116 Dantem,
1377 4022 1441 4115 qui
1457 4022 1534 4096 fidit
1552 4023 1670 4118 gratia
1687 4024 1768 4120 Dei,

593 4153 641 4223 ita
665 4170 709 4222 or
733 4150 877 4238 duoprno
900 4148 939 4219 di
963 4152 1006 4236 te,
1031 4144 1124 4219 idest
1148 4160 1246 4217 nuno
1270 4141 1407 4238 indiget
1426 4142 1562 4217 auxilio
1583 4149 1660 4239 tuo,
1677 4145 1765 4237 quia

594 4277 649 4346 ert
683 4269 720 4342 in
749 4287 883 4362 magna
912 4265 1031 4359 ruina,
1061 4266 1105 4337 ed
1132 4268 1180 4354 io,
1212 4262 1304 4336 idest
1332 4268 1370 4337 et
1398 4262 1480 4336 ideo
1509 4281 1592 4359 ego,
1617 4267 1652 4336 to
1680 4285 1765 4336 rac-

593 4392 765 4464 comundo
791 4409 816 4459 a
840 4394 881 4460 te.
899 4427 949 4440 -
964 4389 1080 4460 Lucia.
1107 4384 1172 4459 Hic
1203 4383 1350 4459 Bentrix
1379 4381 1481 4478 ponit
1505 4382 1760 4459 executionem

657 4663 683 4722 (¹)
699 4661 724 4711 ὲ
740 4662 894 4724 wmrionoe
910 4661 1007 4710 nueer
1023 4660 1121 4719 Mb,
1138 4659 1193 4722 r*

656 4735 733 4800 (’)B.
748 4737 845 4797 Duntir,
861 4736 933 4799 quod
947 4735 1143 4799 tamem-r
1158 4726 1764 4793 afflfflnsmmmrunon'o

595 4814 897 4952 ammonitum.
