4154 6546
456 753 528 826 312
853 769 1055 827 couunruu
1081 769 1231 825 mnsam

455 916 539 992 lucit
564 917 641 1013 ipse
664 917 800 1012 aliquid
826 918 996 1012 pulcrum
1022 939 1115 1014 opus
1132 938 1217 994 cum
1241 914 1487 1012 speculatione
1503 916 1627 1015 animi,

452 1036 547 1111 siout
572 1043 614 1110 tu
639 1037 763 1113 lacere
787 1037 933 1134 videris,
958 1058 1045 1114 cum
1069 1038 1117 1113 sit
1136 1037 1193 1115 vir
1209 1036 1272 1113 alti
1290 1037 1425 1135 ingenii
1441 1046 1479 1113 et
1495 1037 1628 1114 babeat

451 1157 587 1233 bonam
613 1156 855 1251 aptitudinem
880 1159 928 1232 ad
947 1179 1098 1235 omnem
1114 1160 1281 1255 pulcram
1299 1158 1571 1235 inventionem?
1589 1167 1626 1234 et

254 1298 259 1307 ·
318 1360 329 1389 x
448 1278 518 1352 boc
547 1277 651 1352 dico:
681 1300 720 1351 se
747 1285 784 1351 tu
815 1281 875 1353 uui
896 1301 966 1372 por
997 1287 1115 1372 questo
1144 1300 1268 1353 carcer
1302 1282 1406 1370 occo,
1436 1278 1528 1355 idest
1560 1299 1627 1376 per

450 1396 653 1493 internum,
674 1398 739 1493 qui
764 1405 820 1475 est
844 1419 972 1477 carcer
996 1400 1219 1496 animarum,
1244 1405 1281 1475 et
1307 1399 1470 1475 maxime
1492 1399 1625 1475 animae

451 1516 710 1595 baereticorum
735 1525 887 1614 possunt
914 1519 984 1595 dici
1009 1526 1220 1616 carcerato,
1245 1519 1332 1615 quia
1365 1526 1451 1595 sunt
1475 1520 1625 1597 incluso

452 1636 547 1716 iutra
563 1657 683 1731 arcas,
698 1644 737 1713 et
747 1645 899 1734 possunt
915 1638 985 1714 dici
1002 1659 1126 1734 coecae,
1142 1639 1230 1734 quia
1250 1646 1470 1717 erraverunt
1486 1639 1524 1714 in
1540 1638 1623 1737 tide,

446 1767 515 1848 per
539 1759 679 1833 3113333
702 1760 912 1851 dinaepno,
943 1758 1049 1853 quasi
1080 1758 1198 1833 dicat:
1234 1757 1328 1833 iilius
1366 1779 1472 1834 meus
1504 1758 1624 1835 Guido

451 1874 519 1951 luit
535 1869 574 1969 (¹)
600 1898 674 1951 non
701 1877 823 1953 minus
838 1877 1056 1974 perspicacis
1077 1877 1211 1973 ingenii
1228 1899 1342 1973 quam
1359 1885 1414 1972 tu,
1430 1884 1468 1953 et
1484 1898 1532 1953 ex
1549 1879 1624 1955 istis

450 1996 572 2076 verbis
597 2005 700 2093 potes
724 1998 963 2094 perpendere,
989 1998 1175 2093 quomodo
1200 1999 1335 2075 nantes
1360 1997 1468 2077 iverit
1491 1999 1538 2074 ad
1564 1999 1623 2074 lu-

450 2115 617 2211 ternum3
649 2117 736 2212 quia
766 2118 901 2197 scilicet
930 2139 997 2214 per
1024 2118 1252 2194 altitudinem
1279 2118 1412 2216 ingenii
1444 2125 1482 2194 et
1509 2119 1622 2197 altam

448 2238 736 2332 speculationem
777 2239 901 2315 animi.
945 2239 989 2316 ut
1031 2238 1153 2314 subdit
1197 2245 1306 2317 autor
1349 2238 1621 2334 responsionem

408 2361 411 2368 '
448 2379 556 2435 suam
589 2359 635 2437 ad
665 2359 875 2457 quesitum,
907 2365 945 2435 et
974 2358 1168 2456 respondet
1195 2359 1357 2439 breviter
1382 2360 1481 2454 quod
1504 2358 1623 2435 Guido

450 2499 523 2553 non
566 2485 684 2575 potest
724 2479 847 2588 sapere
887 2478 994 2557 istam
1036 2479 1316 2575 descriptionem
1354 2478 1499 2574 luterni,
1537 2478 1623 2576 quia

450 2620 524 2674 non
548 2605 606 2674 est
629 2606 736 2694 poeta
761 2599 856 2675 sicut
880 2599 971 2694 ipse3
999 2600 1096 2676 uude
1119 2599 1227 2674 dicit:
1254 2608 1287 2673 et
1308 2601 1344 2674 io
1360 2621 1385 2673 α
1407 2601 1468 2693 lui,
1488 2597 1624 2675 scilieet

450 2719 545 2793 diri:
570 2722 621 2795 do
639 2741 694 2795 me
716 2726 824 2793 stesso
847 2740 921 2792 oon
944 2741 1069 2815 oemio,
1094 2719 1181 2816 quia
1204 2741 1277 2797 non
1293 2711 1330 2813 (¹)
1343 2742 1427 2795 sum
1444 2720 1544 2795 solus
1560 2718 1620 2795 vel

450 2840 593 2935 primus
617 2839 785 2917 inventor
810 2837 913 2915 istius
937 2838 1113 2935 materiae,
1138 2838 1213 2917 imo
1238 2838 1349 2916 babui
1365 2829 1403 2932 (³)
1427 2837 1617 2937 Virgilium

450 2961 515 3056 qui
535 2961 619 3037 lecit
636 2959 725 3037 mibi
751 2959 872 3054 viam3
897 2959 979 3035 idco
998 2959 1106 3035 dicit:
1130 2962 1221 3034 colui
1243 2962 1294 3034 cb'
1307 2960 1442 3035 utendo
1458 2948 1510 3050 ld,
1531 2957 1623 3034 idest

450 3081 621 3178 Virgilius
644 3080 710 3174 qui
734 3086 903 3176 expectat
927 3101 989 3156 me
1012 3080 1074 3178 ihi,
1091 3101 1146 3156 ow
1161 3101 1343 3177 mamper
1360 3083 1431 3175 qui,
1448 3079 1540 3155 idest
1555 3100 1622 3175 per

449 3201 650 3296 internum,
674 3207 712 3276 et
736 3200 787 3277 sic
812 3200 924 3277 babui
948 3201 1087 3277 bonum
1115 3200 1266 3294 duoem3
1296 3207 1332 3275 et
1357 3199 1472 3297 tangit
1500 3197 1622 3273 curia·

449 3321 531 3399 liter
557 3321 660 3397 illum
685 3321 889 3399 Guidonem
915 3321 1061 3401 dicens:
1084 3324 1183 3416 forse
1207 3324 1263 3397 otri
1281 3323 1393 3396 Guido
1409 3327 1528 3394 vosne
1544 3320 1624 3394 ebbe

447 3462 472 3514 a
496 3443 677 3533 (11313333.
704 3442 748 3515 ut
773 3440 831 3515 bic
856 3447 943 3518 uota
960 3441 1059 3536 quod
1075 3441 1143 3517 iste
1158 3441 1277 3517 Guido
1299 3448 1444 3519 nonest
1463 3436 1639 3518 delecta-³

449 3569 510 3637 tus
536 3562 574 3636 in
597 3560 758 3657 poeticis,
784 3561 868 3637 licet
893 3561 1004 3636 suerit
1022 3568 1154 3638 acutus
1169 3562 1405 3659 philosophus
1429 3567 1467 3638 et
1482 3558 1622 3637 subtilis

449 3682 630 3777 inventor,
656 3682 721 3775 qui
745 3681 830 3757 iecit
855 3681 949 3757 inter
974 3681 1044 3757 3113
1071 3703 1184 3756 unam
1202 3681 1408 3758 cantionem
1426 3681 1473 3758 de
1493 3702 1623 3757 amore

447 3803 497 3879 ita
522 3790 751 3898 prolundcl⁸l
779 3802 878 3895 quod
903 3801 1068 3899 AEgidius
1093 3823 1269 3879 romanus
1295 3824 1368 3877 non
1394 3802 1544 3878 erubuit
1567 3802 1623 3876 13-

448 3943 535 4000 cere
561 3930 773 3998 tomentum
799 3942 910 4016 super
927 3942 1029 4015 eam;
1047 3928 1084 3996 et
1108 3920 1222 3997 binus
1247 3923 1461 3998 florentinus
1478 3915 1516 4018 (ὅ)
1542 3945 1623 3998 ma-

447 4064 544 4140 gnus
560 4042 731 4139 physicus
750 4041 914 4117 similiter
936 4043 1076 4139 glosam
1095 4042 1189 4117 lecit.
1207 4043 1313 4119 Modo
1329 4043 1376 4119 ad
1393 4044 1619 4141 propositum

447 4163 576 4256 Guido,
594 4163 688 4238 sicut
704 4169 741 4238 et
764 4162 877 4258 aliqui
893 4163 953 4239 alii
969 4153 1007 4255 (⁶)
1027 4183 1125 4259 saepe
1141 4163 1289 4257 iaciunt,
1307 4184 1380 4236 non
1400 4162 1622 4260 dignabatur

446 4286 572 4382 legere
597 4289 733 4379 poetas,
758 4302 920 4376 quorum
947 4282 1112 4379 princeps
1138 4289 1194 4358 est
1216 4282 1406 4379 Virgilium
1430 4282 1494 4358 sed
1519 4288 1620 4359 certe

445 4406 580 4481 Dentes
608 4405 722 4480 alium
752 4404 932 4480 honorem
967 4409 1004 4478 et
1033 4403 1197 4479 fructum
1231 4409 1450 4480 consecutus
1484 4409 1540 4478 est
1572 4424 1619 4479 ex

505 4676 533 4738 (¹)
554 4677 580 4726 S.
596 4691 649 4727 non
665 4676 715 4727 lult
731 4677 935 4742 perspicasltatls
950 4677 1056 4741 moult

508 4754 535 4817 (¹)
552 4754 582 4804 lt.
600 4769 651 4805 non
667 4755 747 4809 tolus.
1008 4754 1035 4817 (¹)
1052 4756 1082 4807 li.
1099 4757 1152 4813 lton
1169 4757 1267 4815 moult.

508 4830 536 4893 (⁸)
551 4831 576 4881 S.
593 4844 609 4879 e
625 4831 656 4883 R
672 4832 836 4894 modurn
1008 4835 1035 4896 (¹)
1053 4834 1083 4884 n
1100 4835 1254 4885 florentinus
1270 4832 1398 4889 similiter.

507 4908 534 4971 (⁸)
551 4908 581 4958 E.
598 4907 649 4968 alil,
666 4923 718 4959 uon
735 4909 897 4974 dignabatur.
