4154 6546
774 799 913 857 cennos
937 800 1083 857 nnrnns.
1465 788 1513 860 23

340 948 426 1024 dicit
449 953 729 1024 commentator·
744 946 989 1042 philosophus,
1007 965 1074 1042 per
1090 966 1263 1022 somnum
1284 949 1449 1047 inteiligit
1468 952 1517 1027 ibi

340 1067 522 1164 quietem:
540 1086 615 1142 non
640 1066 739 1142 enim
766 1070 821 1140 eet
841 1085 975 1140 verum
993 1065 1093 1160 qnod
1117 1068 1229 1140 homo
1254 1067 1413 1143 dormiat
1437 1091 1519 1147 me-

338 1187 474 1263 dietate
493 1179 530 1281 (¹)
563 1186 748 1282 temporis.
775 1186 842 1259 dlii
872 1186 998 1260 dieunt
1026 1186 1126 1281 qnod
1158 1186 1349 1261 dimidium
1382 1197 1518 1266 nostrae

339 1309 424 1384 vitae
448 1313 504 1383 est
528 1313 790 1402 nomentum
816 1305 914 1380 enim
939 1306 1120 1381 habemus
1144 1307 1182 1380 in
1207 1308 1346 1383 mundo
1376 1309 1445 1383 isto
1470 1310 1518 1386 de

341 1428 505 1522 tenebra,
538 1434 721 1522 qnantum
755 1425 802 1500 de
839 1426 934 1520 lnce,
969 1433 1006 1500 et
1039 1433 1149 1501 antor
1179 1434 1304 1502 noster
1338 1429 1516 1505 visionem

339 1545 469 1620 habuit
485 1545 532 1621 de
549 1551 666 1621 noete.
684 1544 849 1620 Visiones
866 1545 965 1619 enim
991 1550 1028 1620 et
1052 1545 1201 1620 subtiles
1225 1547 1516 1646 imaginationes,

341 1671 385 1739 nt
413 1664 629 1760 plurimum,
659 1655 910 1757 adveniente)
938 1665 976 1738 in
1007 1671 1125 1758 noete,
1151 1666 1298 1759 qnando
1335 1660 1514 1762 animae)

340 1787 459 1883 magis
483 1785 660 1882 reooiligit
683 1804 725 1860 se
749 1784 795 1858 ad
820 1804 873 1878 se,
898 1790 936 1861 et
964 1789 1021 1860 est
1050 1786 1167 1882 magis
1195 1793 1337 1861 semota
1365 1808 1389 1862 a
1417 1788 1516 1862 curis

342 1906 626 2002 temporalihns3
648 1924 725 2000 qno
750 1911 918 1999 tempore
930 1894 969 1997 (⁴)
990 1904 1084 1979 ratio
1105 1905 1275 1980 discurrit
1295 1911 1332 1981 et
1352 1906 1517 1983 conside·

340 2032 398 2100 rat
422 2022 610 2120 quomodo
626 2023 877 2119 expendiderit
890 2016 927 2118 (⁶)
946 2030 1092 2120 tempus
1108 2046 1233 2120 sunm,-
1250 2033 1288 2100 et
1307 2027 1345 2100 in
1369 2027 1523 2122 quibus,-

339 2145 444 2240 qumi
456 2135 496 2237 (⁰)
515 2143 553 2218 in
579 2144 692 2219 venie
719 2142 790 2218 Sed
814 2150 928 2239 oerte,
945 2145 1114 2239 quamvis
1133 2146 1230 2221 istnd
1247 2153 1365 2220 totnm
1384 2167 1517 2222 verum

338 2265 396 2359 sit,
416 2271 542 2339 tamen
566 2282 641 2338 non
666 2269 722 2339 est
741 2252 777 2355 C)
804 2264 955 2338 intentio
977 2265 1116 2338 autoris
1132 2265 1202 2360 hic,
1220 2266 1307 2359 qnia
1323 2274 1434 2359 antor
1451 2266 1518 2342 de·

341 2384 465 2461 scribit
480 2384 578 2459 clare
593 2383 691 2459 istud
708 2389 853 2478 tempus
869 2384 981 2479 paulo
997 2384 1092 2458 inira
1108 2405 1194 2459 enm
1212 2384 1314 2460 dicit:
1334 2388 1519 2479 Temp’era

341 2492 406 2580 dot
423 2507 601 2599 moseddo
623 2505 682 2577 det
703 2507 858 2578 manem
881 2504 984 2580 Unde
1001 2504 1082 2580 dieo
1099 2505 1199 2600 quod
1219 2511 1328 2579 antor
1349 2504 1518 2580 describit

343 2632 488 2721 tempns
503 2615 541 2717 (⁸)
559 2643 744 2699 annorum
766 2642 844 2698 sure
861 2625 957 2719 vitae,
978 2623 1015 2697 in
1041 2646 1116 2719 qno
1133 2625 1279 2720 incoepit
1296 2624 1392 2699 istnd
1412 2645 1515 2721 opus.

340 2745 492 2821 Videtur
517 2764 610 2840 ergo
627 2735 665 2835 (⁰)
685 2763 792 2838 posse
816 2743 886 2817 dici
910 2744 1010 2837 qnod
1035 2745 1080 2818 sit
1104 2751 1250 2841 tempus
1274 2744 1421 2841 triginta
1452 2764 1519 2818 an-

342 2885 492 2960 nornm,
503 2863 592 2959 quia
608 2861 813 2938 seeundum
831 2862 1075 2959 Aristotelem,
1092 2864 1185 2939 libro
1198 2857 1220 2958 (¹
1226 2856 1252 2956 ⁰)
1270 2864 1518 2958 Politieomm,

342 2985 430 3060 anni
462 2983 619 3059 hominis
647 2981 893 3058 eommuniter
930 2989 1016 3057 sunt
1053 2983 1253 3078 sexaginta.
1288 2982 1355 3057 Alii
1393 2989 1518 3057 tamen

342 3104 469 3180 dicunt
501 3103 600 3198 qnod
618 3096 671 3195 (¹¹)
708 3109 853 3198 tempus
887 3103 1034 3198 triginta
1065 3104 1177 3176 trium
1203 3123 1400 3188 annornm,
1432 3105 1519 3198 qnia

343 3224 507 3301 Christus
518 3214 573 3316 (¹¹)
590 3229 691 3298 tanto
711 3229 878 3318 tempore
901 3222 1002 3315 vixit,
1022 3228 1060 3296 et
1084 3227 1176 3296 teste
1199 3222 1369 3317 Apostoio
1392 3243 1521 3300 omnes

343 3349 540 3440 resurgent
563 3341 601 3415 in
625 3360 674 3417 ea·
694 3347 815 3436 etate,
841 3340 879 3414 in
903 3360 978 3434 qna
1002 3346 1174 3414 mortuus
1198 3348 1254 3416 est
1275 3342 1449 3416 Christus.
1466 3343 1521 3419 lte

342 3465 414 3539 hoc
436 3469 562 3538 tamen
586 3482 661 3536 non
685 3461 873 3536 videretur
889 3462 1050 3535 mnltnm
1068 3460 1288 3557 curandum,
1305 3462 1403 3556 qnia,
1428 3468 1522 3539 teste

257 3618 265 3635 2
341 3583 578 3679 Philosopno:
604 3602 683 3675 qne
693 3601 826 3674 param
842 3570 982 3674 distent
1000 3584 1087 3655 mildi
1102 3584 1418 3657 decoronatione.
1449 3582 1521 3659 Sed

343 3703 519 3798 quidquid
543 3701 698 3794 dieatrrr,
723 3701 859 3776 veritas
883 3707 949 3794 est,
975 3701 1075 3795 qnod
1096 3708 1214 3775 antor·
1230 3722 1297 3797 per
1322 3702 1416 3777 istnd
1441 3724 1521 3778 me-

342 3822 445 3897 dinm
481 3820 636 3897 intendit
669 3826 815 3916 tempus
850 3820 982 3894 XXXV
1016 3841 1212 3916 annornm,
1242 3822 1337 3896 sient
1366 3822 1521 3917 ipsemet

343 3946 500 4019 matur
522 3940 618 4034 aiibi,
643 3947 682 4015 et
704 3941 778 4015 tale
801 3940 951 4034 quidem
976 3946 1123 4034 tempus
1152 3941 1247 4016 bene
1277 3948 1385 4016 vocat
1412 3942 1521 4016 dimi·

404 4152 436 4216 (¹)
453 4157 508 4213 rto,
523 4152 697 4204 moenem
707 4152 776 4203 -lt
792 4153 956 4204 mennon
972 4153 1040 4205 rite

272 4232 277 4242 ⁶
404 4226 437 4290 (¹)
454 4232 509 4288 111,
526 4229 633 4280 veniunt
649 4228 681 4278 de
697 4232 783 4280 nocte.

406 4300 507 4367 0111,
524 4302 610 4354 ntmr
624 4302 928 4367 remutet-emim·
943 4304 1025 4370 magis
1040 4304 1476 4370 renotentur-mmmmm
1491 4317 1520 4357 re

346 4376 564 4517 tongris&
579 4455 650 4507 enirn
664 4454 741 4508 ratio:
1054 4458 1081 4520 (¹)
1097 4457 1123 4508 S.
1140 4458 1299 4523 expenderit.

411 4528 485 4595 ΟΒ.
500 4542 583 4595 qnare
598 4529 625 4581 in
640 4531 720 4582 rante

409 4604 441 4669 ω
455 4602 482 4656 s·
497 4618 514 4656 ο
530 4610 585 4667 rae
602 4619 656 4657 non
670 4611 711 4657 sn
725 4606 774 4657 nt·
789 4606 948 4659 tnnntto.-
958 4606 989 4657 Ε.
1005 4621 1058 4661 non
1074 4614 1115 4660 sn
1130 4609 1187 4660 nno
1202 4608 1318 4662 menno.

415 4678 485 4745 ωδ.
500 4686 603 4746 tamem
618 4696 696 4733 snum
711 4683 777 4734 idest
793 4696 931 4735 annornm.

411 4756 442 4819 (Ἴ
457 4756 488 4808 Β·
503 4770 609 4823 ΜΝ
624 4772 707 4824 ΡΜ
1049 4761 1090 4825 (¹⁰)
1106 4762 1136 4814 B·
1152 4762 1265 4815 teetmdo
1280 4760 1460 4813 Politicornm.

253 4880 258 4888 .
397 4830 441 4895 (¹¹)
456 4833 496 4895 E„
510 4832 537 4884 S.
552 4847 568 4885 e
585 4839 640 4897 rto,
656 4837 727 4901 qnod
743 4840 789 4887 est¹
799 4841 910 4903 tempus.

399 4906 442 4971 (⁸¹)
456 4908 487 4960 B.
502 4908 619 4963 mrum
633 4911 793 4977 Redemptor
808 4918 898 4965 nodet
913 4912 1127 4978 mettomnmm,
1144 4920 1224 4968 tanto.
