4154 6546
779 816 915 872 crnrus
941 818 1096 876 necinus
1120 798 1286 888 ournrus‘.
1548 813 1619 882 515

448 963 621 1036 inradtbsa
652 984 670 1035 e
703 964 866 1055 superbo,
899 967 936 1037 et
967 962 1044 1039 istae
1077 971 1152 1041 tres
1183 968 1343 1042 llammae
1368 967 1566 1043 incendunt
1581 962 1620 1062 (⁴)

449 1080 561 1155 corda
577 1100 737 1167 eorum,
770 1081 862 1155 sicut
891 1090 1001 1157 autor
1021 1085 1098 1181 jam
1126 1085 1216 1160 dixit
1240 1108 1352 1182 supra
1378 1085 1538 1181 capitulo
1561 1086 1618 1162 Vl.

449 1202 569 1297 Ergo:
593 1204 634 1295 sa
658 1203 718 1274 cte
743 1208 778 1274 tu
803 1204 828 1274 o·
849 1203 945 1295 sordi
968 1206 1017 1276 dc
1041 1208 1055 1278 i
1079 1208 1135 1278 lor
1154 1211 1310 1298 costumi,
1327 1207 1420 1281 idest
1437 1227 1620 1304 expurgas

449 1328 486 1396 to
510 1340 533 1395 a
559 1321 724 1395 moribus
749 1320 916 1416 malignis
940 1323 1090 1419 maligni
1110 1327 1244 1420 populi.
1258 1366 1308 1379 —
1322 1331 1374 1398 La
1392 1333 1460 1398 tuo.
1479 1325 1543 1400 llic
1561 1347 1621 1401 ser

448 1441 660 1534 Brunettus,
687 1439 934 1534 praenunciata
962 1442 1083 1516 autori
1116 1444 1260 1540 indigna
1296 1445 1509 1540 expulsione
1541 1466 1620 1540 sua,

449 1570 548 1635 nunc
571 1561 618 1635 ad
643 1561 722 1634 eius
748 1560 1031 1635 consolationem
1051 1565 1272 1657 praenuntiat
1289 1566 1389 1660 quod
1407 1565 1474 1639 ista
1491 1567 1622 1660 erpul-

449 1679 502 1754 sio
519 1680 589 1753 erit
613 1679 679 1752 sibi
705 1680 860 1754 materia
877 1686 914 1754 et
934 1701 1045 1755 causa
1062 1674 1099 1774 (²)
1118 1681 1268 1758 maximi
1287 1685 1436 1759 honoris
1453 1705 1619 1780 semper3

449 1800 547 1874 unde
570 1800 675 1874 dicit:
702 1804 752 1873 Lo
777 1807 838 1873 tua
859 1805 1019 1894 formum
1046 1802 1136 1878 idest
1162 1804 1386 1879 constellatio
1412 1805 1506 1900 coeli,
1525 1813 1621 1879 muto

448 1939 540 1993 onor
569 1923 595 1993 a·
623 1921 741 2012 sobo,
766 1922 825 1992 coe
853 1923 876 1993 t
888 1941 960 1993 aaa
984 1929 1090 2014 porte
1114 1945 1133 1995 e
1158 1926 1297 2015 ῐαῐτνα,
1323 1924 1459 1998 scilicet
1483 1925 1620 2020 pellens

448 2045 486 2114 et
510 2040 614 2134 pulsa
628 2031 679 2133 (⁸),
705 2041 788 2114 alba
814 2046 852 2114 et
876 2041 994 2137 nigra,
1020 2032 1111 2114 cord
1134 2046 1230 2136 same
1255 2045 1352 2133 dite,
1370 2043 1462 2120 idest
1480 2043 1621 2119 deside-

448 2159 545 2232 rium
565 2159 719 2233 habendi
738 2165 774 2233 te
791 2158 827 2231 in
844 2180 912 2233 suo
930 2161 1123 2234 consortio.
1142 2162 1212 2236 Sed
1229 2183 1302 2236 non
1322 2163 1372 2237 sie
1386 2164 1465 2256 erit,
1480 2164 1565 2258 quia
1581 2150 1617 2255 (⁸)

448 2276 557 2352 facies
582 2278 645 2351 tibi
670 2283 813 2372 partem
839 2278 885 2352 de
910 2299 976 2374 per
1002 2300 1052 2373 se,
1079 2280 1173 2354 sicut
1193 2282 1364 2355 scribitur
1381 2282 1540 2356 Paradisi
1558 2303 1621 2356 oa-

447 2397 562 2492 pitulo
590 2396 713 2470 XVlll:
740 2395 839 2471 unde
864 2396 972 2470 dicit:
999 2417 1059 2470 ma
1084 2401 1182 2491 longi
1201 2403 1252 2492 fio
1278 2403 1342 2474 dol
1364 2402 1463 2474 becco
1489 2400 1619 2494 idda,

447 2517 552 2612 quasi
577 2516 695 2592 dicat:
721 2515 813 2590 absit
840 2517 938 2609 quod
963 2516 1033 2591 illae
1050 2519 1187 2614 barpiae
1206 2521 1449 2615 rapacissimae
1466 2542 1620 2617 pascan-

448 2644 512 2711 tur
534 2636 699 2712 doctrina
726 2644 790 2713 tua
814 2637 922 2732 bona,
948 2645 986 2712 et
1011 2640 1239 2713 honorentur
1264 2648 1301 2714 et
1323 2641 1529 2737 glorientur
1546 2643 1621 2717 vir-

448 2765 527 2832 tute
553 2762 627 2832 tua.
642 2759 865 2829 —Fcceioo
897 2756 962 2832 Hic
987 2777 1047 2832 ser
1074 2759 1272 2833 Brunettus
1290 2779 1336 2835 er
1354 2760 1458 2835 dictis
1484 2762 1618 2858 arguit,

447 2876 546 2974 quod
584 2877 648 2971 qui
680 2880 873 2952 traxerunt
904 2878 1167 2974 malignitatem
1201 2901 1223 2954 a
1256 2880 1453 2955 Faesulanis
1487 2882 1621 2958 iaciant

447 2998 671 3073 distractium
690 2997 736 3071 de
761 3016 801 3072 se
827 2997 995 3092 invicem,
1014 3002 1051 3073 et
1068 3020 1141 3073 non
1159 2999 1205 3074 de
1221 3000 1338 3074 Dante
1359 3001 1421 3095 qui
1439 3001 1620 3074 contraxit

448 3117 707 3215 benignitatem
728 3137 750 3190 a
769 3116 991 3190 nobilissimo
1016 3137 1153 3213 genere
1171 3139 1423 3192 romanorum.
1442 3118 1496 3192 Ad
1513 3107 1634 3194 cuin?

447 3239 501 3313 rei
527 3236 800 3334 intelligentiam
828 3243 883 3311 est
907 3236 1109 3331 sciendum,
1136 3238 1234 3332 quod
1260 3238 1354 3312 sicut
1379 3238 1500 3312 scribit
1526 3240 1620 3313 Boc·

448 3355 564 3431 catius
589 3355 635 3430 de
652 3355 818 3431 Certaldo
836 3354 873 3429 ln
890 3375 959 3430 suo
977 3356 1097 3430 libello
1114 3359 1158 3430 de
1174 3358 1245 3429 otta
1262 3364 1295 3429 et
1309 3357 1463 3430 mondus
1479 3361 1619 3450 mnas,

447 3482 527 3572 post
558 3475 788 3550 eversionem
821 3474 1014 3550 Florentiae
1038 3474 1204 3551 *lacum
1230 3475 1278 3550 ab
1315 3476 1434 3570 Attila,
1470 3476 1618 3571 quidam

447 3598 597 3692 nobiles,
611 3596 674 3691 qui
692 3596 839 3672 fuerant
854 3596 900 3672 de
913 3597 1072 3690 antiquis
1089 3597 1229 3672 civibus
1241 3597 1446 3692 Florentiae,
1464 3618 1621 3694 congre-

447 3718 523 3817 gati
548 3718 584 3793 in
611 3737 728 3792 unum
754 3715 935 3791 miserunt
963 3716 1247 3793 ambasciatores
1273 3717 1320 3792 ad
1345 3718 1516 3792 carolum
1544 3720 1620 3792 blass

447 3860 576 3938 gnum,
603 3837 666 3932 qui
689 3844 780 3944 tunc
806 3843 887 3911 erat
910 3838 1049 3931 Romae,
1068 3842 1110 3911 ut
1130 3836 1344 3933 dignaretur
1360 3836 1449 3911 dare
1466 3854 1617 3933 operam

449 3958 716 4033 reaedifimtioni
741 3957 962 4032 Florentiae*
978 3949 1028 4050 (⁵),
1054 3963 1091 4031 et
1116 3957 1294 4031 auxilium
1320 3964 1448 4032 contra
1473 3958 1620 4034 laesula-

449 4098 515 4154 uos
539 4080 662 4152 hostes
686 4096 837 4172 eorum3
863 4082 901 4152 et
918 4075 968 4151 sic
985 4076 1122 4151 lactum
1140 4088 1206 4153 est.
1225 4077 1327 4153 Unde
1344 4078 1455 4173 aliqui
1474 4079 1616 4153 romani

449 4205 642 4291 venerunt,
668 4197 761 4272 inter
786 4218 880 4290 quos
897 4197 996 4271 venit
1013 4196 1163 4289 quidam
1181 4197 1426 4271 nobilissimus
1442 4197 1488 4273 de
1506 4198 1617 4292 stirpe

448 4316 697 4410 antiquissima
729 4336 969 4391 romanorum
1003 4336 1087 4409 quae
1102 4307 1139 4409 (⁶)
1172 4324 1327 4391 vocatur
1358 4316 1615 4413 Frangipanes‚

448 4459 495 4514 er
527 4436 632 4512 cuius
661 4435 838 4532 sanguine
870 4435 1138 4512 descenderunt
1167 4435 1308 4532 Helisei‚
1335 4444 1372 4512 et
1396 4458 1440 4511 ex
1467 4434 1618 4512 lleliseis

508 4624 538 4689 (Ἰ
554 4628 609 4684 llo,
624 4620 804 4673 incenderunt.

508 4701 536 4764 (η
551 4698 582 4751 Ε.
599 4710 675 4750 causa
690 4699 802 4749 maxima
818 4698 922 4750 auctori
938 4711 1041 4763 semper
1056 4698 1180 4761 bonorls;
1196 4697 1274 4749 uude.

508 4774 535 4841 ς’)
551 4775 578 4827 S.
594 4779 621 4827 ct
637 4776 751 4839 expulsa.
1118 4775 1146 4838 (⁸)
1162 4775 1194 4825 B.
1210 4775 1269 4839 quic
1286 4778 1315 4826 tu
1332 4774 1417 4827 iactes.

508 4855 536 4917 (⁸)
550 4855 587 4905 Lo
604 4853 694 4917 parole
710 4850 843 4904 raccblme
866 4849 907 4904 ln
924 4854 932 4904 i
948 4853 999 4905 duo
1015 4853 1148 4905 asterisclrl
1165 4867 1229 4904 sono
1246 4857 1311 4903 state
1331 4851 1445 4916 mppllto
1461 4851 1504 4903 dul
1524 4850 1618 4905 l'otllcc

445 4932 562 4983 nieuw.
1123 4928 1150 4994 (⁸)
1167 4930 1198 4981 E·
1214 4929 1393 4994 cunutus.
