4154 6546
583 805 651 868 170
981 808 1182 866 dunelmuni
1208 810 1358 865 lNFERNl

511 976 516 988 ·
577 959 680 1033 dictis
705 956 780 1030 suis
806 954 883 1030 iere
909 976 999 1029 usus
1024 963 1079 1030 est
1112 957 1182 1032 hac
1211 957 1366 1057 cautela,
1398 954 1497 1050 quod
1528 959 1674 1032 locutus
1700 967 1756 1035 est

578 1081 736 1155 obscure
761 1084 799 1152 et
822 1076 1008 1173 ambigue,
1034 1076 1083 1150 ita
1109 1076 1208 1171 quod
1233 1078 1314 1152 eius
1337 1077 1432 1152 dicta
1462 1086 1613 1172 possunt
1645 1080 1753 1173 trahi,

579 1201 654 1273 imo
681 1198 878 1271 trahuntur
904 1196 1066 1289 quotidie
1090 1196 1136 1270 ad
1162 1198 1286 1292 plures
1308 1203 1345 1272 et
1365 1197 1527 1272 diversas
1547 1200 1752 1275 sententias.

580 1320 624 1393 Et
654 1318 763 1392 dicit:
791 1320 856 1410 poi
887 1320 1112 1390 ominaeos·
1143 1338 1192 1390 un
1217 1338 1310 1411 pooo
1336 1313 1400 1411 ptil
1435 1322 1466 1392 le
1497 1322 1615 1412 doliu,
1651 1320 1753 1412 idest,

580 1447 774 1533 postquam
801 1436 918 1533 magis
943 1437 1045 1512 erexi
1070 1438 1198 1513 oculos
1223 1437 1485 1513 intellectuales
1514 1438 1561 1513 ed
1585 1439 1753 1514 altiorem

578 1557 748 1654 gradum,
774 1557 861 1651 quia
887 1557 1021 1631 scilicet
1046 1557 1103 1631 isti
1127 1557 1308 1652 sapientes
1333 1564 1419 1630 sunt
1453 1558 1611 1633 maiores
1633 1552 1672 1650 (¹)
1701 1559 1757 1633 di-

581 1677 727 1774 guitatis
762 1685 799 1753 et
836 1677 962 1771 laudis,
998 1699 1111 1771 quarn
1144 1677 1363 1772 superiores.
1399 1676 1503 1753 Unde
1541 1687 1627 1754 nota
1656 1682 1755 1774 quod

581 1797 792 1873 Aristoteles
816 1803 854 1871 et
878 1797 980 1871 Plato
994 1788 1032 1889 (¹)
1056 1803 1249 1872 merentur
1265 1795 1445 1869 maiorem
1462 1797 1622 1894 laudern,
1641 1822 1755 1894 quam

581 1919 704 1992 Caesar
728 1918 788 1992 vel
813 1916 941 2011 Scipio,
967 1915 1055 2009 quia
1080 1915 1138 1989 isti
1164 1920 1412 1990 exercuerunt
1442 1935 1587 2012 corpus,
1617 1919 1681 1993 sed
1706 1920 1754 1994 illi

581 2037 759 2132 animum,
784 2058 850 2132 per
876 2055 988 2130 quem
1014 2034 1162 2129 quidem
1187 2033 1354 2107 animum
1384 2034 1547 2108 maxime
1577 2038 1756 2111 assimila-

582 2180 668 2232 mur
682 2147 720 2249 (³)
746 2157 833 2232 lieo.
869 2157 987 2230 llomo
1022 2155 1132 2248 enirn,
1160 2161 1201 2226 ut
1231 2152 1317 2226 dicit
1346 2152 1423 2247 ipse
1453 2152 1673 2249 Aristoteles,
1700 2166 1754 2231 est

583 2277 734 2351 maximi
760 2277 974 2369 intellectus,
1005 2280 1043 2348 et
1075 2274 1168 2348 ratio
1198 2279 1235 2348 et
1263 2271 1412 2346 felicitas
1444 2274 1606 2348 consistit
1634 2263 1755 2370 potius

583 2397 619 2469 in
646 2397 783 2472 virtute
809 2395 1043 2491 speculativo,
1070 2414 1183 2487 quarn
1209 2392 1340 2483 activa,
1366 2397 1407 2464 ut
1425 2391 1511 2466 dicit
1526 2393 1603 2488 ipse
1619 2395 1757 2470 Aristo-

584 2517 673 2590 teles
701 2517 750 2589 lX
772 2506 810 2608 (⁸)
841 2517 1064 2589 Etlricorum.
1100 2514 1144 2586 Et
1181 2512 1302 2586 subdit
1342 2512 1521 2587 honorem
1552 2516 1755 2590 exhibitum

583 2634 648 2729 ipsi
674 2634 856 2708 Aristoteli
883 2635 919 2707 in
945 2632 1194 2707 testimonium
1220 2631 1365 2706 virtutis
1381 2632 1471 2726 eius,
1495 2631 1637 2708 dicens:
1669 2641 1757 2709 lutet

583 2756 617 2825 lo
643 2755 761 2824 moon
786 2755 860 2824 tutti
882 2773 974 2824 onor
999 2755 1024 2823 o·
1045 2755 1183 2845 sorano;
1200 2756 1237 2825 et
1255 2752 1397 2825 merito.
1421 2755 1530 2839 Quini.
1556 2754 1621 2828 llic
1646 2763 1754 2830 autor

435 2920 439 2927 ·
583 2872 748 2946 nominat
772 2870 865 2944 duos
889 2871 1119 2965 philosophos
1143 2869 1386 2964 proximiores
1416 2872 1609 2968 Aristoteli,
1637 2896 1753 2948 unum

583 3015 605 3067 a
630 2992 781 3066 sinistris
805 2990 941 3066 scilicet
965 2990 1168 3085 Socratem,
1188 2991 1301 3064 aliurn
1319 3011 1342 3064 a
1359 2990 1497 3066 dextris
1522 2994 1658 3069 scilicet
1674 2995 1755 3069 Pla-

583 3120 718 3186 tonem.
745 3111 913 3185 Socrates
938 3110 1005 3184 luit
1030 3110 1205 3207 magister
1230 3109 1398 3205 Platonis,
1417 3110 1481 3205 qui
1501 3118 1616 3187 totam
1642 3114 1759 3209 philo·

582 3232 746 3327 sophiam
773 3239 927 3306 conatus
952 3237 1008 3306 est
1032 3231 1211 3305 reducere
1236 3231 1282 3305 ad
1309 3251 1443 3324 mores,
1470 3237 1512 3304 ut
1535 3233 1661 3307 dicunt
1686 3234 1756 3309 Va·

582 3352 705 3445 lerius,
731 3351 969 3447 Augustinus,
986 3356 1024 3424 et
1037 3342 1074 3441 (⁶)
1096 3350 1200 3424 multi
1215 3374 1225 3442 ;
1244 3349 1341 3424 unde
1357 3349 1447 3423 dixit
1470 3350 1639 3426 Socrates
1656 3352 1755 3447 quod

583 3472 699 3544 virtus
716 3476 754 3544 et
769 3471 918 3544 scientia
939 3477 1044 3543 erant
1055 3459 1091 3559 (θ)
1107 3468 1213 3542 idem.
1229 3468 1312 3541 Fuit
1332 3469 1429 3542 enim
1449 3471 1560 3544 homo
1583 3473 1755 3547 maximae

582 3591 763 3684 bonitatis,
780 3589 950 3664 inauditae
967 3588 1149 3683 patientie
1167 3595 1204 3660 et
1220 3589 1442 3660 constantiae.
1461 3590 1562 3663 Plato
1582 3592 1756 3685 magister

583 3711 791 3804 Aristotelis,
805 3711 918 3783 homo
930 3707 1101 3781 maxime
1118 3706 1392 3801 splendescent
1408 3707 1557 3781 maioris
1577 3709 1755 3800 eloquen-

584 3834 654 3925 tiae,
680 3832 747 3906 luit
773 3829 828 3902 vir
853 3827 1019 3920 divinus,
1046 3826 1145 3900 unde
1168 3825 1248 3899 eius
1265 3825 1360 3899 dicta
1377 3824 1537 3899 multum
1554 3837 1755 3902 consonant

583 3935 665 4025 lidei
690 3949 908 4042 christianas,
934 3953 976 4022 ut
999 3966 1086 4040 sepe
1109 3945 1195 4020 dicit
1220 3945 1445 4042 Augustinus
1477 3946 1514 4020 in
1538 3967 1607 4021 suo
1631 3948 1677 4023 de
1702 3949 1755 4022 ci·

582 4069 694 4142 ritate
719 4069 794 4142 Dei.
820 4069 904 4143 Fuit
928 4068 1161 4165 philosophus
1187 4072 1224 4142 et
1240 4074 1360 4162 poeta,
1378 4074 1503 4142 tamen
1523 4088 1546 4142 a
1558 4069 1754 4163 juveutute

583 4190 650 4263 luit
674 4189 871 4285 palestrita,
896 4209 1027 4264 cursor
1051 4195 1090 4262 et
1113 4194 1254 4283 cantor,
1281 4192 1322 4261 ut
1346 4187 1470 4262 scribit
1496 4189 1679 4283 Apuleius.
1711 4192 1755 4265 Et

582 4311 640 4385 hic
666 4319 752 4386 nota
777 4310 874 4404 quod
910 4315 1020 4384 autor
1044 4307 1176 4384 merito
1205 4307 1306 4403 ponit
1330 4307 1417 4382 istos
1446 4314 1522 4383 tres
1552 4310 1755 4405 praecipuos

583 4431 811 4525 philosophos
836 4430 958 4522 simul,
988 4429 1074 4522 quia
1100 4428 1309 4503 Aristoteles
1339 4428 1520 4523 physicus,
1546 4428 1649 4502 Plato
1675 4450 1755 4503 me·

584 4551 825 4645 tlraphysicus,
852 4549 1020 4623 Socrates
1046 4549 1209 4624 ethicus:
1248 4548 1458 4624 Aristoteles
1491 4555 1629 4643 umen,
1661 4548 1754 4623 sicut

587 4706 653 4713 ..-

648 4777 672 4837 ζ“)
691 4783 734 4825 lla
750 4789 765 4826 e
782 4776 807 4825 S.
824 4777 929 4827 maioris
943 4777 1081 4842 dignitatis.
1206 4775 1233 4837 (¹)
1248 4775 1274 4825 S.
1291 4776 1364 4826 Unde
1381 4775 1536 4826 Aristoteles
1550 4780 1577 4825 et
1593 4773 1675 4824 Plato.

648 4853 672 4909 '¹3
690 4853 729 4910 E,
748 4855 793 4900 llo
810 4864 824 4898 e
840 4851 865 4898 S.
882 4851 1063 4900 assimilantur.
1205 4851 1231 4911 (⁸)
1249 4850 1279 4899 Ε.
1296 4852 1387 4915 quinto
1404 4851 1568 4900 Elinia-orum.

656 4929 672 4989 ¹,
689 4928 713 4977 S.
730 4933 756 4977 et
773 4926 816 4975 alii
834 4925 919 4975 multi.
1209 4925 1234 4984 (⁸)
1253 4931 1306 4984 uo,
1323 4932 1391 4977 mr,
