4154 6546
572 798 671 850 xxm
868 797 983 850 BELLA
1009 798 1093 852 vm
1119 802 1142 854 E
1167 801 1283 854 DELLE
1307 802 1425 854 OPEltE

570 968 652 1040 opus
677 945 769 1026 illud,
788 956 826 1014 ut
846 946 972 1040 aliquid
988 947 1191 1030 subtrahant,
1209 949 1368 1043 injecisse,
1387 960 1418 1019 et
1435 951 1618 1045 corrigendi
1636 953 1744 1023 studio

517 1072 521 1078 “
570 1077 826 1159 corrupturos...
853 1069 949 1137 Nunc
973 1079 1084 1139 autem
1109 1069 1206 1138 credo
1232 1069 1290 1138 tibi
1314 1072 1401 1139 lama
1427 1070 1615 1164 divulgante
1646 1074 1743 1142 inuo-

572 1186 682 1267 tuisse,
709 1187 790 1257 mibi
816 1188 857 1256 ad
882 1188 1020 1271 labores,
1047 1190 1166 1283 quihus
1191 1213 1284 1261 eram
1308 1189 1500 1282 adscriptus,
1528 1203 1560 1261 et
1584 1193 1743 1263 honorem

570 1316 603 1375 et
627 1329 711 1375 onus
746 1307 925 1409 Florentini
958 1309 1211 1378 cancellariatus
1242 1309 1423 1391 accessisse,
1449 1311 1502 1380 cui
1530 1312 1654 1383 utinam
1689 1338 1742 1384 me

570 1427 685 1495 saltem
710 1450 776 1496 non
801 1427 898 1496 nimis
923 1428 1094 1521 iudignum
1119 1428 1264 1499 reddam.
1291 1428 1388 1498 lllum
1415 1429 1502 1499 enim
1533 1454 1631 1524 supra
1656 1433 1742 1503 vires

571 1530 660 1614 meas
685 1569 827 1639 quarum
852 1547 1057 1639 parvitatem,
1085 1549 1348 1643 debilitatemque
1366 1573 1535 1643 cognosco,
1555 1551 1741 1644 longissime

569 1669 692 1737 sentio:
715 1669 772 1738 sed
795 1669 858 1738 boc
882 1681 1184 1764 quantumcumque
1205 1671 1345 1741 arduum
1370 1681 1403 1739 et
1427 1670 1656 1753 inaccessibile,
1676 1674 1742 1742 ser-

569 1812 648 1858 1010
673 1789 756 1858 laetae
777 1789 894 1859 mentis
906 1791 1094 1882 amplectar,
1109 1792 1180 1860 etsi
1193 1814 1292 1884 quam
1307 1803 1432 1883 potero,
1447 1814 1499 1859 me
1512 1791 1654 1861 conabor
1666 1793 1743 1862 red-

569 1906 645 1986 dere
659 1907 889 2000 digniorem...
910 1911 994 1979 Data
1014 1911 1186 1980 Florentia
1205 1910 1376 1980 undecimo
1389 1910 1545 1979 kalendas
1562 1911 1648 1980 lunii
1663 1904 1740 2002 (¹).»

643 2031 708 2098 Fra
733 2030 763 2098 le
789 2030 902 2099 lettere
919 2054 984 2099 non
1004 2030 1088 2100 edite
1106 2030 1191 2099 dello
1209 2042 1311 2101 stesso
1327 2032 1484 2111 Salutate,
1503 2031 1563 2100 che
1580 2031 1603 2099 il
1626 2031 1743 2101 Mehus

570 2152 667 2219 trovb
676 2150 844 2220 ne’Codici
857 2150 1084 2244 Guadagniani
1097 2174 1115 2219 e
1130 2151 1344 2232 Riccardiani,
1353 2175 1514 2221 eranvene
1527 2152 1601 2220 due.
1612 2153 1743 2221 -Una

570 2271 589 2338 0
616 2269 733 2339 diretta
759 2269 800 2339 ad
825 2270 960 2340 Albcrto
984 2271 1070 2363 degli
1087 2271 1221 2352 Athizzi,
1239 2295 1257 2339 e
1275 2272 1363 2341 dice:
1393 2296 1413 2337 a
1431 2270 1591 2367 Scripsisti
1613 2270 1741 2340 tandem
1837 2316 1840 2327 -

569 2413 639 2483 quo
660 2390 741 2458 nihil
759 2391 921 2483 acceptius
939 2390 1020 2459 meis
1038 2392 1184 2460 sensibus
1202 2391 1273 2460 [ieri
1294 2402 1409 2483 potest,
1430 2403 1471 2471 te,
1491 2401 1527 2460 ut
1547 2415 1605 2485 per
1626 2414 1742 2460 manus

573 2532 674 2590 meas,
701 2519 734 2577 et
753 2510 842 2579 illius
861 2511 960 2579 diuini
969 2534 1099 2601 prorsus
1115 2511 1177 2579 oiri
1193 2511 1363 2579 Bencenuti
1378 2511 1489 2578 lueida
1506 2513 1606 2578 Iorolo
1631 2510 1742 2579 Africa

571 2629 775 2698 celeberrimi
800 2630 902 2699 nostri
928 2630 1110 2699 Petrarcbae
1136 2630 1294 2723 singulari
1319 2631 1423 2712 labor,
1449 2642 1482 2700 et
1507 2653 1652 2722 auguror
1673 2630 1742 2699 sin-

572 2748 686 2842 gulare
712 2749 934 2843 perpetrandae
959 2774 1026 2820 suae
1043 2753 1139 2820 lamae
1156 2750 1342 2844 praesidium
1369 2749 1563 2845 publicetur,
1589 2749 1742 2819 obnixius

573 2892 759 2962 procurare,
787 2871 917 2964 dequo
945 2871 1001 2940 tibi
1027 2871 1145 2940 solidas
1170 2871 1291 2964 gratias
1317 2873 1470 2941 refero...
1498 2871 1670 2941 lncitarem
1700 2871 1742 2940 ad

536 3023 539 3028 ·
572 2988 635 3058 hoc
659 2989 901 3070 Beuvenutum,
927 2990 988 3060 nisi
1014 2992 1101 3084 quod
1127 3015 1179 3060 ser
1200 2993 1362 3061 Antonius
1387 2993 1436 3081 (de
1457 2994 1575 3061 Sancto
1591 2991 1738 3081 bliniato)

572 3113 733 3204 suggessit
764 3111 899 3180 forsitan
925 3110 987 3181 hoo
1014 3121 1129 3193 totum,
1156 3111 1314 3205 quidquid
1342 3112 1451 3193 luerit,
1477 3111 1586 3181 oneris
1615 3120 1647 3180 et
1680 3110 1743 3181 bo-

572 3230 672 3312 10110,
692 3230 773 3300 mibi
796 3231 855 3300 soli
878 3229 1090 3300 infallibiliter
1116 3230 1368 3301 tribuendum.»
1385 3232 1603 3301 —Un'altra
1629 3231 1743 3301 lettera

572 3352 590 3419 e
615 3349 733 3420 diretta
759 3350 824 3420 allo
849 3362 951 3421 stesso
981 3353 1182 3433 Benvenuto,
1201 3354 1240 3421 ed
1257 3353 1291 3421 in
1309 3376 1380 3421 essa
1398 3352 1443 3444 gli
1460 3352 1551 3444 parla
1575 3353 1628 3421 del
1652 3353 1745 3445 prin-

570 3471 656 3564 cipio
681 3472 732 3541 del
759 3495 819 3541 suo
843 3473 1037 3541 Commento
1062 3495 1100 3540 su
1125 3474 1231 3540 Dante
1247 3462 1297 3561 (²).

648 3591 675 3659 ll
701 3614 783 3683 grau
809 3601 956 3660 eoncetto
981 3590 1034 3659 nel
1060 3591 1157 3683 quale
1183 3590 1291 3660 aveasi
1309 3593 1415 3660 Dante
1433 3615 1539 3661 mosse
1556 3591 1579 3659 il
1595 3591 1743 3660 Comune

570 3712 605 3782 di
625 3714 759 3781 Firenze
779 3736 799 3780 a
819 3711 953 3781 tondere
974 3734 1039 3780 una
1061 3711 1222 3791 Cattedra‚
1244 3711 1330 3780 dalla
1347 3700 1485 3806 quale'il
1503 3734 1630 3781 sommo
1646 3720 1741 3802 poeta

570 3833 656 3902 losse
673 3831 819 3923 spiegato
836 3830 1106 3923 pubblicamente,
1125 3855 1143 3899 e
1160 3854 1220 3900 con
1237 3831 1365 3901 decreto
1378 3832 1429 3901 del
1448 3839 1469 3905 9
1484 3831 1632 3925 diaprile
1648 3836 1739 3903 1373

572 3951 697 4020 destinb
722 3973 742 4018 3
772 3950 892 4020 sillatto
927 3949 1034 4019 uffizio
1065 3950 1089 4019 il
1123 3950 1306 4033 Boccaccio,
1336 3951 1360 4021 il
1390 3952 1487 4044 quale
1515 3951 1581 4024 a'3
1615 3950 1741 4020 ottobre

570 4069 657 4139 dello
682 4081 784 4139 stesso
809 4094 896 4140 anuo
920 4070 1080 4140 comineid
1097 4071 1127 4141 la
1148 4094 1207 4140 sua
1225 4071 1344 4141 lettura
1361 4072 1447 4141 nella
1467 4071 1576 4140 chiesa
1592 4071 1623 4139 di
1641 4072 1742 4141 Santo

570 4191 713 4260 81013110.
741 4192 932 4260 Benvenuto
958 4190 991 4259 vi
1016 4190 1042 4259 si
1069 4192 1143 4259 recb
1168 4191 1209 4260 da
1234 4192 1380 4285 Bologna
1405 4192 1447 4261 ad
1465 4193 1558 4262 udire
1574 4192 1598 4260 il
1615 4215 1675 4261 suo
1692 4192 1742 4261 di-

571 4312 651 4381 10110
677 4321 868 4403 preccttore.
900 4315 941 4379 10
974 4311 1113 4380 interiori
1143 4312 1255 4381 circulo
1288 4326 1328 4380 est
1361 4313 1493 4382 Abbatio
1525 4314 1742 4382 0000010100

569 4432 669 4501 suncti
684 4432 846 4510 benedicti,
864 4431 949 4522 cadus
966 4432 1084 4501 ecclesio
1100 4431 1212 4500 decitur
1229 4435 1358 4501 Sanctus
1371 4434 1550 4524 Stephanus,
1568 4434 1622 4502 ubi
1636 4435 1743 4503 certius

571 4567 599 4623 et
623 4553 793 4622 ordirudius
813 4554 1017 4645 pulsabantur
1042 4553 1134 4629 lore,
1160 4576 1254 4643 quum
1280 4553 1313 4621 io
1338 4554 1444 4645 0110110
1469 4555 1532 4623 olio
1557 4555 1742 4624 0101031001-

567 4673 689 4751 citatim
715 4696 783 4763 que
808 4686 908 4741 101010
931 4672 1018 4741 bodie
1044 4684 1084 4740 cst
1108 4672 1180 4739 sotis
1205 4672 1596 4763 100111100101100910010,
1621 4686 1656 4741 ut
1678 4672 1745 4740 ciui

632 4857 660 4920 (¹)
676 4857 809 4907 81101111
826 4859 955 4921 Epistulae,
973 4873 1031 4921 pars
1047 4858 1080 4917 ll,
1098 4872 1123 4920 p.
1139 4862 1178 4908 tt.

633 4932 661 4997 (¹)
678 4934 782 4994 maes,
807 4936 864 4986 l'itn
879 4934 967 4985 Amba.
988 4935 1112 4991 Comata..
1129 4935 1150 4993 l,
1168 4948 1223 4998 pag.
1240 4947 1358 4987 cccxxxv
1374 4943 1401 4989 et
1416 4950 1522 4989 mu,
