4154 6546
579 784 626 854 78
975 799 1177 854 cousuruu
1202 800 1352 852 mrunur

573 941 672 1037 dam,
688 943 824 1038 patebit
840 944 940 1017 clare
963 942 994 1015 si
1019 948 1061 1014 tu
1086 962 1126 1016 es
1143 961 1232 1016 vere
1249 940 1378 1015 nobilis
1391 933 1429 1032 (¹)
1446 948 1484 1016 et
1508 942 1695 1037 mirabilis,
1712 943 1750 1016 iu

574 1083 648 1156 qua
672 1063 841 1137 ostendes
866 1063 977 1137 altam
995 1062 1193 1157 potentiam
1216 1069 1331 1138 tuam.
1355 1062 1400 1134 Et
1424 1061 1482 1136 hic
1508 1069 1605 1156 nota,
1623 1064 1750 1157 lector,

575 1181 673 1274 quod
700 1181 823 1256 nescio
848 1181 973 1255 videro
997 1181 1097 1275 quod
1121 1182 1213 1256 alius
1242 1187 1348 1276 poeta
1374 1200 1540 1273 unquam
1565 1187 1642 1255 tam
1669 1201 1750 1256 ma·

574 1299 715 1396 gnifice,
731 1306 805 1374 tam
825 1300 976 1374 fidenter
993 1300 1119 1375 lecerit
1136 1300 1403 1375 invocationem
1419 1319 1538 1393 suam,
1551 1319 1618 1395 per
1634 1321 1747 1393 quam

576 1409 729 1493 ostendit
756 1418 854 1511 quod
880 1409 1096 1511 habueritl²)
1120 1440 1294 1516 magnam
1313 1417 1485 1494 fiduciam
1503 1419 1561 1493 sui
1576 1420 1666 1493 dum
1693 1420 1749 1492 iu-

577 1544 683 1612 vocat
709 1539 806 1612 vires
831 1538 1000 1632 scientiae,
1027 1538 1281 1634 intelligentiae,
1308 1545 1345 1615 et
1371 1539 1571 1614 memoriae.
1680 1624 1682 1628 Α

649 1662 690 1731 lo
715 1661 906 1730 cominrioi.
933 1658 1004 1732 lsta
1028 1665 1083 1732 est
1109 1659 1269 1733 secunda
1290 1679 1374 1752 pars
1400 1659 1594 1754 generalis,
1620 1661 1657 1731 in
1675 1679 1749 1752 qua

576 1785 685 1853 autor
716 1784 839 1853 movet
871 1778 1027 1851 dubium
1052 1779 1200 1874 Virgilio
1224 1780 1271 1853 de
1300 1778 1553 1853 insufficientia
1584 1799 1662 1853 sua.
1696 1779 1750 1853 Ad

576 1899 683 1992 cujus
700 1899 753 1971 rei
770 1897 1043 1992 intelligentiam
1069 1903 1124 1970 est
1145 1897 1239 1971 bene
1263 1898 1541 1992 praenotandum
1559 1898 1658 1991 quod
1684 1898 1750 1972 ista

577 2018 719 2112 questio
736 2023 773 2091 et
789 2016 983 2109 contentio,
1001 2037 1114 2110 quam
1131 2016 1248 2090 lutor
1265 2017 1367 2113 lingit
1384 2038 1425 2092 se
1441 2018 1499 2092 hic
1525 2018 1646 2092 lacere
1663 2037 1750 2091 cum

576 2137 735 2234 Virgilio,
754 2157 827 2209 non
845 2142 899 2209 est
923 2135 1022 2209 aliud
1048 2158 1162 2230 quam
1179 2138 1348 2230 quaedam
1374 2138 1471 2211 lucta
1489 2137 1621 2212 mentis
1638 2142 1676 2209 et
1693 2154 1753 2209 re·

576 2256 773 2353 pugnantia
796 2255 890 2327 inter
906 2255 1093 2329 hominem
1119 2262 1155 2329 et
1181 2256 1371 2330 rationem.
1389 2247 1631 2330 Examinabat
1652 2255 1751 2329 euim

575 2383 683 2450 autor
709 2377 803 2449 intra
824 2395 865 2447 se
881 2374 978 2448 vires
1001 2395 1099 2468 suas,
1121 2381 1158 2448 et
1176 2374 1356 2470 arguebat
1372 2381 1409 2449 et
1425 2375 1605 2470 obiciebat
1625 2379 1751 2447 contra

576 2516 633 2569 se:
652 2501 693 2567 tu
712 2514 785 2568 nou
803 2514 843 2566 es
859 2494 1052 2587 Homerus,
1071 2500 1112 2566 tu
1128 2494 1392 2590 nouVirgilius3
1405 2501 1447 2567 tu
1460 2515 1534 2568 nou
1548 2494 1704 2589 attinges
1714 2483 1751 2584 (³)

576 2614 829 2688 excellentiam
863 2612 1090 2685 famosorum
1124 2619 1330 2706 poetarum,
1361 2619 1397 2686 et
1426 2632 1493 2707 per
1524 2631 1752 2706 consequens

578 2752 672 2825 opus
689 2737 795 2802 tuum
814 2751 886 2802 uon
904 2729 972 2803 erit
990 2731 1052 2802 diu
1069 2730 1105 2802 in
1123 2731 1264 2824 preci03
1278 2731 1365 2824 imo,
1375 2731 1469 2804 sicut
1484 2731 1569 2804 dicit
1581 2730 1752 2804 Horatius

578 2849 625 2924 ad
643 2849 778 2922 librum
801 2868 924 2941 suum,
950 2848 1021 2921 cito
1038 2849 1242 2942 portabitur
1268 2849 1314 2923 ad
1336 2850 1540 2943 stationem,
1558 2855 1594 2924 et
1612 2850 1753 2922 lacera·

579 2969 677 3042 bitur
703 2968 749 3041 ad
774 2968 935 3042 dandum
962 2988 1147 3062 saponem.
1174 2969 1276 3043 Unde
1292 2975 1401 3043 autor
1418 2969 1616 3062 incoeperat
1634 2968 1753 3061 primo

580 3088 740 3162 scribere
766 3088 964 3181 literaliter,
990 3095 1115 3182 postea
1140 3090 1279 3183 scripsit
1304 3091 1515 3185 vulgariter.
1543 3090 1668 3163 Talem
1694 3090 1753 3162 lu-

579 3212 677 3280 ctam
705 3205 835 3279 mentis
861 3212 1034 3299 expertus
1059 3228 1143 3280 sum
1169 3207 1206 3280 iu
1231 3228 1292 3281 me
1318 3208 1395 3301 ipso
1419 3214 1619 3300 antequam
1637 3207 1751 3281 aude-

581 3345 661 3399 rem
687 3325 848 3398 scribere
874 3345 985 3419 super
1010 3326 1145 3399 librum
1172 3327 1282 3399 istum
1308 3334 1384 3401 tam
1410 3327 1668 3401 universalem.
1688 3327 1752 3400 llic

580 3454 706 3521 autem
737 3445 856 3519 oritur
886 3445 1050 3538 questio,
1085 3466 1169 3539 quae
1201 3447 1293 3520 solet
1318 3465 1404 3539 sepe
1429 3443 1507 3520 fleri
1539 3452 1575 3519 et
1602 3446 1752 3520 merito:

582 3585 710 3660 quare,
736 3564 881 3657 scilicet,
908 3564 964 3636 vir
997 3569 1107 3637 tantae
1145 3566 1344 3638 literature
1369 3570 1406 3638 et
1431 3564 1588 3638 scientim
1614 3564 1754 3657 scripsit

583 3684 783 3781 vulgariter
808 3690 845 3756 et
871 3687 1065 3757 materne?
1090 3683 1291 3757 Dicendum
1321 3683 1481 3757 breviter
1495 3672 1532 3773 (⁸)
1560 3682 1683 3754 multis
1707 3681 1754 3756 de

581 3803 724 3878 causis:
749 3802 880 3895 primo,
900 3808 939 3874 ut
965 3802 1129 3898 pluribus
1149 3800 1353 3895 proliceret,
1371 3807 1408 3876 et
1426 3799 1587 3873 maxime
1612 3799 1753 3894 italicis,

582 3924 645 4018 qui
671 3942 746 4016 prae
772 3921 902 3995 ceteris
927 3922 965 3994 in
988 3922 1137 4016 poeticis
1167 3921 1406 4015 delectantur,
1436 3921 1511 3995 imo
1541 3922 1645 4014 quasi
1675 3922 1751 3994 soli.

582 4043 618 4116 Si
630 4034 667 4132 (⁵)
694 4040 790 4113 enim
819 4040 1016 4136 scripsisset
1034 4039 1231 4133 literaliter,
1249 4061 1322 4113 nou
1345 4041 1555 4134 profecisset
1581 4041 1647 4114 uisi
1673 4041 1753 4114 lite-

584 4166 682 4258 ratis,
709 4186 777 4240 uec
802 4164 972 4239 omnibus
997 4163 1157 4256 literatis,
1176 4162 1239 4236 sed
1260 4163 1395 4255 paucis.
1423 4162 1520 4236 Fecit
1546 4183 1636 4258 ergo
1661 4184 1754 4258 opus

583 4304 774 4377 uunquam
800 4284 950 4377 lactum,
968 4283 1005 4356 in
1022 4302 1096 4376 quo
1112 4281 1345 4356 literatissimi
1362 4286 1399 4355 et
1416 4282 1668 4376 sapientissimi
1685 4282 1755 4356 viri

582 4409 732 4498 possunt
762 4403 951 4497 speculari.
978 4401 1158 4494 Secundo,
1185 4401 1270 4494 quia
1296 4406 1417 4495 autor,
1444 4401 1569 4476 videus
1594 4401 1755 4475 liberalia

645 4674 670 4726 θ)
686 4670 711 4718 S.
730 4670 847 4719 notabilis
862 4677 889 4720 ct
905 4671 1037 4721 mirabills.
1049 4698 1080 4710 -
1092 4676 1145 4731 tlt,
1163 4672 1264 4729 nobilis,
1282 4674 1307 4722 ln
1324 4686 1383 4736 qna.

646 4744 672 4801 (¹)
689 4745 719 4793 Ε.
737 4743 834 4794 habult.
1179 4745 1207 4807 (Ἴ
1225 4747 1256 4796 Ε.
1273 4749 1382 4811 attingis.

647 4819 673 4876 ζ’)
689 4817 714 4867 S.
733 4818 801 4881 quod
818 4817 868 4868 hoc
884 4818 947 4868 lecit
961 4819 1059 4869 multis.

648 4894 675 4953 (¹)
691 4893 716 4943 S.
734 4893 803 4942 unde
818 4893 839 4941 si
855 4893 1005 4955 scripsisset.
1016 4921 1044 4930 -
1057 4894 1088 4944 Ε.
1105 4895 1125 4944 si
1141 4899 1228 4944 autem
1245 4896 1394 4959 scripsisset.
