4154 6546
448 792 519 857 28ss
843 799 1044 854 commu
1067 800 1218 854 mmm

447 965 565 1038 quaro
578 938 614 1036 (¹)
640 944 846 1019 Biondollus
869 944 935 1018 ivit
957 964 1088 1020 vorsus
1121 944 1255 1041 logium
1278 943 1548 1040 ddimsrorum
1570 949 1610 1020 et

447 1065 599 1138 (incius
616 1069 794 1157 sequutus
812 1069 984 1157 osteum,
1001 1070 1197 1159 expectans
1214 1061 1339 1138 vidoro
1354 1070 1528 1138 montrum
1546 1066 1609 1138 roi.

446 1183 517 1258 sod
541 1183 712 1257 dominus
733 1181 931 1277 Philippus,
957 1182 1021 1276 qui
1041 1202 1114 1256 non
1130 1189 1301 1277 pomornt
1316 1181 1528 1279 oenungere
1546 1182 1612 1277 bu-

449 1302 626 1377 rnmrium
642 1292 693 1393 (¹),
718 1300 838 1375 stabnt
861 1306 961 1375 totus
992 1301 1160 1375 turbatus
1185 1307 1223 1376 nt
1246 1300 1398 1375 mdnbut
1423 1321 1466 1376 so
1490 1301 1610 1396 ipsum

447 1421 483 1494 in
507 1420 630 1494 animo
647 1410 697 1514 (³),
722 1419 809 1513 quia
833 1419 1045 1514 extimabo,
1070 1419 1168 1514 quod
1193 1420 1399 1495 Blondollus
1421 1421 1469 1494 ad
1484 1409 1520 1512 (⁴)
1543 1440 1612 1516 po-

448 1547 541 1612 stam
564 1538 718 1613 alicuius
743 1538 884 1613 recinet
907 1538 974 1613 sibi
1001 1559 1111 1612 unum
1128 1531 1164 1631 (⁵)
1191 1539 1352 1613 trudam.
1377 1541 1421 1613 nt
1445 1559 1531 1616 ecoe
1554 1541 1611 1613 in-

448 1658 554 1732 torim
584 1657 829 1750 Blondedum3
859 1657 923 1731 cui
951 1657 1073 1730 stadim
1104 1657 1273 1732 dominus
1302 1656 1485 1753 Philippus¹
1514 1659 1611 1733 venit

448 1777 485 1849 in
508 1795 717 1850 occursum.
744 1775 788 1847 Et
811 1797 929 1868 quum
957 1776 1163 1850 Biondolius
1186 1778 1336 1872 ignarus
1355 1777 1492 1851 dnudis
1508 1777 1612 1852 factm

449 1906 576 1971 contra
602 1915 701 1988 eum,
727 1894 902 1968 salutaret
927 1893 1043 1988 illum,
1068 1894 1261 1993 Phlippos,
1281 1896 1347 1989 qui
1362 1902 1442 1970 erut
1457 1913 1612 1990 corporo

449 2035 618 2110 magnus,
643 2033 834 2107 nervosus,
858 2013 973 2108 fortis,
999 2013 1207 2108 iracundus,
1225 2014 1413 2110 indignans
1427 2014 1525 2090 dedit
1545 2016 1610 2089 sihi

448 2156 535 2207 cum
560 2154 686 2229 pugno
711 2153 889 2230 magnum
915 2133 1028 2210 ictum
1054 2134 1091 2205 in
1113 2132 1254 2208 faciem.
1273 2133 1317 2206 ot
1332 2133 1517 2207 Biondollo
1536 2135 1612 2207 cia·

451 2260 597 2328 munte:
623 2254 703 2328 Heu
730 2252 836 2326 mihi!
862 2252 950 2347 quid
975 2259 1030 2327 est
1053 2255 1134 2346 noc,
1158 2252 1312 2326 Domine
1330 2251 1410 2324 mi?
1429 2252 1611 2346 Philippus

447 2372 723 2466 apprehendens
748 2392 835 2446 eum
861 2391 928 2466 por
952 2371 1084 2465 crines,
1108 2369 1249 2446 abiecto
1266 2371 1425 2465 onputio,
1439 2369 1611 2445 fulmina·

448 2493 508 2564 bat
525 2511 636 2585 super
653 2512 741 2566 eum
759 2512 885 2584 manu,
903 2496 939 2565 et
955 2491 1078 2586 lingua
1096 2489 1298 2566 clamabat:
1316 2490 1501 2564 Proditor!
1517 2491 1612 2564 beno

448 2608 595 2700 videbis,
622 2608 708 2701 quid
732 2616 788 2682 ost
812 2608 892 2681 hoo
917 2608 1033 2694 Quale
1058 2608 1232 2682 rubinaro
1255 2608 1366 2682 mittis
1391 2616 1432 2683 m
1453 2608 1502 2683 nd
1526 2614 1612 2682 mo?

450 2730 549 2802 Bone
571 2727 751 2800 rubinabo
776 2732 824 2801 to
849 2727 982 2801 Videor
1007 2747 1054 2801 no
1078 2727 1142 2800 tibi
1158 2747 1252 2821 puer
1269 2728 1472 2803 irridendus
1485 2718 1552 2818 dp?
1569 2728 1611 2799 nt

452 2847 504 2920 sic
526 2845 680 2920 dicendo
704 2865 789 2919 cum
816 2844 947 2941 pugnis
972 2845 1058 2939 suis,
1082 2846 1145 2939 qui
1172 2846 1386 2921 videbantur
1405 2847 1471 2921 sibi
1490 2845 1611 2936 immi,

448 2965 556 3060 fregit
581 2964 649 3039 sibi
674 2971 791 3039 totum
818 2965 950 3057 visum,
976 2971 1013 3040 et
1037 2971 1155 3039 totum
1181 2973 1291 3060 caput
1308 2967 1490 3061 depilavit,
1507 2967 1613 3040 voiu-

449 3085 557 3158 tsndo
581 3084 702 3179 ipsum
718 3104 784 3179 per
802 3085 944 3177 lutum3
960 3093 998 3159 ot
1014 3092 1219 3159 cum-tunm
1236 3086 1354 3160 studio
1369 3077 1406 3177 (⁷)
1423 3085 1612 3179 repotobut

449 3204 615 3297 verbera,
640 3204 739 3297 quod
765 3224 969 3297 numquam
993 3204 1199 3279 Blondellus
1224 3204 1340 3299 potuit
1355 3204 1478 3281 dioere
1494 3224 1610 3278 unum

450 3323 607 3398 verbum
623 3323 671 3397 ad
688 3343 815 3398 reram
833 3323 1104 3399 excusationem
1122 3325 1189 3398 sui.
1207 3325 1364 3399 Domum
1381 3344 1499 3417 quum
1514 3324 1613 3397 mul-

448 3449 559 3516 tasset
589 3462 678 3516 eum
712 3440 836 3514 multis
865 3442 993 3534 brumis,
1024 3450 1061 3516 ot
1093 3442 1199 3517 multi
1231 3447 1493 3517 concurrentes
1526 3462 1610 3517 cum

448 3560 610 3634 maximo
635 3559 761 3634 labore
785 3560 966 3634 emissent
978 3550 1016 3650 (⁸)
1032 3560 1136 3633 illum
1153 3560 1199 3636 do
1216 3558 1384 3634 manibus
1400 3561 1476 3633 suis
1489 3552 1540 3652 (⁹),
1557 3559 1612 3632 di-

447 3679 578 3753 oebunt
600 3677 799 3771 Blnndolio,
822 3677 922 3770 quod
946 3679 1023 3772 ipso
1046 3678 1147 3752 famo
1171 3684 1298 3774 egerat
1323 3678 1498 3753 mittendo
1527 3678 1611 3750 Phi-

448 3797 542 3893 lippo
555 3787 609 3888 (ω)
626 3794 808 3870 ribaidum
826 3816 913 3870 cum
931 3796 1040 3871 dusoo
1062 3802 1100 3871 et
1119 3795 1250 3890 truffis,
1267 3796 1354 3890 quin
1367 3789 1420 3888 (¹¹)
1437 3797 1531 3872 bono
1544 3794 1612 3870 de-

447 3917 557 3990 nouat
592 3916 697 4010 seire,
734 3916 832 4008 quod
869 3915 1039 3990 dominus
1070 3916 1251 4012 Phiiippus
1284 3935 1358 3990 non
1390 3925 1471 3991 erut
1501 3918 1611 3991 homo

449 4035 711 4110 mmmmndus.
742 4032 951 4109 Bionddlns
981 4041 1109 4110 autom
1140 4035 1297 4131 plorans,
1332 4037 1610 4127 excusandae,

447 4155 546 4248 quod
569 4174 760 4248 nunqnam
783 4153 1005 4230 miseratur
1028 4175 1117 4230 oum
1141 4176 1209 4251 pro
1234 4157 1336 4250 vino3
1357 4164 1395 4232 ot
1411 4158 1531 4231 statim
1548 4176 1613 4231 oo-

447 4273 585 4368 gimvit,
613 4274 684 4348 boo
711 4273 849 4348 fuctum
878 4273 989 4348 fuisse
1016 4294 1128 4370 opem
1163 4273 1296 4369 Cinmi,
1329 4273 1392 4369 qni
1407 4268 1460 4368 (¹²)
1493 4275 1612 4351 solini-

508 4504 534 4563 υ)
551 4502 583 4553 n.
597 4516 679 4568 qur·
694 4504 747 4569 pse
762 4504 923 4558 nonnum
1064 4506 1092 4568 ρ)
1108 4507 1139 4557 r„
1155 4507 1332 4561 urrunnu

507 4577 535 4640 (⁸)
549 4580 582 4630 ii.
596 4580 684 4632 uino
699 4583 854 4634 minumus.
1066 4583 1093 4645 (·)
1109 4582 1134 4633 S.
1151 4582 1183 4632 ad
1199 4582 1410 4645 pannonum

508 4653 536 4714 (’)
551 4655 582 4703 E.
599 4655 666 4706 huno
682 4655 796 4708 trunam.
1063 4657 1092 4722 (⁸)
1108 4657 1134 4709 S.
1150 4658 1281 4710 ridendus.

508 4728 534 4788 (⁷)
551 4728 581 4778 B.
597 4733 669 4781 tamo
685 4730 784 4783 rurore.
1064 4732 1091 4796 (’)
1108 4737 1162 4793 1¹⁸,
1178 4735 1340 4797 empsim.
1350 4733 1420 4785 -R
1432 4735 1610 4785 munuum.

508 4801 766 4865 ‹ps.0ruoeums
1055 4808 1404 4874 ponnus-smum

499 4872 538 4939 (¹¹)
554 4881 608 4940 no,
624 4880 736 4944 siquod
751 4881 824 4933 usne.
1054 4884 1221 4964 (unqu.
