4154 6546
451 781 521 846 ent
844 788 1047 844 communi
1071 788 1225 844 rursum
1292 842 1294 847 .

450 942 657 1011 neratorem
686 953 876 1007 summum
904 940 941 1008 et
965 953 1181 1029 supremum
1206 933 1383 1007 emnium.
1402 933 1475 1008 lste
1492 912 1618 1007 autem

448 1056 515 1130 luit
540 1055 689 1148 qnidam
717 1055 820 1130 miles
846 1055 1071 1148 florentinus,
1104 1055 1168 1148 qui
1194 1061 1345 1128 vocatus
1370 1066 1425 1130 est
1450 1056 1620 1129 dominus

450 1179 631 1251 lebannes
656 1175 879 1269 Baiamente‚
899 1176 962 1269 qni
981 1176 1135 1250 excessit
1155 1195 1283 1249 omnes
1308 1175 1365 1249 sui
1391 1176 1565 1271 temperis
1584 1176 1621 1248 in

448 1303 533 1372 actu
559 1317 701 1389 nsnrae3
728 1296 810 1370 iden
836 1297 930 1371 bene
956 1296 1069 1392 fingit,
1096 1296 1195 1390 qnod
1225 1316 1354 1371 omnes
1379 1297 1539 1372 usurarii
1572 1296 1620 1369 ibi

448 1417 609 1492 damnati
624 1435 720 1510 saepe
738 1423 870 1491 vocant
886 1416 1006 1510 ipsum
1021 1422 1209 1509 tamquam
1224 1416 1425 1511 principem
1439 1437 1617 1512 maguum

449 1538 552 1611 istius
576 1544 702 1629 sectae3
728 1537 799 1610 eni
814 1537 945 1610 merite
963 1537 1050 1610 dant
1070 1536 1229 1631 palmam
1248 1542 1285 1611 et
1306 1537 1532 1632 triumphum
1551 1560 1620 1632 pn-

448 1677 531 1753 gnae
567 1656 796 1751 pecuniaria,
830 1676 943 1748 qnam
975 1657 1042 1730 iste
1073 1675 1217 1750 semper
1253 1656 1337 1730 iacit
1366 1677 1452 1730 eum
1487 1658 1619 1754 pugnis
1607 1724 1638 1771 J

448 1777 562 1872 plenis
580 1783 616 1850 et
633 1776 773 1850 clausis.
793 1775 885 1849 Dicit
902 1795 992 1871 erge
1008 1775 1076 1850 iste
1093 1776 1214 1849 miles:
1232 1777 1293 1849 Isti
1315 1777 1485 1871 usurarii,
1506 1799 1620 1870 spesse

445 1900 529 1989 fiale
541 1899 764 1969 m'intrenun
776 1898 801 1968 n·
812 1898 959 1985 orecclri,
977 1895 1122 1989 scilicet,
1140 1895 1288 1969 turbant
1305 1897 1471 1969 auditum
1490 1916 1617 1971 meum

448 2018 611 2092 clamore
635 2018 709 2090 alto
735 2023 773 2089 et
796 2016 948 2092 terribili
979 2016 1015 2088 in
1048 2015 1199 2089 modum
1231 2016 1392 2111 tonitrui,
1417 2022 1619 2109 qmdnndm

358 2130 363 2138 ’
456 2144 572 2228 Veqna
604 2140 632 2209 il
661 2139 815 2209 euvnlier
843 2157 1023 2228 suprano5
1056 2142 1094 2210 et
1125 2135 1176 2210 sic
1201 2136 1294 2229 vide,
1320 2137 1419 2229 qund
1448 2117 1632 2213 dominu?

450 2259 632 2332 lebannes
657 2257 870 2331 Baiamente
896 2257 1041 2331 vivebat
1057 2251 1105 2349 (¹),
1122 2257 1217 2331 sicut
1233 2264 1270 2331 et
1287 2258 1456 2332 dominns
1473 2260 1619 2335 Vitalia-

450 2401 520 2453 nus
545 2378 602 2453 del
628 2379 763 2471 bente3
794 2399 955 2471 quornm
987 2385 1189 2471 utrumque
1221 2388 1330 2454 autor
1363 2380 1461 2473 penit
1494 2402 1562 2475 pre
1582 2372 1618 2473 θ)

450 2499 670 2589 damnande,
696 2498 782 2590 quia
808 2497 1004 2572 verisimile
1016 2488 1053 2590 (³)
1081 2498 1283 2592 videbatur,
1302 2499 1401 2592 qund
1428 2500 1482 2573 isti
1508 2501 1620 2575 debe·

451 2624 533 2693 rent
559 2618 685 2692 venire
701 2617 748 2690 ad
768 2617 979 2713 augendum
998 2623 1035 2691 et
1052 2618 1292 2712 supplendum
1311 2640 1509 2693 numerum
1531 2620 1618 2694 iste-

450 2760 534 2812 rum
561 2738 830 2831 detunctorum,
855 2759 1015 2832 querum
1042 2738 1192 2834 vestigia
1209 2740 1457 2832 sequebantur
1477 2741 1514 2813 in
1531 2742 1616 2836 vita,

450 2862 525 2936 imo
550 2858 834 2934 dominabantur
859 2879 989 2933 omnes
1014 2860 1050 2932 in
1076 2859 1233 2953 loenore3
1260 2860 1341 2935 iden
1366 2862 1460 2936 bene
1485 2871 1618 2937 vocant

448 2982 557 3056 istum
586 2984 686 3052 tante
712 2978 841 3071 studio,
869 2984 909 3050 ut
935 2984 1034 3073 tegat
1060 2978 1244 3052 infamiam
1276 3001 1419 3075 eorum,
1446 2983 1505 3056 vel
1530 2982 1617 3075 qnia

446 3104 608 3176 solatum
636 3106 687 3171 est
715 3102 850 3172 misnia
878 3102 991 3171 socios
1019 3101 1146 3172 babere
1172 3121 1358 3191 penarum
1370 3128 1386 3194 ;
1416 3101 1491 3176 imo
1513 3103 1617 3196 pravi

447 3228 620 3318 reputant
652 3221 717 3294 sibi
751 3219 798 3293 ad
831 3239 1005 3314 magnam
1036 3219 1202 3315 gloriam,
1234 3220 1380 3312 qnando
1411 3220 1547 3296 babent
1579 3221 1616 3294 in

447 3362 584 3440 genere
610 3362 678 3414 suo
706 3360 822 3412 unum
840 3340 1184 3414 excellentissimum
1210 3340 1247 3413 in
1274 3341 1421 3435 malitia,
1439 3348 1476 3414 et
1498 3341 1618 3437 ipsum

447 3466 632 3556 quaerunt,
658 3459 824 3554 diligunt,
850 3460 1041 3553 honorant,
1068 3469 1105 3536 et
1129 3459 1357 3536 delectantur
1387 3481 1466 3536 esse
1495 3461 1532 3534 in
1558 3483 1619 3536 sn-

448 3582 578 3658 eietate
603 3601 680 3654 sna.
708 3580 752 3652 Et
776 3580 945 3654 describit
970 3580 1080 3657 istnm
1102 3581 1316 3674 Jobannem,
1336 3580 1431 3656 sient
1456 3594 1493 3659 et
1517 3584 1618 3677 alins,

448 3703 496 3778 ab
521 3706 712 3775 armatura
737 3721 816 3793 sua,
843 3721 927 3793 qnae
951 3706 1031 3774 erat
1056 3721 1208 3795 campus
1225 3722 1375 3795 aureus,
1396 3724 1481 3776 eum
1501 3704 1641 3816 tribus-l

447 3822 556 3896 bircis
581 3821 693 3917 nigris
719 3820 971 3913 currentibus3
991 3820 1087 3894 unde
1103 3821 1206 3894 dicit:
1225 3825 1285 3894 ebe
1307 3814 1451 3896 reederd
1468 3827 1505 3897 la
1522 3832 1620 3898 tusca

447 3963 513 4016 cun
538 3950 589 4015 tre
614 3942 735 4015 becclci.
763 3942 806 4014 Et
830 3940 882 4013 sic
906 3951 1004 4034 neta,
1030 3941 1128 4033 quod
1152 3949 1262 4016 autor
1284 3943 1453 4017 describit
1479 3966 1617 4019 unum-

448 4082 636 4156 quemque
661 4062 708 4135 ab
725 4050 761 4153 (⁴)
788 4081 834 4135 eo
865 4060 962 4152 qued
992 4069 1121 4155 potest,
1149 4063 1207 4136 vel
1236 4083 1258 4135 a
1288 4063 1485 4157 nobilitate,
1512 4065 1570 4139 vel
1595 4088 1619 4141 a

446 4182 630 4278 dignitate,
649 4182 707 4256 vel
732 4181 779 4255 ab
805 4181 1049 4255 immensitate
1073 4182 1303 4276 divitiarum3
1322 4203 1395 4256 non
1420 4205 1443 4258 a
1467 4184 1617 4279 virtute,

447 4324 531 4397 quae
557 4322 628 4376 nen
654 4308 734 4377 erat
768 4301 804 4375 in
836 4301 899 4374 eis.
925 4301 985 4374 lsti
1016 4320 1106 4397 ergo
1138 4302 1259 4397 magni
1294 4303 1424 4376 milites
1449 4310 1618 4378 certave-

447 4430 528 4498 rant
541 4414 579 4516 (⁵)
604 4444 671 4517 pre
701 4423 798 4496 bono
829 4421 975 4516 publice
999 4421 1163 4496 iaciendo
1197 4423 1312 4495 teneri
1343 4442 1495 4518 magnes
1525 4423 1617 4498 ban-

446 4564 509 4618 eos
535 4543 570 4616 in
596 4542 739 4638 magnis
763 4541 969 4616 civitatibus
1001 4541 1048 4615 ad
1079 4541 1369 4616 subveniendum
1395 4542 1617 4637 generaliter

508 4756 536 4820 (¹)
553 4758 578 4806 S.
595 4758 679 4807 adbuc
695 4758 803 4808 vivebat.
1033 4756 1061 4819 (¹)
1079 4758 1109 4807 ll.
1126 4772 1174 4821 pro
1190 4757 1319 4817 damnato,
1336 4757 1404 4821 quia.

508 4833 535 4896 (¹)
552 4837 604 4893 tlt,
621 4833 803 4884 veridmtiiter.
1033 4833 1060 4897 (¹)
1076 4833 1101 4884 S.
1118 4846 1329 4898 unumquemque
1345 4834 1456 4884 istorum
1473 4833 1505 4883 ab
1521 4848 1561 4886 eo.

508 4909 536 4974 (⁸)
551 4908 576 4960 S.
593 4914 753 4963 vacaverant
