4154 6546
751 785 890 840 clnrus
916 784 1081 840 nummus.
1430 770 1500 842 335

330 950 417 1005 eum
449 931 496 1006 de
524 932 606 1024 boc,
637 937 674 1005 et
704 930 789 1005 dicit
819 930 918 1025 quod
943 952 1017 1005 non
1043 930 1091 1004 ob
1115 929 1225 1004 aliam
1250 950 1400 1005 causam
1427 931 1503 1025 ipse

330 1059 423 1126 tacet
450 1052 633 1127 interdum
658 1051 835 1126 desideria
860 1073 939 1146 sua,
959 1052 1025 1126 uisi
1051 1059 1093 1124 ut
1118 1071 1192 1124 non
1209 1051 1394 1146 displiceat
1410 1051 1499 1145 sibi3

327 1174 390 1247 sed
416 1174 492 1266 ipse
516 1173 605 1247 alias
629 1171 750 1245 didicit
775 1172 823 1245 ab
847 1192 892 1247 eo
910 1192 1018 1266 saepe,
1040 1179 1078 1246 et
1096 1172 1205 1247 medo
1221 1171 1267 1245 de
1284 1192 1380 1245 novo
1396 1171 1499 1245 discit

327 1295 448 1371 dicere
459 1315 595 1390 pauea3
614 1294 714 1368 unde
730 1293 831 1368 dicit:
855 1301 888 1366 ct
902 1297 951 1385 io,
968 1293 1059 1367 idest
1076 1314 1147 1388 ego
1164 1293 1297 1366 Dentes
1315 1292 1499 1386 respondi:

327 1417 458 1489 obuon
481 1418 586 1507 dccc,
612 1415 705 1489 idest
728 1435 751 1488 0
776 1415 902 1511 virgili
927 1415 991 1509 qui
1017 1415 1112 1490 bene
1137 1435 1199 1489 me
1223 1413 1376 1488 docuisti
1400 1414 1501 1508 loqui

327 1537 526 1630 modicum,
551 1539 586 1609 io
610 1557 682 1608 non
707 1543 809 1626 tepno
833 1543 994 1609 nascorto
1019 1557 1044 1608 o
1070 1538 1190 1609 tcmio
1206 1555 1302 1625 core,
1319 1534 1412 1609 idest
1427 1554 1500 1607 nou

330 1663 432 1731 taceo
456 1663 655 1750 conceptus
665 1647 703 1746 (¹)
721 1655 841 1729 cordis
857 1655 942 1749 mei,
959 1677 997 1728 sc
1012 1676 1085 1728 non
1095 1676 1164 1747 per
1179 1657 1275 1728 dicer
1289 1674 1392 1746 poco,
1410 1652 1502 1727 idest

328 1783 371 1849 ut
386 1776 454 1849 sim
476 1774 725 1870 parviloquus,
753 1775 840 1869 quia
863 1775 975 1850 timeo
992 1795 1072 1850 esse
1090 1775 1153 1849 tibi
1171 1764 1412 1883 molestusss),
1429 1795 1448 1845 c
1464 1779 1500 1846 tu

328 1899 373 1968 m'
386 1898 446 1968 ici
469 1898 622 1987 disperio
646 1915 671 1967 c
695 1887 763 1985 cid,
788 1894 925 1970 scilicet
938 1886 976 1987 (³)
1002 1896 1049 1970 ad
1079 1895 1265 1969 modicum
1291 1895 1404 1989 loqui,
1428 1914 1501 1966 non

323 2036 396 2107 por
429 2035 499 2106 mo,
525 2014 629 2108 quasi
655 2014 771 2088 dicat:
797 2014 872 2088 imo
900 2015 991 2090 alias
1015 2035 1112 2110 saepe
1137 2022 1174 2090 et
1189 2003 1227 2106 (⁴)
1253 2035 1351 2088 nunc
1376 2014 1498 2089 etlam.

327 2135 430 2209 Unde
455 2141 541 2209 nota
567 2134 666 2228 quod
691 2134 862 2230 Virgilius
886 2135 954 2208 luit
967 2127 1006 2227 (⁵)
1027 2134 1133 2209 valde
1149 2142 1295 2210 amator
1312 2134 1500 2210 brevitatis

328 2255 364 2328 in
391 2255 574 2349 loquendo
600 2262 638 2330 et
659 2254 861 2347 scribendo,
891 2254 984 2328 sicut
1012 2253 1151 2328 dictum
1177 2260 1234 2330 est
1258 2255 1417 2350 capitulo
1442 2254 1498 2346 lv,

326 2382 363 2449 et
383 2396 480 2471 saepe
496 2375 626 2449 suadet
643 2374 861 2450 brevitatem
878 2375 915 2448 in
931 2375 1032 2448 libris
1047 2375 1139 2469 suis3
1156 2376 1255 2450 uude
1272 2375 1366 2449 libro
1382 2375 1499 2449 Geor-

325 2495 494 2590 gicorum
526 2496 634 2570 dicit:
672 2497 810 2588 Optima
839 2514 982 2587 quoquc
1018 2497 1090 2568 dics
1127 2498 1261 2569 miseris
1291 2496 1495 2568 nortatibus

325 2619 393 2689 oeui
412 2619 536 2690 Prima
549 2619 641 2711 sopit
664 2623 723 2690 etc.
752 2623 791 2691 et
814 2616 913 2690 alibi:
939 2617 1002 2689 scd
1016 2619 1108 2709 sopit
1120 2618 1265 2707 interca,
1288 2619 1380 2709 sopit
1401 2619 1495 2690 irre-

323 2738 486 2826 parabile
504 2743 645 2829 tcmpus.
664 2735 836 2811 Similiter
851 2744 961 2810 autor
979 2742 1102 2810 noster
1110 2727 1148 2828 (⁶)
1171 2757 1317 2812 mmme
1334 2736 1402 2810 luit
1419 2743 1496 2810 tar·

324 2856 505 2950 dlloquus,
536 2856 586 2930 ita
617 2857 716 2951 quod
746 2878 832 2932 raro
861 2858 920 2932 vel
950 2878 1156 2952 numquam
1182 2857 1404 2951 loquebatur
1428 2857 1497 2930 nisi

326 2977 594 3073 interrogatum
620 2985 658 3053 et
679 2998 788 3072 saepe,
806 2978 1052 3074 iuterrogatus
1076 2977 1123 3053 de
1149 2998 1191 3053 re
1208 2997 1314 3072 rana,
1332 2976 1419 3051 nihil
1436 2997 1497 3051 re-

326 3096 535 3192 spondebat,
566 3106 604 3171 et
633 3098 782 3191 quando
814 3097 1056 3192 respondebat
1084 3097 1131 3171 de
1160 3117 1201 3172 re
1230 3096 1350 3193 digna,
1383 3097 1497 3171 verba

326 3221 404 3295 eius
421 3227 528 3295 erant
544 3220 669 3296 brevia
686 3226 724 3294 et
739 3219 959 3295 sententiosa
976 3219 1097 3312 valde3
1114 3218 1196 3292 ideo
1214 3218 1309 3293 bene
1325 3217 1410 3291 dicit
1422 3218 1498 3290 llo-

326 3341 455 3415 ratius:
477 3342 646 3432 Quicquid
658 3342 841 3432 promptos
857 3346 928 3412 esto
944 3339 1058 3412 brevis
1074 3342 1235 3411 etc-0
1257 3344 1374 3411 Toscc.
1393 3303 1514 3411 Numi

324 3466 433 3534 autor
453 3459 553 3555 ponit
569 3458 743 3534 ellectum
764 3458 1011 3554 promissionis
1028 3458 1179 3554 Virgilii,
1196 3458 1283 3552 quia
1300 3457 1497 3533 introducit

325 3602 443 3655 unum
461 3580 629 3676 spiritum
647 3579 868 3655 modernum
886 3586 1170 3654 conterraneum
1189 3600 1311 3653 suum.
1325 3577 1379 3652 Ad
1391 3577 1497 3652 cuius

323 3700 569 3797 cognitionem
595 3707 652 3774 est
674 3699 876 3793 sciendum,
897 3699 996 3793 quod
1014 3699 1081 3775 iste
1097 3699 1244 3794 spiritus
1261 3698 1329 3774 luit
1345 3697 1494 3792 quidam

324 3820 429 3895 miles
449 3820 674 3913 florentinus,
693 3819 842 3894 nomine
858 3819 1027 3894 Farinata
1051 3820 1098 3894 de
1122 3819 1277 3913 Ubertis‚
1304 3818 1432 3892 nobilis
1457 3824 1496 3892 et

322 3949 451 4037 potens
464 3948 631 4036 tempore
644 3962 724 4035 suo,
736 3941 902 4035 princeps
916 3940 1028 4035 partis
1040 3941 1240 4043 Ghibelimc
1252 3940 1289 4013 in
1302 3939 1496 4035 Florentia,

323 4062 379 4135 vir
403 4062 565 4156 prudens
589 4068 628 4134 et
647 4061 797 4156 probus,
817 4067 860 4133 ut
876 4060 1019 4135 dicetur
1035 4060 1174 4154 statim3
1194 4067 1317 4136 umen
1334 4059 1496 4134 imitator

321 4182 466 4277 Epicuri
501 4202 574 4255 non
606 4180 779 4255 credebat
804 4200 885 4255 esse
917 4180 1031 4254 alium
1058 4181 1240 4254 mundum
1266 4180 1333 4253 nisi
1358 4179 1492 4272 istum3

322 4304 419 4378 unde
441 4303 612 4377 omnibus
629 4302 746 4376 modis
762 4301 932 4376 studebat
948 4301 1131 4377 excellere
1147 4301 1185 4374 in
1201 4301 1269 4374 ista
1287 4300 1360 4375 vila
1378 4299 1494 4393 brevi,

321 4424 506 4518 quianon
532 4424 702 4518 sperabat
726 4423 836 4497 aliam
862 4422 1065 4496 meliorem.
1092 4421 1177 4496 ldeo
1190 4410 1228 4514 (⁷)
1255 4420 1358 4517 lingit
1384 4420 1494 4495 istum

383 4686 410 4751 (¹)
425 4688 456 4739 R
473 4691 637 4751 wnwlllum·
1017 4684 1045 4747 (Ἴ
1061 4685 1092 4736 ll.
1107 4685 1257 4737 molestum.

381 4762 409 4826 (¹)
425 4763 451 4814 S.
468 4763 568 4815 scincet
583 4763 726 4814 modicum.
1015 4761 1044 4824 ρ)
1059 4762 1090 4813 R
1105 4767 1133 4813 ot
1150 4775 1211 4813 vem
1225 4761 1315 4812 eum.

382 4843 410 4903 (⁸)
426 4841 457 4892 ll.
473 4842 524 4893 luit
538 4855 641 4892 summe
655 4846 764 4892 amator.
1013 4839 1043 4902 (⁸)
1058 4840 1089 4890 u.
1106 4845 1194 4892 nostru
1209 4838 1261 4890 lull
1276 4835 1445 4900 urdloquun

383 4919 412 4980 (¹)
429 4923 484 4977 llll,
502 4920 564 4970 ideo
580 4925 658 4971 mter
674 4919 755 4983 flnglt.
