4154 6546
768 775 905 829 caurus
930 774 1086 829 uncinus
1111 773 1303 828 securibus.
1543 763 1612 828 ll'l

449 919 579 1013 Caroli,
607 939 674 992 nec
698 919 830 991 domus
855 920 1027 994 Franciae.
1055 921 1159 993 Nunc
1184 919 1230 992 ad
1256 919 1481 1013 propositum
1507 926 1617 993 autor

446 1038 597 1112 damnat
622 1039 678 1112 bic
704 1039 812 1112 istum
839 1039 1042 1114 Guidonem
1069 1041 1117 1112 ob
1134 1039 1239 1112 istam
1260 1038 1457 1112 inauditam
1477 1039 1617 1112 violen-

448 1160 547 1234 tiam.
571 1160 674 1234 Licet
698 1158 797 1233 enim
823 1159 940 1232 Guido
954 1151 990 1251 (¹)
1011 1160 1120 1235 luerit
1139 1180 1294 1254 magnus
1312 1159 1448 1233 ellusor
1468 1158 1617 1253 sangui-

448 1279 514 1371 nis,
531 1288 568 1354 et
592 1278 629 1351 in
656 1278 778 1350 multis
796 1278 897 1352 bellis
915 1299 981 1371 pro
999 1280 1141 1372 Carolo,
1160 1286 1284 1353 tamen
1301 1279 1416 1370 iuste;
1434 1278 1497 1351 sed
1523 1277 1617 1351 istud

446 1397 515 1470 suit
540 1397 646 1470 nimis
675 1397 904 1471 excessivum
936 1398 1188 1471 homicidium:
1221 1398 1339 1492 primo
1365 1398 1506 1471 ratione
1536 1396 1616 1486 loci,

447 1518 533 1612 quia
565 1518 601 1589 in
634 1517 785 1591 ecclesia
822 1517 898 1610 Dei,
929 1524 967 1590 et
999 1518 1034 1589 in
1067 1519 1168 1592 curia
1203 1540 1367 1613 romana,
1396 1525 1433 1592 et
1464 1522 1617 1590 vacante

446 1637 556 1712 sede:
583 1637 743 1712 secundo
770 1637 909 1711 ratione
934 1657 1111 1731 personae,
1138 1639 1224 1732 quia
1250 1639 1369 1733 posuit
1395 1658 1547 1711 manum
1580 1636 1617 1708 in

447 1757 562 1830 lilium
590 1757 708 1852 regis:
737 1756 855 1850 lertio,
882 1757 968 1850 quia
993 1757 1149 1850 iniuste;
1182 1778 1266 1831 nam
1299 1778 1364 1831 rex
1395 1756 1532 1852 dngliae
1564 1756 1617 1829 le-

446 1868 599 1968 ceratff)
635 1876 728 1950 mori
759 1883 900 1971 patrem
932 1877 1012 1951 cius
1046 1877 1278 1972 culpabilem,
1311 1884 1499 1970 tamquam
1530 1895 1616 1949 reus
1699 1939 1703 1949 .

421 2080 424 2085 ,
447 1995 661 2070 maiestatis:
683 2002 827 2089 quarto,
848 1995 935 2089 quia
949 1987 986 2088 (³)
1007 1997 1193 2071 inlamiam
1213 2003 1251 2070 et
1267 1996 1524 2070 verecundiam
1547 1997 1616 2070 Ca-

448 2117 515 2191 mli
542 2117 638 2212 regis
663 2116 800 2190 domini
826 2116 882 2189 sui
910 2117 1165 2210 pertractabat.
1183 2118 1235 2190 Ad
1254 2117 1397 2191 literam
1418 2137 1508 2211 ergo
1532 2116 1616 2190 dicit

446 2244 575 2311 autor:
612 2243 649 2310 et
687 2236 745 2309 ille
783 2243 982 2310 centaurus
1016 2240 1198 2309 mostrocci
1234 2241 1292 2311 an'
1308 2239 1445 2327 ambro,
1483 2236 1618 2311 scilicet

448 2357 609 2431 animam
628 2356 800 2430 Guidonis
817 2356 863 2431 de
879 2357 1071 2431 lllontlorte
1088 2361 1136 2430 do
1153 2360 1227 2430 lan
1244 2365 1347 2430 conto
1366 2361 1456 2449 sola,
1468 2364 1617 2452 propter

449 2477 634 2572 singulare
675 2476 895 2550 maleficium
933 2477 1133 2551 enormiter
1172 2477 1422 2571 commissum,
1455 2480 1618 2551 diccndm

448 2601 540 2670 colui
561 2602 650 2690 lesse
672 2599 710 2668 io
733 2598 876 2685 prendo
901 2619 925 2669 o
951 2600 1032 2689 Dio,
1062 2597 1196 2672 scilicet
1225 2605 1311 2672 ante
1342 2600 1468 2692 altare,
1500 2597 1561 2670 ubi
1578 2584 1615 2688 (⁸)

450 2717 642 2792 levabatur
672 2718 812 2811 Corpus
846 2717 976 2792 Christi
1002 2725 1269 2813 consecratum,
1295 2722 1330 2791 lo
1355 2739 1417 2790 cor
1442 2721 1501 2790 cle
1517 2719 1552 2789 'n
1576 2738 1617 2788 so

455 2841 589 2927 Tomipi
604 2858 715 2909 oncor
739 2840 770 2909 si
793 2840 884 2930 cola,
903 2837 992 2912 idest
1009 2839 1160 2913 colitur:
1181 2839 1243 2913 dat
1269 2838 1416 2933 intelligi
1433 2837 1616 2912 civitatem

448 2978 514 3053 per
539 2957 703 3031 lluvium.
730 2959 850 3032 Tamis
864 2950 900 3050 (⁵)
929 2959 1026 3033 enim
1045 2966 1100 3033 est
1117 2958 1261 3051 lluviuS,
1279 2957 1341 3051 qui
1363 2958 1497 3031 labitur
1514 2957 1616 3031 iuxta

447 3077 631 3151 Londram
657 3078 840 3152 civitatem
868 3080 1042 3174 regalem,
1057 3097 1142 3172 quae
1158 3077 1243 3150 olim
1262 3075 1464 3150 vocabatur
1489 3077 1617 3151 Trino-

447 3203 612 3290 vantum,
639 3197 732 3271 sicut
757 3197 881 3271 scribit
906 3197 1023 3270 Julius
1048 3196 1186 3290 CelsuS,
1207 3195 1292 3289 quia
1317 3216 1407 3291 gens
1432 3195 1516 3269 Julii
1537 3197 1618 3270 Cae-

448 3316 539 3390 saris
565 3316 729 3391 transivit
753 3317 865 3391 istum
891 3316 1057 3411 lluvium,
1078 3315 1177 3410 quod
1203 3336 1277 3389 non
1301 3317 1525 3410 apparebant
1551 3315 1617 3390 nisi

448 3436 564 3529 capita
580 3427 629 3527 (⁶).
643 3441 779 3511 -Poi
806 3437 870 3511 llic
896 3444 1006 3511 autor
1031 3436 1132 3531 ponit
1155 3435 1264 3510 aliam
1290 3434 1448 3530 speciem
1479 3435 1620 3510 violen-

449 3563 584 3649 torum,
603 3557 664 3650 qui
686 3557 806 3631 adbuc
825 3559 945 3631 minus
966 3557 1236 3651 delinquerunt,
1258 3563 1296 3631 et
1317 3555 1438 3630 minus
1458 3557 1619 3651 puniun-

449 3683 521 3769 tur,
539 3676 632 3750 sicut
658 3677 809 3772 simplex
828 3677 1019 3772 homicida,
1038 3685 1075 3752 et
1092 3678 1245 3772 simplex
1266 3677 1400 3771 prado.
1420 3676 1513 3750 uicit
1529 3698 1620 3773 ergo

449 3799 566 3872 clare:
593 3801 660 3871 Pei
684 3801 755 3873 nidi
777 3806 889 3890 qaue,
914 3801 974 3872 cde
999 3807 1121 3872 tenoon
1146 3801 1183 3871 lo
1208 3805 1293 3871 calo
1317 3819 1337 3870 e
1360 3819 1472 3870 oncor
1498 3805 1580 3870 lullo
1597 3800 1622 3870 ’l

448 3938 563 4010 cosso,
588 3917 680 3993 idest
705 3926 822 3993 totum
841 3926 1021 4013 ventrem,
1035 3923 1122 4013 litor
1138 3921 1202 3991 dol
1215 3921 1286 4010 rio,
1303 3917 1395 3993 idest
1411 3925 1515 3992 extra
1533 3938 1619 3991 san-

448 4040 598 4135 guinem
626 4041 710 4135 rivi3
737 4048 774 4116 et
799 4062 871 4116 non
899 4042 1062 4116 nominat
1086 4041 1247 4135 aliquem
1273 4039 1343 4134 bic,
1370 4039 1433 4114 sed
1457 4039 1561 4114 dicit:
1588 4046 1621 4112 el

447 4162 483 4232 io
507 4161 670 4234 recooobt'
694 4165 791 4234 assai
814 4164 852 4234 di
875 4169 1027 4253 costoro,
1058 4162 1145 4255 quia
1178 4161 1317 4254 ubique
1348 4167 1403 4234 est
1433 4160 1618 4234 maximus

449 4301 628 4354 numerus
653 4281 818 4356 istorum.
845 4282 890 4354 Et
914 4281 1035 4355 subdit
1057 4281 1242 4374 quomodo
1260 4280 1434 4354 continuo
1455 4280 1617 4355 invenie·

447 4389 561 4492 bat(⁷)
588 4420 723 4494 aquam
750 4402 942 4496 minorem,
968 4407 1005 4476 et
1031 4401 1080 4475 ita
1101 4401 1382 4474 minorationem
1410 4419 1540 4505 poenoe,
1562 4399 1618 4474 di-

510 4586 537 4645 (¹)
553 4585 583 4635 R
600 4587 681 4637 Guido
697 4588 744 4637 loto
760 4588 848 4639 luerit.
1053 4587 1083 4652 Γ)
1100 4587 1131 4636 E.
1147 4586 1218 4638 lecit.

509 4661 535 4723 (⁸)
553 4661 579 4713 S.
595 4663 655 4726 quia
671 4664 698 4713 ln
714 4663 845 4714 infamiam
863 4663 949 4715 Caroli
967 4664 1036 4727 regio
1052 4664 1149 4712 domini
1166 4663 1214 4712 soi.
1231 4662 1274 4712 Ad
1290 4662 1400 4713 illerum.

509 4738 537 4801 (¹)
552 4739 583 4789 B.
598 4739 643 4789 ubl
658 4739 808 4792 elevabatur
823 4742 1045 4806 protiosissimum
1061 4740 1162 4803 Corpus
1179 4739 1281 4791 Domini
1298 4740 1380 4790 notul
1395 4739 1457 4789 lesu
1472 4737 1577 4790 Christi.

509 4814 537 4878 (Ἴ
552 4816 583 4867 E.
600 4817 736 4869 Timidus.
1055 4816 1083 4880 (⁸)
1099 4816 1130 4867 B.
1148 4817 1230 4880 capita
1246 4829 1349 4868 eorum.
1366 4816 1422 4866 Pol.

510 4890 540 4956 (Ἴ)
555 4892 581 4944 S.
596 4906 612 4942 e
629 4894 659 4944 E.
676 4895 847 4948 inveniebant.

579 5003 597 5047 1.
1457 5001 1484 5045 m
