4154 6546
463 767 487 819 1
936 766 1172 821 annuamus.

460 915 493 983 al
517 913 656 1008 giovane
682 914 772 1008 figlio
796 914 830 986 di
855 915 974 985 Enrioo
999 917 1029 984 ll
1054 914 1298 1008 d'lngbilterra,
1325 915 1532 985 benvenuto:
1557 939 1578 982 a
1591 916 1635 985 Et

460 1036 513 1106 bio
537 1046 614 1107 nota
640 1037 728 1131 quod
754 1036 890 1107 Juvonis
907 1035 970 1106 luit
988 1035 1083 1129 quasi
1108 1035 1192 1104 alter
1208 1035 1300 1105 Titus
1322 1035 1514 1128 Vespasiani
1531 1035 1634 1119 lilius,

457 1157 515 1252 qui
549 1167 629 1228 teste
664 1157 820 1228 Svetonio
845 1156 950 1227 dietus
980 1167 1030 1226 est
1060 1179 1155 1226 amor
1187 1166 1220 1225 et
1251 1156 1374 1226 deliaiae
1405 1158 1535 1250 generis
1568 1158 1636 1228 bu·-

461 1278 550 1349 mani
566 1270 614 1370 (¹).
629 1305 650 1346 >r
669 1279 696 1348 ll
716 1277 927 1348 Tambun'ni:
956 1277 1163 1359 «Giovanni
1189 1279 1314 1346 seaoado
1346 1279 1494 1356 Suetonio,
1520 1280 1556 1349 fu
1585 1303 1632 1350 un

460 1398 544 1469 altro
569 1399 643 1470 Tito
662 1397 872 1493 Vespasiano,
899 1421 1012 1467 amoro
1036 1421 1055 1467 e
1079 1397 1166 1492 gioia
1191 1399 1244 1468 del
1266 1421 1385 1492 genere
1406 1422 1528 1469 umano
1543 1390 1592 1490 (¹).
1607 1424 1629 1468 ο

533 1521 580 1588 Le
604 1542 715 1590 severe
748 1520 860 1612 parole
890 1518 923 1588 di
954 1520 1145 1589 benvenuto
1173 1528 1288 1589 oontro
1318 1519 1484 1588 bonifacio
1510 1521 1587 1589 Vlll
1611 1543 1633 1590 ο

460 1640 573 1710 Nioola
604 1641 650 1709 lll
683 1663 763 1710 sono
792 1662 918 1710 omesso
947 1638 1001 1708 dal
1034 1638 1225 1713 traduttore.
1256 1639 1393 1709 Omesso
1427 1642 1447 1708 ὸ
1476 1639 1528 1709 del
1559 1640 1631 1733 pari

458 1761 569 1856 quello
594 1759 763 1854 splendido
787 1758 918 1853 sooppio
937 1758 967 1828 d’
975 1758 1024 1828 ira
1044 1758 1076 1827 di
1096 1760 1286 1829 benvenuto
1307 1759 1438 1829 intorno
1454 1759 1517 1829 alle
1540 1759 1633 1832 trista

457 1880 636 1951 oondizioni
653 1880 682 1949 d'
691 1879 794 1959 ltalia,
812 1879 862 1948 sui
880 1877 965 1948 versi
983 1881 1029 1951 '16
1043 1901 1062 1948 e
1079 1880 1226 1971 seguenti
1239 1879 1292 1948 del
1303 1879 1407 1949 Canto
1421 1881 1465 1949 Vl
1479 1878 1532 1948 del
1545 1882 1632 1951 Pur-

457 2000 599 2094 gatorio:
620 2025 641 2067 a
655 2002 697 2070 Et
710 2008 788 2070 nota
806 1997 1028 2093 metaphoram
1047 1999 1212 2091 pulcram;
1225 1998 1308 2069 siout
1325 2000 1412 2070 enim
1426 2001 1460 2070 in
1478 2000 1629 2094 lupanari

458 2120 610 2190 venditur
629 2144 705 2190 oaro
725 2121 870 2190 bumana
886 2118 991 2212 pretio
1008 2119 1077 2189 sine
1094 2120 1227 2211 pudore,
1251 2119 1295 2189 ita
1316 2122 1474 2191 meretrix
1497 2145 1627 2216 magna,

456 2240 539 2311 idest
569 2240 668 2310 Curia
693 2244 852 2322 Romana,
879 2252 912 2310 et
935 2239 1035 2309 Curia
1063 2239 1243 2332 lmperialis
1268 2241 1414 2311 vendunt
1445 2242 1627 2315 libertatem

456 2360 609 2431 italioam.
623 2360 713 2431 Sicut
730 2360 828 2430 etiarn
846 2359 887 2429 ad
904 2359 1121 2453 postribulum
1136 2359 1260 2430 vadunt
1273 2360 1496 2431 indifferentes
1513 2386 1628 2434 omnes

455 2482 600 2554 volentes
625 2504 701 2551 curn
726 2480 949 2561 delectatione,
980 2480 1025 2549 ita
1058 2479 1099 2549 ad
1124 2481 1252 2550 ltaliam
1289 2495 1489 2553 concurrunt
1513 2506 1628 2555 «amnas

453 2601 602 2671 barbarae
626 2600 773 2670 nationes
798 2624 874 2669 curn
899 2599 1052 2670 aviditate
1073 2600 1113 2669 ad
1138 2600 1242 2695 ipsam
1260 2601 1513 2672 conculcandam
1538 2612 1627 2675 tam·

453 2745 553 2816 quam
581 2721 784 2791 meretricem
810 2720 1016 2813 prostitutam
1034 2710 1083 2812 (³).
1098 2747 1119 2786 n

526 2843 569 2912 Al
594 2864 689 2912 verso
724 2850 804 2921 112,
836 2841 939 2910 Canto
973 2842 1050 2910 XlV
1082 2840 1133 2910 del
1168 2843 1372 2935 Purgatori0‚
1407 2845 1623 2915 Benvenuto:

456 2966 533 3035 «Et
550 2962 604 3032 bia
619 2972 708 3043 nota,
727 2972 765 3032 ut
781 2961 902 3040 videas,
925 2962 952 3030 si
976 2985 1096 3054 magna
1112 2963 1265 3032 nobilitas
1282 2964 1413 3057 rigebat
1429 2966 1528 3058 paulo
1545 2975 1622 3036 ante

453 3085 487 3154 in
513 3082 714 3162 Bretenori0‚
740 3081 828 3174 quod
854 3093 1000 3174 tempore
1026 3081 1118 3152 istius
1143 3083 1312 3166 Gnidonis‚
1342 3085 1474 3179 quando
1505 3086 1624 3181 aliquis

452 3205 503 3276 vir
533 3203 650 3274 nobilis
676 3213 709 3271 et
734 3200 932 3272 honorabilis
966 3203 1134 3294 applicabat
1165 3205 1208 3273 aa
1240 3218 1363 3282 terram,
1396 3229 1515 3298 magna
1545 3229 1627 3276 con-

451 3326 552 3396 tentio
577 3334 647 3394 erat
663 3323 750 3392 inter
767 3324 888 3393 multos
905 3323 1029 3394 nobiles
1046 3323 1085 3392 de
1103 3325 1303 3407 Bretenorio,
1325 3327 1358 3394 in
1376 3326 1468 3396 cuius
1489 3327 1624 3396 domum

450 3447 506 3516 ille
531 3445 604 3514 talis
629 3443 765 3513 forensis
790 3444 922 3512 deberet
947 3444 1119 3512 declinare.
1147 3447 1282 3537 Propter
1307 3445 1394 3538 quod
1418 3445 1625 3516 oonronlitor

449 3574 674 3636 oonvenerunt
699 3563 785 3632 inter
801 3586 846 3644 se,
868 3561 956 3656 quod
973 3563 1125 3632 columna
1144 3562 1270 3656 lapidea
1288 3565 1443 3656 ligaretur
1463 3563 1496 3633 in
1515 3565 1624 3636 medio

449 3687 564 3781 plateae
589 3711 664 3756 cum
690 3684 803 3755 multis
820 3683 950 3753 annulis
968 3682 1092 3763 terreis,
1114 3696 1146 3751 et
1162 3683 1269 3752 omnis
1286 3685 1517 3776 superveniens
1538 3696 1623 3757 esset

448 3806 564 3897 bospes
589 3805 688 3885 illius,
715 3805 757 3872 ad
782 3803 874 3873 auius
892 3802 1050 3872 annulum
1069 3802 1219 3896 alligaret
1236 3792 1417 3897 equuml‘).
1434 3832 1454 3872 »
1474 3805 1502 3874 ll
1519 3808 1619 3876 Tarn-

448 3927 579 3997 burini:
622 3951 643 3991 a
664 3926 706 3994 Al
732 3934 842 4015 tempo
866 3922 899 3992 di
930 3922 1037 3992 Guido
1070 3922 1103 3992 in
1135 3924 1320 3994 Brettinoro
1354 3927 1447 3994 anaba
1479 3927 1493 3994 i
1527 3926 1623 3996 nobili

448 4069 587 4117 aravaao
611 4048 642 4114 la
667 4057 749 4114 terra
768 4046 816 4135 (!);
843 4068 896 4114 ma
922 4045 1086 4114 insorsero
1110 4044 1267 4115 discordie
1288 4047 1338 4116 ira
1359 4047 1432 4127 essi,
1459 4071 1476 4116 o
1503 4069 1619 4140 sparve

446 4168 478 4237 la
503 4168 679 4237 innooenza
705 4166 736 4234 di
764 4167 830 4235 vita
854 4189 872 4233 ο
897 4188 957 4235 oon
985 4189 1056 4235 essa
1087 4165 1119 4235 la
1151 4165 1322 4236 liberalita.
1359 4157 1373 4236 l
1408 4167 1618 4240 Brettinoresi

446 4287 708 4376 determinaruno
734 4286 766 4355 di
791 4287 897 4356 alzare
929 4286 962 4356 in
994 4286 1102 4380 piazza
1131 4311 1198 4356 una
1227 4287 1366 4357 colonna
1395 4312 1455 4357 con
1488 4288 1621 4361 intorno

447 4408 529 4478 tanti
555 4407 652 4477 anelli
679 4408 711 4477 di
737 4410 835 4490 ferro,
854 4417 975 4503 quante
995 4408 1027 4477 le
1043 4407 1144 4478 nobili
1161 4408 1306 4501 famiglie
1324 4408 1356 4478 di
1376 4408 1452 4502 quel
1473 4411 1616 4494 mstello,

446 4552 466 4598 e
489 4527 542 4598 abi
567 4530 650 4598 losse
676 4527 820 4599 amirato
845 4528 885 4597 ed
902 4551 1014 4598 avesse
1034 4528 1142 4621 legato
1158 4528 1181 4597 il
1200 4528 1326 4599 cavallo
1342 4529 1383 4598 ad
1401 4553 1468 4599 uno
1484 4530 1619 4623 de'pre-

507 4821 534 4883 (¹)
551 4823 644 4880 Bran,
662 4821 714 4872 rol.
731 4822 764 4878 ΙΙ,
782 4835 839 4886 pag.
856 4826 911 4872 8⁷⁰.
1052 4819 1080 4883 (¹)
1097 4822 1194 4883 Turn,
1211 4822 1262 4873 rol.
1280 4823 1301 4882 l,
1319 4836 1376 4887 pag.
1393 4827 1449 4872 ost.

508 4900 534 4964 (¹)
550 4899 641 4958 Bnrrr„
659 4900 710 4949 rol.
726 4900 773 4958 lll,
791 4912 847 4963 pag.
867 4903 919 4950 180.
1051 4899 1077 4960 (⁸)
1093 4900 1186 4961 Bana„
1202 4902 1253 4951 rol.
1269 4900 1315 4960 111,
1333 4914 1390 4965 pag.
1407 4905 1462 4950 ast.
