4154 6546
777 781 914 851 caurus
939 796 1097 851 nncruus
1122 798 1286 863 omanus.
1548 785 1619 853 523

445 942 492 1017 de
516 941 679 1016 Bononia
705 940 1007 1015 excellentissimo
1029 938 1190 1013 doctore.
1209 941 1287 1034 lpse
1305 946 1492 1032 tamquam
1518 947 1622 1015 astu·

447 1060 617 1155 tissimus,
644 1060 690 1134 de
715 1059 891 1133 industria
919 1058 1063 1132 inclusit
1089 1078 1129 1131 se
1154 1058 1191 1130 in
1216 1058 1337 1152 domo,
1354 1056 1494 1152 fingens
1510 1079 1550 1132 se
1568 1060 1639 1153 lag

445 1173 580 1254 borare
606 1178 739 1253 morbo
765 1176 1017 1271 quatriduanae
1048 1173 1169 1269 febris,
1196 1183 1232 1250 et
1258 1175 1411 1250 faciebat
1435 1176 1535 1250 omni
1562 1175 1622 1250 die

445 1298 575 1374 venire
594 1298 778 1374 medicum
795 1296 843 1371 ad
859 1295 1099 1371 colorandum
1117 1295 1253 1370 factum
1267 1319 1277 1388 3
1293 1302 1332 1370 et
1351 1295 1495 1368 interim
1517 1315 1622 1368 sum-

447 1439 599 1515 mopere
630 1426 667 1493 et
697 1437 844 1492 summo
875 1415 996 1490 studio
1028 1415 1201 1511 glossavit
1232 1415 1333 1510 leges
1366 1435 1452 1488 cnm
1486 1434 1620 1509 magna

447 1537 664 1631 festinantia,
691 1545 729 1612 et
745 1535 913 1611 celeriter
938 1535 1090 1609 necessit
1106 1532 1152 1607 ad
1169 1533 1330 1627 Curiam,
1349 1540 1385 1607 et
1403 1533 1486 1607 lecit
1501 1533 1621 1628 publi-

448 1658 523 1732 cari
549 1663 586 1733 et
610 1655 853 1731 authenticari
871 1675 981 1728 snum
999 1674 1103 1748 opus.
1121 1654 1202 1740 Quo
1220 1653 1326 1746 laem,
1350 1660 1388 1726 et
1404 1653 1505 1746 scito,
1523 1654 1621 1727 Odo-

447 1775 572 1851 lredus
596 1794 745 1850 summe
774 1773 911 1867 dolens,
935 1772 1076 1868 scripsit
1100 1771 1265 1846 diffusius
1289 1779 1327 1846 et
1356 1772 1536 1866 copiosius
1560 1791 1618 1865 eo,

447 1895 512 1971 sed
537 1896 649 1970 tarde.
678 1894 731 1968 Ad
755 1893 983 1989 propositum
1006 1912 1115 1988 ergo:
1137 1891 1351 1966 Franciscus
1372 1890 1467 1965 lilius
1483 1891 1621 1965 Accur-

448 2014 490 2088 sii
514 2014 781 2111 primogenitus
806 2013 874 2088 init
899 2012 1009 2086 etiam
1039 2011 1301 2085 famosissimus
1330 2011 1457 2088 docmr
1482 2012 1619 2106 legum,

448 2134 513 2228 qni
536 2132 716 2209 laborarit
743 2131 877 2205 morbo
901 2130 1034 2225 peioris
1059 2137 1095 2204 et
1120 2130 1335 2205 ardentioris
1356 2131 1477 2225 febris,
1504 2150 1629 2247 quam

447 2259 551 2347 pater
588 2272 690 2324 snus.
730 2250 823 2324 Dicit
853 2269 943 2346 ergo
972 2255 1106 2323 autor:
1140 2257 1175 2322 et
1205 2256 1400 2323 lbaocemo
1431 2254 1620 2324 d'Accorso

450 2392 554 2461 anco,
583 2369 676 2444 idest
709 2369 833 2462 etiarn,
864 2389 976 2463 quem
1005 2376 1114 2444 autor
1146 2369 1247 2464 ponit
1279 2371 1345 2446 isla
1365 2364 1400 2463 (¹)
1436 2370 1619 2446 horrenda

449 2489 647 2586 ignominia
673 2489 915 2583 maculosum,
942 2489 1028 2582 qnia
1056 2490 1152 2563 male
1181 2490 1341 2564 servavit
1364 2490 1484 2587 legem
1511 2510 1617 2564 suam

449 2608 723 2703 pulcerrimam,
750 2629 862 2702 quam
887 2606 1042 2685 docebat
1072 2608 1173 2702 alios,
1204 2628 1286 2701 quac
1316 2608 1424 2683 dicit:
1454 2630 1531 2682 cum
1563 2613 1620 2682 vir

449 2729 547 2800 subn
568 2730 605 2799 iu
627 2730 807 2820 socinum,
832 2734 1014 2800 arcentur
1040 2731 1131 2819 lepos
1155 2735 1214 2801 etc.
1240 2728 1285 2801 Et
1301 2729 1359 2802 bic
1375 2735 1472 2823 nota,
1490 2718 1620 2823 lector}

450 2845 548 2939 qnod
578 2843 649 2920 ridi
678 2844 873 2938 aliquando
902 2845 1001 2920 uiros
1032 2847 1213 2941 sapientes
1241 2867 1385 2942 magnae
1414 2848 1613 2922 literatura

449 2969 727 3058 conquerentes,
753 2971 790 3038 et
815 2964 987 3059 dicentes,
1012 2965 1111 3058 quod
1136 2987 1204 3061 pro
1229 2973 1331 3041 certo
1355 2968 1490 3041 Dentes
1510 2967 1617 3041 nimis

449 3083 547 3156 nrale
571 3083 716 3157 locutus
740 3089 796 3156 est
820 3083 879 3156 bic
896 3083 1118 3158 nominando
1136 3085 1225 3159 tales
1241 3085 1351 3159 uiros.
1370 3086 1414 3158 Et
1430 3092 1531 3160 certe
1547 3106 1618 3182 ego

451 3201 597 3299 quando
624 3197 748 3296 'primo
778 3201 852 3276 ridi
885 3201 1029 3276 literam
1059 3202 1178 3296 istam,
1203 3203 1291 3277 satis
1315 3202 1519 3300 indignatus
1543 3204 1619 3297 ini3

450 3322 514 3397 sed
539 3330 664 3416 postea
689 3319 914 3415 experientia
940 3327 1032 3396 teste
1053 3320 1169 3415 didici,
1196 3322 1295 3415 quod
1320 3322 1378 3397 bic
1401 3323 1621 3417 sapientissi-

450 3461 535 3515 mus
559 3445 669 3535 poeta
685 3438 823 3533 optime
839 3440 934 3514 lecit.
951 3441 1043 3515 Nam
1062 3441 1099 3513 in
1117 3441 1372 3536 dccclxxv,
1390 3442 1479 3516 dnm
1500 3463 1619 3518 essem

449 3559 632 3653 Bononiae,
652 3565 689 3632 et
710 3558 873 3655 legerem
891 3559 1026 3633 librum
1047 3559 1168 3653 istum,
1188 3561 1307 3656 reperi
1325 3561 1467 3654 aliquos
1480 3552 1517 3654 (¹)
1535 3583 1620 3637 ver-

448 3700 528 3756 mes
559 3686 663 3755 natos
695 3680 740 3755 de
769 3679 954 3754 cineribus
987 3679 1237 3775 sodomorum,
1269 3680 1467 3757 inficientes
1501 3689 1619 3756 totum

449 3799 536 3875 illud
563 3798 744 3874 studium:
771 3818 839 3873 nec
866 3799 991 3873 valens
1006 3798 1145 3873 diutius
1161 3800 1258 3874 lerre
1274 3800 1443 3875 loetorem
1465 3808 1618 3896 tantum,

449 3919 555 3992 cuius
581 3919 706 3991 fumus
721 3917 800 4010 jam
818 3917 982 3994 fuscabat
1002 3924 1113 4011 astra,
1131 3938 1204 3992 non
1226 3919 1304 3993 sine
1326 3919 1432 4016 gravi
1456 3920 1621 4016 periculo

448 4158 535 4250 gato
561 4153 759 4248 Bononiae,
786 4154 851 4248 qui
883 4155 940 4230 uir
964 4175 1109 4251 magnae
1139 4156 1284 4231 virtutis
1308 4164 1346 4232 et
1370 4157 1529 4233 scientiae
1553 4160 1619 4236 de·

449 4278 585 4347 testans
604 4261 641 4364 (³)
679 4277 754 4347 tam
790 4273 1060 4348 abhominabile
1096 4276 1233 4370 scelus,
1267 4276 1452 4352 mandarit
1485 4278 1619 4370 inquiri

448 4395 576 4465 contra
606 4390 832 4485 principales,
863 4413 1024 4486 qnorum
1057 4394 1169 4491 aliqui
1194 4395 1289 4491 capti
1315 4404 1412 4491 sunt,
1445 4398 1618 4472 etmulti

448 4510 563 4585 territi
590 4509 825 4608 diffugerunt.
843 4513 888 4585 Et
911 4512 979 4586 nisi
1004 4513 1155 4605 quidam
1174 4515 1343 4590 sacerdos
1367 4516 1540 4612 proditor,
1558 4517 1618 4593 cui

446 4637 525 4704 erat
542 4631 780 4706 commissum
800 4632 999 4727 negotium,
1017 4632 1213 4727 obviasset,
1229 4635 1317 4728 quia
1335 4636 1523 4711 laborabat
1540 4638 1618 4733 pari

505 4809 532 4870 l¹l
550 4813 604 4870 ¹¹⁸,
623 4809 678 4860 ibn.
1121 4814 1148 4875 ι’)
1166 4818 1219 4874 no,
1236 4815 1343 4878 sequor.

505 4882 532 4946 (¹)
548 4884 578 4935 lt
595 4884 733 4937 uturum
748 4891 802 4937 tem
818 4886 942 4940 borrlbils
956 4889 1050 4941 melus
