4154 6546
580 752 628 831 la
978 766 1181 833 coueuruu
1206 770 1358 822 nursam

574 935 665 1005 geva
689 903 727 987 tri
751 915 839 987 dove
861 915 889 987 tl
910 916 966 985 sot
988 920 1075 1005 tace,
1100 914 1235 989 scilicet
1258 915 1305 988 ad
1330 915 1475 1009 vallem,
1500 915 1565 997 ubi
1595 916 1649 990 sol
1675 937 1753 1001 nou

573 1033 682 1126 lueet
708 1032 801 1106 sicut
826 1031 863 1106 in
887 1039 1022 1107 monte.
1049 1034 1093 1106 Et
1123 1032 1180 1108 bic
1211 1033 1342 1107 ultime
1373 1040 1471 1127 uota,
1497 1036 1623 1129 lectur,
1649 1035 1752 1130 quod

574 1153 700 1226 multae
726 1150 813 1225 lerae
840 1152 1082 1229 molestabant
1106 1159 1277 1226 autorem
1303 1158 1491 1246 nostrum3
1517 1154 1581 1229 sed
1610 1154 1748 1249 princia

574 1271 690 1366 palius
715 1271 792 1344 istae
810 1277 885 1346 tres
900 1271 1092 1366 praedicta,
1110 1278 1148 1346 et
1163 1271 1460 1367 principalissime
1475 1273 1641 1367 avaritia,
1659 1274 1751 1380 quia.

573 1396 683 1473 autor
707 1396 832 1464 noster
857 1397 937 1464 erat
962 1390 1090 1464 nobilis
1110 1410 1197 1464 cum
1214 1410 1333 1465 uxore
1358 1398 1395 1467 et
1419 1390 1511 1486 filiis,
1529 1392 1607 1466 sine
1628 1393 1748 1486 luero,

574 1511 656 1587 ideo
681 1511 841 1583 multum
867 1510 1019 1584 timebat
1035 1509 1214 1605 iuopiam3
1232 1510 1296 1587 sed
1313 1530 1335 1587 e
1352 1520 1479 1586 contra
1498 1512 1591 1587 ratio
1607 1532 1750 1608 argue2

573 1631 636 1705 bat
661 1631 760 1724 quod
785 1636 916 1705 natura
942 1637 997 1704 est
1021 1635 1191 1705 eontenta
1215 1630 1352 1724 paucis,
1379 1631 1493 1705 immo
1519 1633 1689 1727 minimis,
1708 1640 1751 1721 el

573 1750 673 1843 quod
698 1757 830 1825 natura
854 1749 981 1844 genuit
996 1741 1032 1839 (¹)
1058 1769 1124 1835 nos
1148 1748 1285 1841 tortes3
1310 1755 1348 1823 et
1373 1750 1489 1824 multa
1516 1751 1612 1833 talia

647 1876 780 1943 Mentre
804 1873 893 1942 cb’io
918 1873 1080 1942 ruinuva.
1108 1870 1178 1942 lsta
1204 1875 1260 1942 est
1285 1875 1417 1962 quarta
1440 1891 1525 1963 pars
1540 1862 1589 1963 (²),
1610 1871 1647 1944 in
1670 1893 1744 1966 qua

572 1997 681 2064 autor
706 1989 861 2064 ostendit
886 1989 1042 2084 qualiter
1055 1978 1105 2081 (³),
1121 1987 1212 2061 dum
1237 1987 1313 2082 ipse
1342 1987 1393 2061 sie
1418 1987 1652 2062 infestaretur
1667 1979 1744 2082 (ba

571 2110 749 2204 predictis
763 2110 879 2182 tribus
891 2108 987 2200 ieris,
997 2114 1033 2181 et
1047 2106 1277 2180 relaberetur
1291 2107 1327 2179 in
1340 2107 1528 2200 pristinam
1543 2109 1743 2183 caecitatem

572 2230 786 2326 ignorantiae
815 2235 853 2303 et
877 2228 1070 2319 viciorum,
1095 2226 1256 2302 obcurrit
1281 2226 1348 2300 sibi
1374 2226 1523 2319 quidam
1549 2227 1745 2322 fugaturus

572 2350 709 2425 nubem
733 2371 756 2423 a
784 2354 907 2423 mente
933 2349 1024 2442 ejus,
1050 2355 1087 2421 et
1111 2347 1170 2421 bie
1194 2353 1275 2420 erat
1295 2347 1467 2442 Virgilius
1491 2355 1599 2441 poeta
1614 2340 1662 2440 (ὅ).
1689 2349 1750 2434 Au

570 2470 670 2563 quod
686 2477 741 2543 est
758 2467 1031 2564 diligentissime
1047 2466 1325 2561 praenotandum
1342 2467 1442 2560 quod
1459 2468 1631 2563 Virgilius
1649 2469 1749 2565 ligu-k

572 2589 696 2662 raliter
721 2594 776 2660 est
802 2587 894 2660 ratio
919 2586 1095 2659 naturalis
1120 2585 1157 2659 in
1181 2585 1340 2677 bomine,
1358 2586 1422 2678 qui
1448 2587 1549 2660 novit
1574 2588 1750 2675 scientias,

570 2711 607 2779 et
623 2711 722 2778 artes
739 2704 917 2797 liberales,
935 2724 1019 2796 quae
1036 2704 1083 2779 ab
1101 2704 1285 2781 intellectu
1312 2705 1476 2780 humane
1492 2707 1576 2782 sciri
1592 2716 1749 2801 possunt,

570 2845 636 2920 per
652 2823 952 2917 adquisitionem3
970 2843 1083 2916 quam
1103 2823 1283 2898 rationem
1299 2831 1408 2898 autor
1433 2825 1530 2900 bene
1553 2826 1693 2921 figurat
1705 2826 1742 2899 in

570 2963 727 3039 persona
744 2941 893 3036 Virgilii,
914 2941 1001 3034 quia
1021 2941 1058 3015 iu
1078 2961 1125 3017 eo
1143 2942 1305 3017 maxime
1321 2942 1438 3038 viguit
1456 2944 1549 3019 ratio
1566 2945 1749 3031 naturalis,

572 3063 667 3137 inter
690 3067 825 3156 poetas.
857 3062 936 3134 Non
962 3060 1099 3133 mirum
1126 3080 1217 3156 ergo
1241 3061 1271 3133 si
1295 3067 1405 3135 autor
1430 3063 1526 3156 cepit
1550 3063 1741 3159 Virgilium

570 3182 608 3255 in
632 3182 765 3255 ducem
791 3200 856 3274 per
882 3180 1069 3253 lniernum
1094 3187 1131 3254 et
1155 3181 1428 3276 Purgaterium,
1447 3182 1511 3257 sed
1535 3203 1621 3258 eum
1644 3182 1748 3266 venit,

570 3301 617 3377 ad
633 3300 858 3393 Paradisum,
877 3300 970 3374 ratio
987 3300 1163 3374 naturalis
1186 3299 1307 3374 delicit
1331 3300 1391 3393 ibi,
1418 3306 1456 3373 et
1480 3308 1568 3374 tunc
1593 3302 1744 3379 scientia

570 3421 869 3518 supernaturalis,
886 3440 971 3512 quae
991 3420 1148 3493 habetur
1174 3440 1240 3513 per
1265 3419 1484 3493 inlusionem
1509 3440 1532 3495 a
1557 3421 1645 3514 lieu,
1671 3421 1742 3495 sci·

569 3543 654 3616 lieet
667 3539 872 3634 Theologia,
890 3539 1000 3612 babet
1013 3537 1061 3609 ibi
1074 3538 1216 3630 loeum3
1229 3545 1267 3613 et
1284 3537 1335 3612 sic
1351 3544 1469 3611 cessat
1482 3537 1640 3631 objectio
1657 3557 1746 3630 quas

571 3667 692 3757 posset
704 3659 794 3751 fieri,
809 3658 953 3750 scilicet,
968 3676 1085 3749 quare
1101 3647 1150 3748 (ὅ),
1170 3658 1227 3730 vel
1240 3657 1426 3749 quomodo
1439 3664 1548 3731 autor
1560 3659 1747 3751 acceperit

472 3772 475 3778 ’
571 3781 760 3877 Virgilium
780 3779 817 3850 in
832 3778 966 3851 ducem
983 3795 1049 3870 per
1066 3776 1253 3850 lnlernum
1271 3784 1308 3850 et
1321 3776 1593 3872 Purgaturium,
1607 3766 1746 3869 euml⁷l

571 3902 700 3975 saltem
718 3897 978 3994 Purgatorium
999 3916 1072 3969 non
1092 3896 1236 3972 noverit
1253 3915 1320 3970 nec
1344 3896 1383 3968 iu
1407 3896 1492 3989 vita,
1509 3906 1605 3970 vcum
1630 3896 1741 3983 inanit

571 4019 733 4110 infidelis,
759 4037 828 4091 nec
853 4016 889 4089 in
915 4022 1038 4089 morte
1059 4014 1146 4107 quia
1170 4015 1365 4088 damnatus
1388 4014 1426 4087 in
1450 4014 1605 4089 lnlerne
1633 4016 1740 4099 Certe

571 4137 765 4214 dicendum
785 4144 840 4211 est
861 4136 960 4229 qued
977 4135 1071 4208 ratio
1087 4135 1263 4208 naturalis
1279 4155 1345 4229 per
1363 4135 1531 4213 scientias
1555 4137 1739 4221 naturales

571 4257 756 4353 cognoscit
772 4257 926 4331 virtutes
942 4263 980 4330 et
995 4256 1098 4348 vicia,
1116 4255 1267 4349 praemia
1284 4262 1321 4329 et
1337 4256 1522 4350 supplicia,
1540 4256 1586 4330 (le
1606 4257 1746 4350 quibus.

570 4377 692 4473 agitur
712 4376 899 4450 moraliter
924 4381 961 4450 et
986 4381 1164 4450 tractatur
1181 4375 1323 4469 poetice
1340 4376 1377 4448 in
1394 4375 1449 4448 his
1466 4375 1610 4449 duobus
1627 4375 1736 4458 libris.

632 4569 657 4628 (¹1
677 4569 706 4618 E.
723 4569 809 4631 genuit
826 4568 908 4617 multa
924 4567 991 4617 talia.
1178 4568 1206 4626 ι’)
1224 4567 1254 4616 R
1271 4581 1330 4630 pars
1346 4567 1480 4631 generalis,
1499 4568 1523 4616 in
1540 4579 1598 4630 qua.
1688 4528 1690 4534 Ι

633 4645 659 4705 (¹)
677 4645 702 4694 S.
717 4645 855 4707 quomodo.
1182 4643 1207 4702 (⁸)
1224 4644 1253 4693 E.
1271 4643 1437 4694 infestaretur
1452 4648 1479 4694 et
1495 4643 1666 4694 relaberetur.

634 4721 660 4780 (ἢ
676 4721 701 4768 S.
718 4724 799 4781 poeta,
817 4725 951 4780 poetarum
967 4719 1132 4769 clarissimus.

634 4795 660 4856 (ἢ
678 4795 707 4843 Ε.
724 4792 833 4856 qualiter
849 4799 875 4843 el
891 4795 1021 4857 quemodo
1037 4799 1113 4844 autor
1130 4796 1237 4857 aeeeplt.

634 4872 661 4933 (Ἰ
678 4871 703 4921 S.
720 4885 781 4921 cum
796 4883 857 4919 eurn
874 4884 924 4920 non
941 4871 1049 4920 noverit.
1059 4897 1090 4909 -
1099 4871 1129 4922 ll.
1141 4884 1203 4922 eum
1213 4871 1306 4924 ultan
1315 4887 1368 4929 ιω
1380 4874 1481 4927 noverit
1491 4886 1560 4932 augg
1573 4885 1621 4925 mc
1633 4871 1660 4920 ln
1677 4868 1737 4919 viu.
