4154 6546
727 807 865 862 curros
889 807 1083 863 succubus.
1441 795 1488 867 83

387 960 459 1029 Par
477 961 607 1044 quarm.
633 953 699 1027 llic
714 959 824 1030 autor
840 953 955 1050 tangit
972 954 1174 1048 specialiter
1191 976 1333 1051 causas,
1352 959 1487 1052 quibus

315 1093 532 1150 concessum
556 1073 625 1146 luit
649 1073 759 1148 Eneae
784 1072 840 1147 ire
863 1072 910 1147 ad
926 1073 1138 1168 lnlernum3
1165 1082 1202 1150 et
1226 1077 1346 1171 primo
1372 1079 1488 1175 tangit

314 1212 465 1268 musam
490 1192 710 1287 proximam,
727 1192 858 1266 deinde
876 1198 1068 1266 remotam.
1095 1194 1187 1268 Dicit
1213 1214 1328 1292 ergo:
1354 1202 1391 1271 et
1411 1198 1489 1293 ipse

313 1312 431 1388 lineas
449 1312 557 1384 intest
580 1331 659 1383 cose
679 1313 738 1383 cte
754 1314 866 1404 pron
884 1315 1163 1402 coptonedisuc
1180 1317 1333 1406 vitono,
1351 1317 1489 1393 scilicet

315 1436 443 1505 eontra
471 1430 652 1523 turnum,
682 1429 829 1524 dequo
862 1430 947 1504 satis
978 1431 1116 1506 dictum
1146 1439 1200 1507 est
1229 1454 1341 1529 supra
1367 1436 1487 1530 primo

216 1594 220 1629 t
315 1550 475 1645 capitulo
486 1543 527 1643 (⁴)
541 1549 772 1646 precedenti,
798 1555 836 1623 et
859 1550 939 1625 baec
959 1550 1026 1623 luit
1050 1570 1162 1626 causa
1185 1553 1365 1647 proxima,
1387 1574 1406 1626 e
1431 1556 1489 1628 del

311 1672 445 1762 pupule
476 1677 668 1761 ammoto,
702 1675 739 1743 et
771 1669 851 1743 brec
879 1669 946 1743 luit
975 1691 1087 1746 causa
1113 1680 1267 1747 remota.
1298 1673 1353 1749 Ad
1377 1677 1485 1771 cujus

316 1788 588 1885 intelligentiam
613 1795 669 1864 est
694 1788 882 1863 sciendum
913 1789 1023 1883 quod,
1049 1790 1142 1864 sicut
1166 1792 1289 1865 scribit
1314 1793 1485 1890 Virgilius

317 1909 360 1981 vl
373 1906 549 2005 llneydos,
566 1909 685 1983 Eneas
701 1908 822 1982 didicit
846 1909 885 1982 in
908 1909 1054 1984 lnlerno
1077 1931 1100 1984 a
1124 1916 1229 2005 patre
1244 1931 1313 1987 suo
1329 1911 1485 1988 Anchise

313 2029 499 2124 quomodo
523 2029 679 2104 debebat
702 2029 849 2104 vincere
874 2030 1052 2125 Turnum,
1075 2038 1112 2106 et
1132 2032 1318 2127 quomodo
1343 2053 1389 2108 ex
1415 2054 1483 2108 suo

312 2149 453 2224 semine
468 2154 683 2224 nasceretur
699 2168 791 2244 gens
803 2148 1067 2244 Romanorum,
1081 2151 1118 2224 in
1135 2172 1210 2246 qua
1222 2153 1341 2226 Roma
1357 2159 1483 2247 postca

311 2268 435 2343 lutura
461 2274 542 2344 erat
567 2269 672 2344 sedes
696 2267 899 2361 sacerdotii,
926 2269 1008 2342 licet
1033 2270 1103 2343 boc
1120 2277 1215 2345 esset
1232 2272 1398 2368 ignotum
1416 2271 1482 2368 ipsi

311 2389 430 2465 unce
448 2390 494 2463 ut
511 2390 591 2484 hoc,
608 2389 700 2482 dico,
718 2388 894 2462 intellexit
904 2409 974 2480 per
990 2397 1109 2479 questa
1125 2392 1260 2487 otpdnta
1284 2393 1374 2464 orde
1398 2398 1434 2464 tu
1458 2393 1484 2466 Ε

311 2512 373 2583 dut
390 2517 511 2601 mato,
527 2509 615 2604 quia
632 2507 767 2583 scilicet
783 2513 824 2579 tu
843 2507 1014 2604 Virgilius
1029 2508 1093 2581 das
1111 2509 1216 2583 istam
1237 2511 1393 2607 gloriam
1416 2509 1481 2606 ipsi

311 2629 420 2705 bncae
432 2629 532 2724 quod
544 2628 650 2704 iverit
661 2629 708 2703 ad
721 2628 908 2702 lnlernum
922 2628 1017 2703 duce
1034 2628 1168 2722 Sibitla,
1186 2636 1223 2703 et
1241 2630 1340 2724 quod
1352 2630 1481 2706 viderit

310 2749 358 2824 ibi
382 2749 542 2824 illustres
566 2747 714 2843 spiritus
739 2746 977 2821 descensuros
993 2767 1041 2822 ex
1061 2768 1107 2822 eo
1131 2747 1376 2825 debellaturos
1390 2742 1427 2843 (¹)
1445 2755 1481 2825 et

311 2869 583 2965 gubernaturus
598 2866 793 2959 mundum,
809 2866 857 2941 de
875 2886 1036 2960 quorum
1063 2886 1197 2963 magna
1213 2873 1318 2963 parte
1339 2867 1481 2944 dicetur

310 2986 356 3059 Vl
380 2986 540 3082 capitulo
562 2985 733 3061 Paradisi.
752 2986 854 3061 Unde
870 2986 947 3080 ipse
968 2986 1139 3081 Virgilius
1163 2986 1248 3061 dicit
1273 2987 1320 3061 de
1344 2986 1481 3062 Rorna-

310 3107 367 3182 nis
389 3106 510 3203 primo
532 3106 715 3202 llneydos:
741 3109 929 3198 Imperium
953 3109 1027 3178 stne
1040 3109 1111 3197 fine
1127 3107 1207 3179 dedi
1212 3132 1228 3199 ,·
1245 3106 1344 3200 quod
1360 3108 1479 3182 adbuc

310 3231 366 3302 est
389 3244 534 3318 rerunt,
550 3225 678 3300 saltem
697 3224 818 3318 quoad
835 3242 980 3297 nomen.
999 3222 1070 3297 Sed
1095 3229 1137 3296 ut
1161 3223 1286 3299 omnia
1308 3226 1479 3318 antiquo·

310 3366 395 3421 rum
415 3351 589 3420 autorum
606 3342 800 3419 laudabilia
818 3343 1024 3417 testimonia
1040 3349 1272 3438 preteream,
1289 3344 1375 3418 audi
1392 3344 1479 3438 quid

307 3455 454 3558 dicatt‘)
479 3465 677 3540 Petrarcba
703 3463 903 3537 modernus
929 3462 966 3536 in
990 3461 1141 3557 epistola
1170 3468 1297 3536 contra
1322 3460 1477 3537 Gallum.

307 3585 427 3681 lnquit
451 3584 573 3660 enim:
599 3588 714 3657 llomc
747 3584 867 3657 mundi
898 3589 1014 3675 caput,
1046 3580 1184 3656 urbium
1213 3584 1351 3674 regina,
1383 3584 1481 3658 edes

307 3708 456 3800 imperti,
480 3724 557 3777 cre
581 3706 664 3796 fidei
694 3705 883 3794 corbolien,
906 3706 989 3797 sons
1021 3706 1175 3776 ommam
1204 3704 1478 3776 memorabr'tiunt

307 3826 556 3917 exemplorum.
581 3821 627 3895 lit
649 3821 850 3896 Policratus
875 3821 1062 3919 anglicus:
1079 3810 1115 3915 (⁸)
1143 3827 1384 3896 romanorum
1414 3843 1480 3895 ec-

306 3948 462 4021 cellentia
484 3950 519 4018 et
539 3945 676 4034 oberte
700 3945 733 4016 si
754 3945 908 4015 omittam
931 3944 1083 4033 padum
1107 3945 1261 4016 bstortoe
1290 3946 1480 4016 revolvan-

308 4073 378 4157 tur,
407 4064 494 4136 rtiltt‘l
519 4064 652 4135 clarius
675 4064 769 4135 latret.
796 4063 967 4135 Declarnt
995 4062 1059 4134 ltoc
1088 4063 1292 4154 amplissimi
1314 4064 1481 4155 splendor

306 4183 714 4278 inape-mronollum
748 4182 935 4254 minusad
967 4182 1479 4273 emtionequeditarctnm
1627 4236 1629 4240 2

309 4304 501 4395 rmjmtdur
520 4304 738 4376 erronem
766 4304 920 4375 mmana
943 4309 1059 4394 potest
1084 4303 1254 4374 memoria
1281 4302 1477 4375 recordant.

309 4427 402 4497 Nora
424 4428 459 4497 et
479 4426 601 4516 praete
625 4422 803 4514 ἱίόονίαεῶ,
820 4424 965 4513 sustitioe
995 4425 1098 4512 color,
1127 4425 1323 4495 revertam
1353 4424 1478 4513 lenum,

370 4693 398 4753 l')
411 4693 438 4744 fl.
455 4694 541 4758 primo
558 4694 680 4756 capitulo,
697 4699 724 4744 et
740 4694 805 4745 boc.

369 4766 398 4830 l'l
412 4769 439 4821 8.
454 4783 471 4820 e
487 4769 518 4820 B.
535 4769 705 4822 debellatores
719 4776 748 4822 at
762 4771 948 4835 gubernatores
963 4769 1061 4819 mundl.

369 4843 397 4905 ι’)
413 4849 467 4907 rto,
483 4846 555 4897 aesc
565 4873 596 4885 -
606 4847 638 4897 n.
655 4847 726 4911 quor
741 4847 819 4898 aar.

369 4921 396 4981 rt
411 4920 483 4973 ora·
499 4923 673 4982 romeu,
690 4924 766 4977 croto
781 4924 808 4974 ar
824 4923 954 4987 arom
969 4922 1135 4987 aurugine
1148 4917 1478 4973 eumanum
