<?xml version="1.0" encoding="UTF-8"?>
<!DOCTYPE html PUBLIC "-//W3C//DTD XHTML 1.0 Transitional//EN"
    "http://www.w3.org/TR/xhtml1/DTD/xhtml1-transitional.dtd">
<html xmlns="http://www.w3.org/1999/xhtml" xml:lang="en" lang="en">
 <head>
  <title>
</title>
<meta http-equiv="Content-Type" content="text/html;charset=utf-8" />
  <meta name='ocr-system' content='tesseract 3.04.00' />
  <meta name='ocr-capabilities' content='ocr_page ocr_carea ocr_par ocr_line ocrx_word'/>
</head>
<body>
  <div class='ocr_page' id='page_1' title='image "./comentumsuperda00benvgoog_0305.png"; bbox 0 0 4154 6546; ppageno 0'>
   <div class='ocr_carea' id='block_1_1' title="bbox 864 770 1616 867">
    <p class='ocr_par' dir='ltr' id='par_1_1' title="bbox 864 770 1616 867">
     <span class='ocr_line' id='line_1_1' title="bbox 864 770 1616 867; baseline 0 -34"><span class='ocrx_word' id='word_1_1' title='bbox 864 779 1001 867; x_wconf 68' lang='lat' dir='ltr'>elneus</span> <span class='ocrx_word' id='word_1_2' title='bbox 1025 779 1209 835; x_wconf 73' lang='lat' dir='ltr'><strong>SEP&#39;HMUS·</strong></span> <span class='ocrx_word' id='word_1_3' title='bbox 1547 770 1616 835; x_wconf 73' lang='lat'>255</span> 
     </span>
    </p>
   </div>
   <div class='ocr_carea' id='block_1_2' title="bbox 447 924 1621 3284">
    <p class='ocr_par' dir='ltr' id='par_1_2' title="bbox 447 924 1621 3284">
     <span class='ocr_line' id='line_1_2' title="bbox 447 924 1619 1018; baseline -0.001 -19"><span class='ocrx_word' id='word_1_4' title='bbox 447 925 633 1016; x_wconf 89' lang='lat' dir='ltr'>clericam,</span> <span class='ocrx_word' id='word_1_5' title='bbox 655 926 719 1018; x_wconf 80' lang='lat' dir='ltr'>sor</span> <span class='ocrx_word' id='word_1_6' title='bbox 739 925 813 995; x_wconf 73' lang='lat' dir='ltr'>meti</span> <span class='ocrx_word' id='word_1_7' title='bbox 828 926 953 1015; x_wconf 69' lang='lat' dir='ltr'>claci,</span> <span class='ocrx_word' id='word_1_8' title='bbox 971 924 1062 998; x_wconf 89' lang='lat' dir='ltr'>idest</span> <span class='ocrx_word' id='word_1_9' title='bbox 1080 924 1230 997; x_wconf 88' lang='lat' dir='ltr'>luerunt</span> <span class='ocrx_word' id='word_1_10' title='bbox 1253 942 1382 998; x_wconf 91' lang='lat' dir='ltr'>omncs</span> <span class='ocrx_word' id='word_1_11' title='bbox 1402 924 1619 1000; x_wconf 77' lang='lat' dir='ltr'><strong>sacerdotes.</strong></span> 
     </span>
     <span class='ocr_line' id='line_1_3' title="bbox 447 1040 1621 1139; baseline 0 -22"><span class='ocrx_word' id='word_1_12' title='bbox 447 1044 491 1117; x_wconf 77' lang='lat' dir='ltr'>lit</span> <span class='ocrx_word' id='word_1_13' title='bbox 516 1040 637 1115; x_wconf 87' lang='lat' dir='ltr'><strong>subdit</strong></span> <span class='ocrx_word' id='word_1_14' title='bbox 663 1041 935 1136; x_wconf 81' lang='lat' dir='ltr'>responsionem</span> <span class='ocrx_word' id='word_1_15' title='bbox 962 1042 1100 1138; x_wconf 78' lang='lat' dir='ltr'>Virgilii</span> <span class='ocrx_word' id='word_1_16' title='bbox 1116 1042 1162 1116; x_wconf 92' lang='lat' dir='ltr'>ad</span> <span class='ocrx_word' id='word_1_17' title='bbox 1179 1041 1338 1136; x_wconf 84' lang='lat' dir='ltr'>primam</span> <span class='ocrx_word' id='word_1_18' title='bbox 1363 1041 1621 1139; x_wconf 87' lang='lat' dir='ltr'>iuterrogatio-</span> 
     </span>
     <span class='ocr_line' id='line_1_4' title="bbox 451 1160 1618 1263; baseline -0.001 -27"><span class='ocrx_word' id='word_1_19' title='bbox 451 1181 536 1236; x_wconf 89' lang='lat' dir='ltr'>nem</span> <span class='ocrx_word' id='word_1_20' title='bbox 568 1161 715 1236; x_wconf 62' lang='lat' dir='ltr'>diaeum</span> <span class='ocrx_word' id='word_1_21' title='bbox 746 1169 779 1235; x_wconf 85' lang='lat' dir='ltr'>ct</span> <span class='ocrx_word' id='word_1_22' title='bbox 805 1166 863 1235; x_wconf 84' lang='lat' dir='ltr'>etti</span> <span class='ocrx_word' id='word_1_23' title='bbox 896 1183 921 1234; x_wconf 84' lang='lat' dir='ltr'>a</span> <span class='ocrx_word' id='word_1_24' title='bbox 951 1183 1017 1251; x_wconf 87' lang='lat' dir='ltr'>mc,</span> <span class='ocrx_word' id='word_1_25' title='bbox 1048 1161 1176 1255; x_wconf 85' lang='lat' dir='ltr'><strong>supple</strong></span> <span class='ocrx_word' id='word_1_26' title='bbox 1207 1160 1377 1263; x_wconf 80' lang='lat' dir='ltr'>Virgilius</span> <span class='ocrx_word' id='word_1_27' title='bbox 1411 1162 1618 1255; x_wconf 80' lang='lat' dir='ltr'>respondit:</span> 
     </span>
     <span class='ocr_line' id='line_1_5' title="bbox 453 1270 1617 1379; baseline -0.001 -24"><span class='ocrx_word' id='word_1_28' title='bbox 453 1284 528 1355; x_wconf 68' lang='lat' dir='ltr'>dotti</span> <span class='ocrx_word' id='word_1_29' title='bbox 547 1285 610 1374; x_wconf 83' lang='lat' dir='ltr'>sor</span> <span class='ocrx_word' id='word_1_30' title='bbox 624 1285 757 1373; x_wconf 66' lang='lat' dir='ltr'>merci,</span> <span class='ocrx_word' id='word_1_31' title='bbox 773 1281 865 1356; x_wconf 91' lang='lat' dir='ltr'>idest</span> <span class='ocrx_word' id='word_1_32' title='bbox 880 1299 1010 1355; x_wconf 89' lang='lat' dir='ltr'>omnes</span> <span class='ocrx_word' id='word_1_33' title='bbox 1026 1299 1120 1373; x_wconf 83' lang='lat' dir='ltr'>quos</span> <span class='ocrx_word' id='word_1_34' title='bbox 1136 1287 1176 1353; x_wconf 94' lang='lat' dir='ltr'>tu</span> <span class='ocrx_word' id='word_1_35' title='bbox 1194 1278 1293 1354; x_wconf 86' lang='lat' dir='ltr'>rides</span> <span class='ocrx_word' id='word_1_36' title='bbox 1308 1270 1344 1371; x_wconf 81' lang='lat'>(¹)</span> <span class='ocrx_word' id='word_1_37' title='bbox 1371 1279 1408 1353; x_wconf 94' lang='lat' dir='ltr'>in</span> <span class='ocrx_word' id='word_1_38' title='bbox 1425 1279 1493 1354; x_wconf 89' lang='lat' dir='ltr'>ista</span> <span class='ocrx_word' id='word_1_39' title='bbox 1514 1281 1617 1379; x_wconf 84' lang='lat' dir='ltr'>briga</span> 
     </span>
     <span class='ocr_line' id='line_1_6' title="bbox 451 1396 1618 1494; baseline -0.003 -20"><span class='ocrx_word' id='word_1_40' title='bbox 451 1402 601 1475; x_wconf 83' lang='lat' dir='ltr'>inerunt</span> <span class='ocrx_word' id='word_1_41' title='bbox 625 1400 751 1476; x_wconf 77' lang='lat' dir='ltr'>caecati</span> <span class='ocrx_word' id='word_1_42' title='bbox 776 1407 901 1475; x_wconf 89' lang='lat' dir='ltr'>mente</span> <span class='ocrx_word' id='word_1_43' title='bbox 925 1404 1074 1494; x_wconf 89' lang='lat' dir='ltr'>propter</span> <span class='ocrx_word' id='word_1_44' title='bbox 1099 1398 1297 1473; x_wconf 77' lang='lat' dir='ltr'>avariciam</span> <span class='ocrx_word' id='word_1_45' title='bbox 1324 1405 1361 1472; x_wconf 92' lang='lat' dir='ltr'>et</span> <span class='ocrx_word' id='word_1_46' title='bbox 1385 1396 1618 1493; x_wconf 87' lang='lat' dir='ltr'>prodigalita-</span> 
     </span>
     <span class='ocr_line' id='line_1_7' title="bbox 449 1516 1616 1612; baseline -0.002 -19"><span class='ocrx_word' id='word_1_47' title='bbox 449 1527 536 1612; x_wconf 84' lang='lat' dir='ltr'>tem,</span> <span class='ocrx_word' id='word_1_48' title='bbox 554 1522 647 1593; x_wconf 81' lang='lat' dir='ltr'>nella</span> <span class='ocrx_word' id='word_1_49' title='bbox 666 1523 739 1595; x_wconf 79' lang='lat' dir='ltr'>otto</span> <span class='ocrx_word' id='word_1_50' title='bbox 758 1521 930 1612; x_wconf 61' lang='lat' dir='ltr'>praetuta,</span> <span class='ocrx_word' id='word_1_51' title='bbox 950 1518 1042 1592; x_wconf 82' lang='lat' dir='ltr'>idest</span> <span class='ocrx_word' id='word_1_52' title='bbox 1065 1517 1103 1589; x_wconf 92' lang='lat' dir='ltr'>iu</span> <span class='ocrx_word' id='word_1_53' title='bbox 1128 1517 1268 1591; x_wconf 88' lang='lat' dir='ltr'>mundo</span> <span class='ocrx_word' id='word_1_54' title='bbox 1284 1516 1498 1610; x_wconf 82' lang='lat' dir='ltr'>viventium,</span> <span class='ocrx_word' id='word_1_55' title='bbox 1518 1517 1616 1591; x_wconf 90' lang='lat' dir='ltr'>unde</span> 
     </span>
     <span class='ocr_line' id='line_1_8' title="bbox 447 1627 1617 1734; baseline -0.002 -23"><span class='ocrx_word' id='word_1_56' title='bbox 447 1646 486 1711; x_wconf 88' lang='lat' dir='ltr'>tn</span> <span class='ocrx_word' id='word_1_57' title='bbox 514 1640 628 1734; x_wconf 69' lang='lat' dir='ltr'>amn,</span> <span class='ocrx_word' id='word_1_58' title='bbox 653 1642 713 1713; x_wconf 81' lang='lat' dir='ltr'>etc</span> <span class='ocrx_word' id='word_1_59' title='bbox 734 1642 824 1731; x_wconf 76' lang='lat' dir='ltr'>serti</span> <span class='ocrx_word' id='word_1_60' title='bbox 846 1641 943 1711; x_wconf 76' lang='lat' dir='ltr'>nudo</span> <span class='ocrx_word' id='word_1_61' title='bbox 965 1639 1123 1730; x_wconf 79' lang='lat' dir='ltr'>spcodto,</span> <span class='ocrx_word' id='word_1_62' title='bbox 1149 1636 1240 1710; x_wconf 90' lang='lat' dir='ltr'>idest</span> <span class='ocrx_word' id='word_1_63' title='bbox 1271 1637 1370 1731; x_wconf 86' lang='lat' dir='ltr'>quod</span> <span class='ocrx_word' id='word_1_64' title='bbox 1383 1627 1421 1728; x_wconf 80' lang='lat'>(²)</span> <span class='ocrx_word' id='word_1_65' title='bbox 1452 1637 1617 1712; x_wconf 88' lang='lat' dir='ltr'>lecemnt</span> 
     </span>
     <span class='ocr_line' id='line_1_9' title="bbox 448 1756 1617 1854; baseline -0.003 -24"><span class='ocrx_word' id='word_1_66' title='bbox 448 1758 587 1832; x_wconf 87' lang='lat' dir='ltr'>nnllam</span> <span class='ocrx_word' id='word_1_67' title='bbox 613 1777 825 1854; x_wconf 81' lang='lat' dir='ltr'>expensam,</span> <span class='ocrx_word' id='word_1_68' title='bbox 850 1778 915 1830; x_wconf 82' lang='lat' dir='ltr'>con</span> <span class='ocrx_word' id='word_1_69' title='bbox 942 1760 1090 1843; x_wconf 63' lang='lat' dir='ltr'>maora,</span> <span class='ocrx_word' id='word_1_70' title='bbox 1111 1756 1197 1848; x_wconf 87' lang='lat' dir='ltr'>quia</span> <span class='ocrx_word' id='word_1_71' title='bbox 1217 1776 1353 1830; x_wconf 89' lang='lat' dir='ltr'>avarus</span> <span class='ocrx_word' id='word_1_72' title='bbox 1372 1756 1561 1830; x_wconf 90' lang='lat' dir='ltr'>retinendo</span> <span class='ocrx_word' id='word_1_73' title='bbox 1581 1764 1617 1830; x_wconf 90' lang='lat' dir='ltr'>et</span> 
     </span>
     <span class='ocr_line' id='line_1_10' title="bbox 451 1873 1616 1972; baseline -0.006 -20"><span class='ocrx_word' id='word_1_74' title='bbox 451 1876 626 1972; x_wconf 86' lang='lat' dir='ltr'>prodigos</span> <span class='ocrx_word' id='word_1_75' title='bbox 649 1876 768 1952; x_wconf 90' lang='lat' dir='ltr'>dando</span> <span class='ocrx_word' id='word_1_76' title='bbox 794 1876 869 1970; x_wconf 90' lang='lat' dir='ltr'>ubi,</span> <span class='ocrx_word' id='word_1_77' title='bbox 896 1875 1055 1970; x_wconf 85' lang='lat' dir='ltr'>quando,</span> <span class='ocrx_word' id='word_1_78' title='bbox 1082 1881 1118 1949; x_wconf 93' lang='lat' dir='ltr'>et</span> <span class='ocrx_word' id='word_1_79' title='bbox 1143 1873 1433 1967; x_wconf 83' lang='lat' dir='ltr'>quomodonon</span> <span class='ocrx_word' id='word_1_80' title='bbox 1462 1881 1616 1969; x_wconf 75' lang='lat' dir='ltr'>oportet.</span> 
     </span>
     <span class='ocr_line' id='line_1_11' title="bbox 449 1993 1616 2093; baseline -0.003 -23"><span class='ocrx_word' id='word_1_81' title='bbox 449 1999 493 2070; x_wconf 81' lang='lat' dir='ltr'>Et</span> <span class='ocrx_word' id='word_1_82' title='bbox 523 2002 609 2071; x_wconf 91' lang='lat' dir='ltr'>nota</span> <span class='ocrx_word' id='word_1_83' title='bbox 640 1995 739 2093; x_wconf 87' lang='lat' dir='ltr'>quod</span> <span class='ocrx_word' id='word_1_84' title='bbox 767 2002 823 2071; x_wconf 89' lang='lat' dir='ltr'>est</span> <span class='ocrx_word' id='word_1_85' title='bbox 854 1995 1075 2070; x_wconf 78' lang='lat' dir='ltr'>conveniens</span> <span class='ocrx_word' id='word_1_86' title='bbox 1100 1993 1362 2088; x_wconf 82' lang='lat' dir='ltr'>methaphora3</span> <span class='ocrx_word' id='word_1_87' title='bbox 1393 1993 1486 2067; x_wconf 90' lang='lat' dir='ltr'>sicut</span> <span class='ocrx_word' id='word_1_88' title='bbox 1518 1994 1616 2069; x_wconf 91' lang='lat' dir='ltr'>enim</span> 
     </span>
     <span class='ocr_line' id='line_1_12' title="bbox 449 2112 1616 2207; baseline -0.003 -18"><span class='ocrx_word' id='word_1_89' title='bbox 449 2118 574 2196; x_wconf 80' lang='lat' dir='ltr'>luscus</span> <span class='ocrx_word' id='word_1_90' title='bbox 599 2118 658 2191; x_wconf 88' lang='lat' dir='ltr'>rel</span> <span class='ocrx_word' id='word_1_91' title='bbox 682 2116 808 2191; x_wconf 86' lang='lat' dir='ltr'>strabo</span> <span class='ocrx_word' id='word_1_92' title='bbox 833 2135 907 2191; x_wconf 92' lang='lat' dir='ltr'>uon</span> <span class='ocrx_word' id='word_1_93' title='bbox 933 2121 1034 2189; x_wconf 88' lang='lat' dir='ltr'>recte</span> <span class='ocrx_word' id='word_1_94' title='bbox 1059 2112 1203 2207; x_wconf 83' lang='lat' dir='ltr'>respicit</span> <span class='ocrx_word' id='word_1_95' title='bbox 1227 2112 1292 2187; x_wconf 90' lang='lat' dir='ltr'>sed</span> <span class='ocrx_word' id='word_1_96' title='bbox 1308 2112 1465 2207; x_wconf 66' lang='lat' dir='ltr'>oblique,</span> <span class='ocrx_word' id='word_1_97' title='bbox 1483 2112 1531 2187; x_wconf 89' lang='lat' dir='ltr'>ita</span> <span class='ocrx_word' id='word_1_98' title='bbox 1561 2113 1616 2185; x_wconf 89' lang='lat' dir='ltr'>isti</span> 
     </span>
     <span class='ocr_line' id='line_1_13' title="bbox 450 2232 1617 2311; baseline -0.006 0"><span class='ocrx_word' id='word_1_99' title='bbox 450 2256 524 2311; x_wconf 89' lang='lat' dir='ltr'>non</span> <span class='ocrx_word' id='word_1_100' title='bbox 548 2243 705 2311; x_wconf 91' lang='lat' dir='ltr'>cemnnt</span> <span class='ocrx_word' id='word_1_101' title='bbox 726 2236 888 2311; x_wconf 91' lang='lat' dir='ltr'>medium</span> <span class='ocrx_word' id='word_1_102' title='bbox 911 2234 1053 2308; x_wconf 88' lang='lat' dir='ltr'>virtutis</span> <span class='ocrx_word' id='word_1_103' title='bbox 1070 2240 1170 2307; x_wconf 90' lang='lat' dir='ltr'>recte</span> <span class='ocrx_word' id='word_1_104' title='bbox 1186 2232 1250 2306; x_wconf 87' lang='lat' dir='ltr'>sed</span> <span class='ocrx_word' id='word_1_105' title='bbox 1268 2233 1453 2308; x_wconf 90' lang='lat' dir='ltr'>indirecte.</span> <span class='ocrx_word' id='word_1_106' title='bbox 1474 2234 1519 2307; x_wconf 86' lang='lat' dir='ltr'>Et</span> <span class='ocrx_word' id='word_1_107' title='bbox 1533 2234 1617 2308; x_wconf 92' lang='lat' dir='ltr'>dicit</span> 
     </span>
     <span class='ocr_line' id='line_1_14' title="bbox 453 2352 1616 2452; baseline -0.002 -26"><span class='ocrx_word' id='word_1_108' title='bbox 453 2354 621 2452; x_wconf 87' lang='lat' dir='ltr'>Virgilius</span> <span class='ocrx_word' id='word_1_109' title='bbox 646 2355 746 2451; x_wconf 86' lang='lat' dir='ltr'>quod</span> <span class='ocrx_word' id='word_1_110' title='bbox 770 2375 844 2430; x_wconf 92' lang='lat' dir='ltr'>non</span> <span class='ocrx_word' id='word_1_111' title='bbox 869 2353 1015 2447; x_wconf 83' lang='lat' dir='ltr'>expedit</span> <span class='ocrx_word' id='word_1_112' title='bbox 1043 2352 1199 2447; x_wconf 91' lang='lat' dir='ltr'>amplius</span> <span class='ocrx_word' id='word_1_113' title='bbox 1228 2352 1429 2446; x_wconf 89' lang='lat' dir='ltr'>declarare,</span> <span class='ocrx_word' id='word_1_114' title='bbox 1459 2353 1545 2446; x_wconf 87' lang='lat' dir='ltr'>quia</span> <span class='ocrx_word' id='word_1_115' title='bbox 1570 2374 1616 2427; x_wconf 88' lang='lat' dir='ltr'>ex</span> 
     </span>
     <span class='ocr_line' id='line_1_15' title="bbox 452 2472 1616 2569; baseline -0.005 -20"><span class='ocrx_word' id='word_1_116' title='bbox 452 2474 572 2549; x_wconf 78' lang='lat' dir='ltr'>verbis</span> <span class='ocrx_word' id='word_1_117' title='bbox 596 2495 727 2551; x_wconf 92' lang='lat' dir='ltr'>eorum</span> <span class='ocrx_word' id='word_1_118' title='bbox 754 2475 841 2549; x_wconf 89' lang='lat' dir='ltr'>satis</span> <span class='ocrx_word' id='word_1_119' title='bbox 865 2473 1057 2548; x_wconf 76' lang='lat' dir='ltr'>manifeste</span> <span class='ocrx_word' id='word_1_120' title='bbox 1081 2473 1191 2547; x_wconf 88' lang='lat' dir='ltr'>datur</span> <span class='ocrx_word' id='word_1_121' title='bbox 1214 2472 1375 2569; x_wconf 88' lang='lat' dir='ltr'>intelligi,</span> <span class='ocrx_word' id='word_1_122' title='bbox 1406 2474 1551 2548; x_wconf 89' lang='lat' dir='ltr'>dicens:</span> <span class='ocrx_word' id='word_1_123' title='bbox 1581 2477 1616 2544; x_wconf 87' lang='lat' dir='ltr'>ta</span> 
     </span>
     <span class='ocr_line' id='line_1_16' title="bbox 452 2594 1616 2687; baseline -0.003 -19"><span class='ocrx_word' id='word_1_124' title='bbox 452 2616 534 2668; x_wconf 86' lang='lat' dir='ltr'>oocc</span> <span class='ocrx_word' id='word_1_125' title='bbox 558 2599 627 2687; x_wconf 86' lang='lat' dir='ltr'>lor,</span> <span class='ocrx_word' id='word_1_126' title='bbox 644 2595 737 2670; x_wconf 88' lang='lat' dir='ltr'>idest</span> <span class='ocrx_word' id='word_1_127' title='bbox 753 2594 871 2670; x_wconf 89' lang='lat' dir='ltr'>oratio</span> <span class='ocrx_word' id='word_1_128' title='bbox 888 2613 1020 2668; x_wconf 90' lang='lat' dir='ltr'>eornm</span> <span class='ocrx_word' id='word_1_129' title='bbox 1038 2594 1210 2686; x_wconf 87' lang='lat' dir='ltr'>clamosa,</span> <span class='ocrx_word' id='word_1_130' title='bbox 1229 2594 1373 2666; x_wconf 72' lang='lat' dir='ltr'>dadolo</span> <span class='ocrx_word' id='word_1_131' title='bbox 1388 2596 1486 2666; x_wconf 79' lang='lat' dir='ltr'>ossei</span> <span class='ocrx_word' id='word_1_132' title='bbox 1503 2595 1616 2679; x_wconf 81' lang='lat' dir='ltr'>claro,</span> 
     </span>
     <span class='ocr_line' id='line_1_17' title="bbox 452 2714 1619 2806; baseline -0.009 -16"><span class='ocrx_word' id='word_1_133' title='bbox 452 2715 544 2790; x_wconf 88' lang='lat' dir='ltr'>idest</span> <span class='ocrx_word' id='word_1_134' title='bbox 568 2715 702 2790; x_wconf 75' lang='lat' dir='ltr'>chmm</span> <span class='ocrx_word' id='word_1_135' title='bbox 725 2714 811 2790; x_wconf 90' lang='lat' dir='ltr'>satis</span> <span class='ocrx_word' id='word_1_136' title='bbox 836 2714 947 2803; x_wconf 85' lang='lat' dir='ltr'>clare,</span> <span class='ocrx_word' id='word_1_137' title='bbox 963 2716 1107 2806; x_wconf 80' lang='lat' dir='ltr'>quondo</span> <span class='ocrx_word' id='word_1_138' title='bbox 1131 2734 1268 2803; x_wconf 80' lang='lat' dir='ltr'>scopon</span> <span class='ocrx_word' id='word_1_139' title='bbox 1292 2716 1330 2787; x_wconf 83' lang='lat' dir='ltr'>oi</span> <span class='ocrx_word' id='word_1_140' title='bbox 1353 2716 1420 2786; x_wconf 82' lang='lat' dir='ltr'>doc</span> <span class='ocrx_word' id='word_1_141' title='bbox 1439 2715 1540 2804; x_wconf 81' lang='lat' dir='ltr'>panti</span> <span class='ocrx_word' id='word_1_142' title='bbox 1563 2714 1619 2782; x_wconf 80' lang='lat' dir='ltr'>del</span> 
     </span>
     <span class='ocr_line' id='line_1_18' title="bbox 449 2830 1614 2929; baseline -0.003 -23"><span class='ocrx_word' id='word_1_143' title='bbox 449 2837 597 2922; x_wconf 76' lang='lat' dir='ltr'>ceretio,</span> <span class='ocrx_word' id='word_1_144' title='bbox 622 2834 714 2909; x_wconf 90' lang='lat' dir='ltr'>idest</span> <span class='ocrx_word' id='word_1_145' title='bbox 738 2834 785 2909; x_wconf 88' lang='lat' dir='ltr'>ad</span> <span class='ocrx_word' id='word_1_146' title='bbox 810 2840 989 2928; x_wconf 88' lang='lat' dir='ltr'>puuctum</span> <span class='ocrx_word' id='word_1_147' title='bbox 1020 2834 1189 2929; x_wconf 92' lang='lat' dir='ltr'>superius</span> <span class='ocrx_word' id='word_1_148' title='bbox 1214 2841 1251 2908; x_wconf 91' lang='lat' dir='ltr'>et</span> <span class='ocrx_word' id='word_1_149' title='bbox 1277 2833 1438 2925; x_wconf 81' lang='lat' dir='ltr'>interius,</span> <span class='ocrx_word' id='word_1_150' title='bbox 1470 2838 1512 2904; x_wconf 91' lang='lat' dir='ltr'>ut</span> <span class='ocrx_word' id='word_1_151' title='bbox 1542 2830 1614 2904; x_wconf 91' lang='lat' dir='ltr'>iam</span> 
     </span>
     <span class='ocr_line' id='line_1_19' title="bbox 449 2948 1615 3047; baseline -0.003 -21"><span class='ocrx_word' id='word_1_152' title='bbox 449 2970 547 3047; x_wconf 78' lang='lat' dir='ltr'>soepe</span> <span class='ocrx_word' id='word_1_153' title='bbox 570 2951 708 3026; x_wconf 89' lang='lat' dir='ltr'>dictum</span> <span class='ocrx_word' id='word_1_154' title='bbox 732 2960 801 3047; x_wconf 75' lang='lat' dir='ltr'>est,</span> <span class='ocrx_word' id='word_1_155' title='bbox 825 2957 913 3027; x_wconf 85' lang='lat' dir='ltr'>dove</span> <span class='ocrx_word' id='word_1_156' title='bbox 936 2957 1040 3045; x_wconf 79' lang='lat' dir='ltr'>colpe</span> <span class='ocrx_word' id='word_1_157' title='bbox 1068 2957 1265 3043; x_wconf 57' lang='lat' dir='ltr'>concerto,</span> <span class='ocrx_word' id='word_1_158' title='bbox 1295 2951 1430 3027; x_wconf 90' lang='lat' dir='ltr'>scilicet</span> <span class='ocrx_word' id='word_1_159' title='bbox 1458 2948 1615 3024; x_wconf 87' lang='lat' dir='ltr'>avaricia</span> 
     </span>
     <span class='ocr_line' id='line_1_20' title="bbox 450 3061 1617 3166; baseline -0.005 -21"><span class='ocrx_word' id='word_1_160' title='bbox 450 3077 488 3145; x_wconf 92' lang='lat' dir='ltr'>et</span> <span class='ocrx_word' id='word_1_161' title='bbox 511 3069 755 3166; x_wconf 81' lang='lat' dir='ltr'>prodigalitas,</span> <span class='ocrx_word' id='word_1_162' title='bbox 781 3072 982 3162; x_wconf 70' lang='lat' dir='ltr'>delimato,</span> <span class='ocrx_word' id='word_1_163' title='bbox 1009 3072 1100 3145; x_wconf 88' lang='lat' dir='ltr'>idest</span> <span class='ocrx_word' id='word_1_164' title='bbox 1124 3071 1323 3165; x_wconf 81' lang='lat' dir='ltr'>disseparet</span> <span class='ocrx_word' id='word_1_165' title='bbox 1336 3061 1374 3161; x_wconf 80' lang='lat'>(³)</span> <span class='ocrx_word' id='word_1_166' title='bbox 1396 3075 1434 3143; x_wconf 90' lang='lat' dir='ltr'>et</span> <span class='ocrx_word' id='word_1_167' title='bbox 1449 3067 1617 3142; x_wconf 87' lang='lat' dir='ltr'>dissociat</span> 
     </span>
     <span class='ocr_line' id='line_1_21' title="bbox 449 3185 1616 3284; baseline -0.005 -20"><span class='ocrx_word' id='word_1_168' title='bbox 449 3189 538 3284; x_wconf 88' lang='lat' dir='ltr'>quia</span> <span class='ocrx_word' id='word_1_169' title='bbox 563 3208 637 3264; x_wconf 92' lang='lat' dir='ltr'>non</span> <span class='ocrx_word' id='word_1_170' title='bbox 661 3194 812 3284; x_wconf 90' lang='lat' dir='ltr'>possunt</span> <span class='ocrx_word' id='word_1_171' title='bbox 835 3188 992 3265; x_wconf 83' lang='lat' dir='ltr'>invicem</span> <span class='ocrx_word' id='word_1_172' title='bbox 1013 3188 1221 3282; x_wconf 85' lang='lat' dir='ltr'>convenire,</span> <span class='ocrx_word' id='word_1_173' title='bbox 1240 3189 1326 3281; x_wconf 90' lang='lat' dir='ltr'>quia</span> <span class='ocrx_word' id='word_1_174' title='bbox 1343 3185 1526 3261; x_wconf 85' lang='lat' dir='ltr'>contraria</span> <span class='ocrx_word' id='word_1_175' title='bbox 1543 3204 1616 3259; x_wconf 91' lang='lat' dir='ltr'>non</span> 
     </span>
    </p>
   </div>
   <div class='ocr_carea' id='block_1_3' title="bbox 448 3296 1783 3404">
    <p class='ocr_par' dir='ltr' id='par_1_3' title="bbox 448 3296 1783 3404">
     <span class='ocr_line' id='line_1_22' title="bbox 448 3296 1783 3404; baseline -0.006 -21"><span class='ocrx_word' id='word_1_176' title='bbox 448 3315 599 3403; x_wconf 90' lang='lat' dir='ltr'>possunt</span> <span class='ocrx_word' id='word_1_177' title='bbox 622 3307 732 3382; x_wconf 88' lang='lat' dir='ltr'>simul</span> <span class='ocrx_word' id='word_1_178' title='bbox 745 3296 784 3399; x_wconf 71' lang='lat'>(⁴)</span> <span class='ocrx_word' id='word_1_179' title='bbox 803 3307 1114 3404; x_wconf 73' lang='lat' dir='ltr'>jungi-(tuest.</span> <span class='ocrx_word' id='word_1_180' title='bbox 1141 3308 1246 3381; x_wconf 90' lang='lat' dir='ltr'>Nune</span> <span class='ocrx_word' id='word_1_181' title='bbox 1271 3304 1442 3401; x_wconf 79' lang='lat' dir='ltr'>Virgilius</span> <span class='ocrx_word' id='word_1_182' title='bbox 1467 3322 1615 3397; x_wconf 78' lang='lat' dir='ltr'>respon-</span> <span class='ocrx_word' id='word_1_183' title='bbox 1767 3325 1783 3359; x_wconf 63' lang='grc' dir='ltr'><em>ν</em></span> 
     </span>
    </p>
   </div>
   <div class='ocr_carea' id='block_1_4' title="bbox 366 3419 1616 4476">
    <p class='ocr_par' dir='ltr' id='par_1_4' title="bbox 366 3419 1616 4476">
     <span class='ocr_line' id='line_1_23' title="bbox 447 3419 1614 3522; baseline -0.006 -21"><span class='ocrx_word' id='word_1_184' title='bbox 447 3419 560 3519; x_wconf 76' lang='lat' dir='ltr'>detl⁵l</span> <span class='ocrx_word' id='word_1_185' title='bbox 585 3426 632 3501; x_wconf 89' lang='lat' dir='ltr'>ad</span> <span class='ocrx_word' id='word_1_186' title='bbox 665 3427 864 3503; x_wconf 89' lang='lat' dir='ltr'>secundam</span> <span class='ocrx_word' id='word_1_187' title='bbox 895 3427 1106 3522; x_wconf 84' lang='lat' dir='ltr'>petitionem</span> <span class='ocrx_word' id='word_1_188' title='bbox 1138 3427 1289 3521; x_wconf 85' lang='lat' dir='ltr'>autoris,</span> <span class='ocrx_word' id='word_1_189' title='bbox 1321 3431 1359 3500; x_wconf 92' lang='lat' dir='ltr'>et</span> <span class='ocrx_word' id='word_1_190' title='bbox 1392 3422 1614 3499; x_wconf 84' lang='lat' dir='ltr'>confirmans</span> 
     </span>
     <span class='ocr_line' id='line_1_24' title="bbox 445 3546 1616 3641; baseline -0.008 -17"><span class='ocrx_word' id='word_1_191' title='bbox 445 3548 585 3624; x_wconf 90' lang='lat' dir='ltr'>dictum</span> <span class='ocrx_word' id='word_1_192' title='bbox 610 3547 705 3621; x_wconf 89' lang='lat' dir='ltr'>illius</span> <span class='ocrx_word' id='word_1_193' title='bbox 729 3546 838 3622; x_wconf 88' lang='lat' dir='ltr'>dicit:</span> <span class='ocrx_word' id='word_1_194' title='bbox 865 3551 973 3638; x_wconf 79' lang='lat' dir='ltr'>questi</span> <span class='ocrx_word' id='word_1_195' title='bbox 992 3552 1055 3641; x_wconf 84' lang='lat' dir='ltr'>sor</span> <span class='ocrx_word' id='word_1_196' title='bbox 1079 3549 1193 3621; x_wconf 70' lang='lat' dir='ltr'>clero</span> <span class='ocrx_word' id='word_1_197' title='bbox 1214 3550 1274 3620; x_wconf 82' lang='lat' dir='ltr'>cta</span> <span class='ocrx_word' id='word_1_198' title='bbox 1298 3565 1370 3619; x_wconf 76' lang='lat' dir='ltr'>nott</span> <span class='ocrx_word' id='word_1_199' title='bbox 1393 3547 1465 3617; x_wconf 83' lang='lat' dir='ltr'>don</span> <span class='ocrx_word' id='word_1_200' title='bbox 1494 3562 1616 3635; x_wconf 83' lang='lat' dir='ltr'>coper-</span> 
     </span>
     <span class='ocr_line' id='line_1_25' title="bbox 448 3661 1613 3761; baseline -0.007 -19"><span class='ocrx_word' id='word_1_201' title='bbox 448 3671 524 3742; x_wconf 77' lang='lat' dir='ltr'>ola&#39;o</span> <span class='ocrx_word' id='word_1_202' title='bbox 543 3671 659 3761; x_wconf 78' lang='lat' dir='ltr'>piloso</span> <span class='ocrx_word' id='word_1_203' title='bbox 682 3670 723 3741; x_wconf 82' lang='lat' dir='ltr'>ol</span> <span class='ocrx_word' id='word_1_204' title='bbox 744 3687 848 3759; x_wconf 86' lang='lat' dir='ltr'>copo,</span> <span class='ocrx_word' id='word_1_205' title='bbox 872 3667 964 3742; x_wconf 79' lang='lat' dir='ltr'>idest</span> <span class='ocrx_word' id='word_1_206' title='bbox 989 3687 1118 3743; x_wconf 90' lang='lat' dir='ltr'>omnes</span> <span class='ocrx_word' id='word_1_207' title='bbox 1143 3667 1199 3740; x_wconf 89' lang='lat' dir='ltr'>isti</span> <span class='ocrx_word' id='word_1_208' title='bbox 1224 3666 1288 3760; x_wconf 84' lang='lat' dir='ltr'>qui</span> <span class='ocrx_word' id='word_1_209' title='bbox 1312 3671 1398 3740; x_wconf 85' lang='lat' dir='ltr'>sunt</span> <span class='ocrx_word' id='word_1_210' title='bbox 1423 3685 1446 3739; x_wconf 92' lang='lat' dir='ltr'>a</span> <span class='ocrx_word' id='word_1_211' title='bbox 1471 3661 1613 3737; x_wconf 88' lang='lat' dir='ltr'>sinistra</span> 
     </span>
     <span class='ocr_line' id='line_1_26' title="bbox 447 3775 1615 3881; baseline -0.011 -16"><span class='ocrx_word' id='word_1_212' title='bbox 447 3806 522 3865; x_wconf 82' lang='lat' dir='ltr'>non</span> <span class='ocrx_word' id='word_1_213' title='bbox 544 3787 723 3862; x_wconf 85' lang='lat' dir='ltr'>habentes</span> <span class='ocrx_word' id='word_1_214' title='bbox 747 3786 1020 3880; x_wconf 85' lang='lat' dir='ltr'>coopertorium</span> <span class='ocrx_word' id='word_1_215' title='bbox 1046 3786 1203 3881; x_wconf 94' lang='lat' dir='ltr'>pilosum</span> <span class='ocrx_word' id='word_1_216' title='bbox 1217 3775 1255 3877; x_wconf 53' lang='grc' dir='ltr'>(ὅ)</span> <span class='ocrx_word' id='word_1_217' title='bbox 1274 3784 1320 3860; x_wconf 90' lang='lat' dir='ltr'>ad</span> <span class='ocrx_word' id='word_1_218' title='bbox 1337 3788 1446 3877; x_wconf 89' lang='lat' dir='ltr'>caput</span> <span class='ocrx_word' id='word_1_219' title='bbox 1467 3787 1615 3875; x_wconf 91' lang='lat' dir='ltr'>propter</span> 
     </span>
     <span class='ocr_line' id='line_1_27' title="bbox 449 3899 1615 3998; baseline -0.009 -16"><span class='ocrx_word' id='word_1_220' title='bbox 449 3906 621 3983; x_wconf 84' lang='lat' dir='ltr'>clericam</span> <span class='ocrx_word' id='word_1_221' title='bbox 646 3926 768 3981; x_wconf 83' lang='lat' dir='ltr'>rasam</span> <span class='ocrx_word' id='word_1_222' title='bbox 795 3906 946 3980; x_wconf 88' lang='lat' dir='ltr'>luerunt</span> <span class='ocrx_word' id='word_1_223' title='bbox 977 3906 1110 3981; x_wconf 90' lang='lat' dir='ltr'>clerici.</span> <span class='ocrx_word' id='word_1_224' title='bbox 1142 3906 1281 3982; x_wconf 84' lang='lat' dir='ltr'>Clerica</span> <span class='ocrx_word' id='word_1_225' title='bbox 1311 3904 1409 3979; x_wconf 93' lang='lat' dir='ltr'>enim</span> <span class='ocrx_word' id='word_1_226' title='bbox 1439 3899 1615 3998; x_wconf 83' lang='lat' dir='ltr'>significat</span> 
     </span>
     <span class='ocr_line' id='line_1_28' title="bbox 448 4017 1614 4120; baseline -0.008 -21"><span class='ocrx_word' id='word_1_227' title='bbox 448 4025 486 4099; x_wconf 91' lang='lat' dir='ltr'>in</span> <span class='ocrx_word' id='word_1_228' title='bbox 507 4025 657 4120; x_wconf 85' lang='lat' dir='ltr'>prelatis</span> <span class='ocrx_word' id='word_1_229' title='bbox 686 4024 785 4119; x_wconf 89' lang='lat' dir='ltr'>quod</span> <span class='ocrx_word' id='word_1_230' title='bbox 813 4025 948 4100; x_wconf 91' lang='lat' dir='ltr'>debent</span> <span class='ocrx_word' id='word_1_231' title='bbox 980 4025 1133 4101; x_wconf 89' lang='lat' dir='ltr'>reiicere</span> <span class='ocrx_word' id='word_1_232' title='bbox 1163 4032 1201 4101; x_wconf 88' lang='lat' dir='ltr'>et</span> <span class='ocrx_word' id='word_1_233' title='bbox 1232 4041 1400 4099; x_wconf 88' lang='lat' dir='ltr'>resecare</span> <span class='ocrx_word' id='word_1_234' title='bbox 1430 4017 1614 4115; x_wconf 83' lang='lat' dir='ltr'>superflua</span> 
     </span>
     <span class='ocr_line' id='line_1_29' title="bbox 366 4127 1615 4240; baseline -0.006 -21"><span class='ocrx_word' id='word_1_235' title='bbox 366 4149 369 4152; x_wconf 75' lang='grc'>’</span> <span class='ocrx_word' id='word_1_236' title='bbox 448 4144 682 4238; x_wconf 85' lang='lat' dir='ltr'>temporalia3</span> <span class='ocrx_word' id='word_1_237' title='bbox 708 4164 794 4218; x_wconf 89' lang='lat' dir='ltr'>nam</span> <span class='ocrx_word' id='word_1_238' title='bbox 827 4144 944 4238; x_wconf 90' lang='lat' dir='ltr'>capilli</span> <span class='ocrx_word' id='word_1_239' title='bbox 977 4165 1024 4220; x_wconf 82' lang='lat' dir='ltr'>ex</span> <span class='ocrx_word' id='word_1_240' title='bbox 1057 4144 1307 4240; x_wconf 84' lang='lat' dir='ltr'>superfluitate</span> <span class='ocrx_word' id='word_1_241' title='bbox 1340 4127 1553 4232; x_wconf 63' lang='lat' dir='ltr'>nascuntun</span> <span class='ocrx_word' id='word_1_242' title='bbox 1578 4143 1615 4212; x_wconf 91' lang='lat' dir='ltr'>et</span> 
     </span>
     <span class='ocr_line' id='line_1_30' title="bbox 448 4261 1615 4360; baseline -0.008 -22"><span class='ocrx_word' id='word_1_243' title='bbox 448 4262 563 4360; x_wconf 82' lang='lat' dir='ltr'>tangit</span> <span class='ocrx_word' id='word_1_244' title='bbox 589 4264 862 4359; x_wconf 81' lang='lat' dir='ltr'>principaliores</span> <span class='ocrx_word' id='word_1_245' title='bbox 892 4265 1039 4340; x_wconf 79' lang='lat' dir='ltr'>diceris:</span> <span class='ocrx_word' id='word_1_246' title='bbox 1061 4288 1088 4339; x_wconf 85' lang='lat' dir='ltr'>c</span> <span class='ocrx_word' id='word_1_247' title='bbox 1112 4268 1202 4358; x_wconf 79' lang='lat' dir='ltr'>popl</span> <span class='ocrx_word' id='word_1_248' title='bbox 1229 4286 1247 4336; x_wconf 90' lang='lat' dir='ltr'>e</span> <span class='ocrx_word' id='word_1_249' title='bbox 1275 4264 1463 4350; x_wconf 76' lang='lat' dir='ltr'>cardinali,</span> <span class='ocrx_word' id='word_1_250' title='bbox 1494 4262 1530 4331; x_wconf 80' lang='lat' dir='ltr'>ia</span> <span class='ocrx_word' id='word_1_251' title='bbox 1560 4261 1615 4329; x_wconf 80' lang='lat' dir='ltr'>cai</span> 
     </span>
     <span class='ocr_line' id='line_1_31' title="bbox 448 4376 1611 4476; baseline -0.009 -19"><span class='ocrx_word' id='word_1_252' title='bbox 448 4403 515 4457; x_wconf 76' lang='lat' dir='ltr'>uso</span> <span class='ocrx_word' id='word_1_253' title='bbox 536 4385 698 4457; x_wconf 69' lang='lat' dir='ltr'>ovando</span> <span class='ocrx_word' id='word_1_254' title='bbox 721 4385 749 4457; x_wconf 81' lang='lat' dir='ltr'>il</span> <span class='ocrx_word' id='word_1_255' title='bbox 769 4403 835 4457; x_wconf 80' lang='lat' dir='ltr'>sato</span> <span class='ocrx_word' id='word_1_256' title='bbox 849 4387 1043 4476; x_wconf 80' lang='lat' dir='ltr'>sopercdto,</span> <span class='ocrx_word' id='word_1_257' title='bbox 1060 4384 1151 4459; x_wconf 85' lang='lat' dir='ltr'>idest</span> <span class='ocrx_word' id='word_1_258' title='bbox 1168 4382 1267 4476; x_wconf 83' lang='lat' dir='ltr'>quod</span> <span class='ocrx_word' id='word_1_259' title='bbox 1283 4378 1443 4456; x_wconf 87' lang='lat' dir='ltr'>avaricia</span> <span class='ocrx_word' id='word_1_260' title='bbox 1458 4376 1611 4450; x_wconf 89' lang='lat' dir='ltr'>istorum</span> 
     </span>
    </p>
   </div>
   <div class='ocr_carea' id='block_1_5' title="bbox 507 4648 1566 4945">
    <p class='ocr_par' dir='ltr' id='par_1_5' title="bbox 507 4648 1426 4714">
     <span class='ocr_line' id='line_1_32' title="bbox 507 4648 1426 4714; baseline -0.001 -16"><span class='ocrx_word' id='word_1_261' title='bbox 507 4649 533 4711; x_wconf 81' lang='lat'>(¹)</span> <span class='ocrx_word' id='word_1_262' title='bbox 549 4648 575 4698; x_wconf 77' lang='lat' dir='ltr'>S.</span> <span class='ocrx_word' id='word_1_263' title='bbox 591 4662 657 4712; x_wconf 79' lang='lat' dir='ltr'>quos</span> <span class='ocrx_word' id='word_1_264' title='bbox 672 4649 749 4699; x_wconf 71' lang='lat' dir='ltr'>rides</span> <span class='ocrx_word' id='word_1_265' title='bbox 765 4676 796 4688; x_wconf 94' lang='lat'><em>-</em></span> <span class='ocrx_word' id='word_1_266' title='bbox 814 4653 858 4701; x_wconf 82' lang='lat' dir='ltr'>lle</span> <span class='ocrx_word' id='word_1_267' title='bbox 874 4664 889 4700; x_wconf 87' lang='lat' dir='ltr'>a</span> <span class='ocrx_word' id='word_1_268' title='bbox 905 4651 936 4701; x_wconf 68' lang='lat' dir='ltr'>ld</span> <span class='ocrx_word' id='word_1_269' title='bbox 952 4664 1042 4703; x_wconf 83' lang='lat' dir='ltr'>omnes</span> <span class='ocrx_word' id='word_1_270' title='bbox 1058 4651 1099 4701; x_wconf 86' lang='lat' dir='ltr'>lsti</span> <span class='ocrx_word' id='word_1_271' title='bbox 1115 4663 1181 4714; x_wconf 81' lang='lat' dir='ltr'>quos</span> <span class='ocrx_word' id='word_1_272' title='bbox 1197 4655 1225 4700; x_wconf 85' lang='lat' dir='ltr'>tu</span> <span class='ocrx_word' id='word_1_273' title='bbox 1242 4649 1312 4701; x_wconf 80' lang='lat' dir='ltr'>rldcr</span> <span class='ocrx_word' id='word_1_274' title='bbox 1327 4649 1354 4699; x_wconf 91' lang='lat' dir='ltr'>io</span> <span class='ocrx_word' id='word_1_275' title='bbox 1369 4648 1426 4698; x_wconf 80' lang='lat' dir='ltr'>lsla.</span> 
     </span>
    </p>

    <p class='ocr_par' dir='ltr' id='par_1_6' title="bbox 507 4720 1566 4868">
     <span class='ocr_line' id='line_1_33' title="bbox 507 4720 1566 4791; baseline 0.003 -17"><span class='ocrx_word' id='word_1_276' title='bbox 507 4723 535 4787; x_wconf 80' lang='lat'>(¹)</span> <span class='ocrx_word' id='word_1_277' title='bbox 551 4725 582 4775; x_wconf 80' lang='lat' dir='ltr'>B.</span> <span class='ocrx_word' id='word_1_278' title='bbox 596 4727 642 4789; x_wconf 82' lang='lat' dir='ltr'>qul</span> <span class='ocrx_word' id='word_1_279' title='bbox 658 4725 786 4776; x_wconf 77' lang='lat' dir='ltr'>iecerunt.</span> <span class='ocrx_word' id='word_1_280' title='bbox 911 4727 938 4789; x_wconf 80' lang='lat'>(¹)</span> <span class='ocrx_word' id='word_1_281' title='bbox 954 4728 980 4777; x_wconf 84' lang='lat' dir='ltr'>s.</span> <span class='ocrx_word' id='word_1_282' title='bbox 998 4728 1101 4791; x_wconf 77' lang='lat' dir='ltr'>disdprt</span> <span class='ocrx_word' id='word_1_283' title='bbox 1115 4732 1151 4779; x_wconf 74' lang='lat' dir='ltr'>et</span> <span class='ocrx_word' id='word_1_284' title='bbox 1277 4725 1304 4788; x_wconf 79' lang='lat'>(⁸)</span> <span class='ocrx_word' id='word_1_285' title='bbox 1319 4725 1347 4778; x_wconf 79' lang='lat' dir='ltr'>S.</span> <span class='ocrx_word' id='word_1_286' title='bbox 1361 4725 1470 4779; x_wconf 59' lang='lat' dir='ltr'>mecm</span> <span class='ocrx_word' id='word_1_287' title='bbox 1482 4720 1566 4786; x_wconf 68' lang='lat' dir='ltr'>innui·</span> 
     </span>
     <span class='ocr_line' id='line_1_34' title="bbox 507 4799 1266 4868; baseline 0.008 -19"><span class='ocrx_word' id='word_1_288' title='bbox 507 4799 534 4862; x_wconf 79' lang='lat'>(⁸)</span> <span class='ocrx_word' id='word_1_289' title='bbox 551 4804 605 4861; x_wconf 80' lang='lat' dir='ltr'>llo,</span> <span class='ocrx_word' id='word_1_290' title='bbox 622 4801 760 4864; x_wconf 80' lang='lat' dir='ltr'>respondet</span> <span class='ocrx_word' id='word_1_291' title='bbox 774 4802 894 4857; x_wconf 67' lang='lat' dir='ltr'>mama</span> <span class='ocrx_word' id='word_1_292' title='bbox 910 4804 1026 4866; x_wconf 83' lang='lat' dir='ltr'>palllloul</span> <span class='ocrx_word' id='word_1_293' title='bbox 1042 4804 1145 4868; x_wconf 76' lang='lat' dir='ltr'>speclall</span> <span class='ocrx_word' id='word_1_294' title='bbox 1160 4805 1266 4855; x_wconf 79' lang='lat' dir='ltr'>autoris.</span> 
     </span>
    </p>

    <p class='ocr_par' dir='ltr' id='par_1_7' title="bbox 508 4877 1053 4945">
     <span class='ocr_line' id='line_1_35' title="bbox 508 4877 1053 4945; baseline 0.007 -18"><span class='ocrx_word' id='word_1_295' title='bbox 508 4877 534 4940; x_wconf 70' lang='lat'>(⁸)</span> <span class='ocrx_word' id='word_1_296' title='bbox 552 4881 607 4938; x_wconf 80' lang='lat' dir='ltr'>rto,</span> <span class='ocrx_word' id='word_1_297' title='bbox 623 4877 734 4942; x_wconf 80' lang='lat' dir='ltr'>pllosrrm</span> <span class='ocrx_word' id='word_1_298' title='bbox 750 4878 904 4943; x_wconf 85' lang='lat' dir='ltr'>capillorum</span> <span class='ocrx_word' id='word_1_299' title='bbox 920 4880 952 4930; x_wconf 80' lang='lat' dir='ltr'>ad</span> <span class='ocrx_word' id='word_1_300' title='bbox 968 4885 1053 4945; x_wconf 78' lang='lat' dir='ltr'>caput.</span> 
     </span>
    </p>
   </div>
   <div class='ocr_carea' id='block_1_6' title="bbox 0 0 2082 6546">
    <p class='ocr_par' dir='ltr' id='par_1_8' title="bbox 0 0 2082 6546">
     <span class='ocr_line' id='line_1_36' title="bbox 0 0 2082 6546; baseline 0 0"><span class='ocrx_word' id='word_1_301' title='bbox 0 0 2082 6546; x_wconf 95' lang='lat' dir='ltr'> </span> 
     </span>
    </p>
   </div>
  </div>
 </body>
</html>
