3990 6540
751 809 895 865 clurus
915 810 1074 865 mnus
1098 809 1243 863 ramus.
1538 796 1608 863 363

437 955 560 1032 clerici
573 954 835 1051 etpresbyteri
856 960 1089 1029 recesserunt
1106 976 1130 1029 a
1147 953 1368 1029 comunione
1383 953 1495 1048 ipsius
1511 955 1610 1028 hna-

438 1076 571 1170 sthasii,
593 1075 679 1170 quia
695 1075 995 1152 comunicaverat
1019 1074 1172 1148 Photlno
1198 1073 1381 1168 predicto,
1399 1074 1555 1148 tenendo
1572 1080 1610 1148 ot

436 1195 661 1271 defendendo
686 1216 853 1271 errorem
880 1195 977 1290 eius;
1004 1216 1091 1268 nam
1116 1195 1153 1267 in
1178 1215 1267 1268 casu
1288 1195 1469 1270 haereticae
1486 1194 1610 1289 pravi-

438 1316 521 1391 tatis
545 1335 639 1410 papa
662 1321 781 1411 potest
804 1315 936 1410 deponi
960 1314 991 1389 si
1016 1336 1090 1390 non
1114 1315 1193 1391 vult
1218 1315 1416 1390 emendari.
1438 1312 1546 1389 hlodo'
1562 1315 1608 1390 ad

437 1436 582 1511 literam
612 1442 722 1511 autor
747 1437 810 1511 dat
834 1457 1013 1532 magnum
1038 1435 1248 1529 sepulcrum
1274 1436 1488 1510 hnasthasio
1514 1441 1609 1508 tam-

437 1577 551 1650 quam
569 1576 704 1652 magno
721 1556 900 1631 sacerdoti
911 1548 948 1647 (¹)
966 1555 1261 1649 christianorum,
1274 1555 1311 1628 in
1323 1547 1398 1649 quo
1410 1556 1504 1630 iacet
1521 1575 1607 1630 cum

437 1676 561 1750 multis
585 1674 664 1750 aliis
692 1675 919 1771 photinianis,
941 1681 978 1750 et
993 1676 1054 1750 dat
1079 1675 1145 1749 sihi
1171 1674 1396 1768 epitaphium
1420 1674 1498 1750 sive
1522 1676 1610 1752 titu-

437 1796 516 1870 lum
540 1797 752 1891 sepulturae,
777 1796 872 1871 sicut
895 1797 987 1871 solet
1012 1795 1091 1870 fieri
1118 1795 1259 1891 magnis
1285 1795 1371 1870 viris
1396 1796 1433 1870 in
1451 1797 1607 1871 mundo:

438 1917 502 2010 qui
527 1917 675 2011 quidem
701 1917 829 1991 titulus
844 1923 925 1991 erat
941 1915 1135 2010 inscriptus
1151 1918 1372 2010 cooperculo
1394 1919 1606 2012 sepultura,

436 2035 473 2110 in
490 2057 565 2130 quo
582 2037 732 2131 quidem
750 2037 854 2112 titulo
870 2037 1031 2113 breviter
1048 2036 1210 2132 tangitur
1236 2057 1371 2112 nomen
1396 2038 1604 2131 utriusque,

436 2156 573 2234 scilicet
599 2156 739 2231 Photini
777 2157 994 2250 seducentis,
1028 2163 1066 2231 et
1102 2157 1304 2231 hnasthasii
1338 2159 1500 2252 seducti;
1526 2158 1609 2234 ideo

404 2275 523 2353 edicit
546 2285 656 2353 autor
681 2276 719 2350 in
743 2276 870 2352 litera:
896 2280 999 2350 oo'io
1023 2279 1096 2350 vidi
1119 2299 1191 2351 uno
1211 2282 1356 2370 soipto,
1373 2280 1463 2355 idest
1479 2279 1518 2354 in
1533 2300 1609 2373 quo

439 2395 660 2490 cooperculo
677 2396 747 2471 vidi
766 2395 945 2477 modicam
965 2396 1196 2491 scripturam,
1213 2401 1273 2472 olto
1288 2402 1407 2473 oceo.-
1426 2405 1530 2494 petra
1554 2405 1611 2473 est

439 2537 524 2609 quae
549 2516 723 2609 loquitur,
749 2524 787 2591 et
810 2508 1175 2608 mellentensium
1196 2540 1295 2612 popo
1318 2524 1473 2611 wardo,
1493 2520 1609 2595 inclu-

438 2658 522 2711 sum
539 2637 635 2711 intra
651 2627 687 2727 (³)
708 2656 895 2712 carcerem
913 2638 1025 2711 istum
1042 2639 1304 2734 sepulcralem3
1322 2648 1360 2716 et
1376 2661 1463 2717 ecoe
1479 2660 1608 2735 quaro,

438 2761 473 2831 lo
496 2761 583 2850 psat
605 2765 718 2831 hosce
743 2761 843 2831 Folio
867 2761 912 2832 de
935 2762 971 2832 lo
997 2761 1056 2832 oto
1079 2762 1201 2852 mitto,
1222 2761 1312 2835 idest
1328 2783 1351 2835 a
1369 2762 1428 2836 via
1445 2769 1555 2837 rectae
1569 2751 1607 2853 (⁴)

438 2877 531 2952 fidei.
556 2878 602 2952 Et
624 2877 776 2953 adverte
801 2879 899 2972 quod
923 2886 1034 2954 autor
1059 2880 1096 2954 in
1121 2882 1189 2955 islo
1214 2883 1395 2957 versiculo
1421 2883 1505 2957 lacit
1528 2903 1609 2957 am-

438 2997 695 3093 phibologiam,
723 2998 813 3073 idest
841 2998 991 3072 dubiam
1018 3000 1258 3094 locutionem;
1284 3022 1372 3077 nam
1396 3002 1444 3076 ad
1469 3010 1608 3078 rectam

437 3118 710 3215 intelligentiam
736 3119 838 3193 istius
864 3120 979 3194 literae
1004 3120 1113 3195 dehet
1137 3120 1217 3195 fieri
1242 3121 1289 3197 de
1304 3122 1456 3197 Photino
1473 3143 1610 3217 suppo-

437 3239 560 3333 situm,
578 3245 615 3313 et
631 3238 679 3314 de
694 3240 908 3314 hnasthasio
933 3241 1150 3335 appositum,
1169 3241 1218 3314 ita
1236 3247 1278 3314 ut
1295 3241 1400 3316 litera
1417 3248 1610 3318 construa-

437 3368 499 3435 tur
523 3359 598 3434 sic:
625 3361 661 3435 lo
685 3363 799 3451 puoh,
825 3359 916 3435 idest
940 3379 1053 3453 quem
1078 3361 1345 3456 Anasthasium,
1370 3366 1472 3435 Folio
1497 3370 1610 3437 trusae

432 3486 520 3577 soor
543 3482 587 3554 do
611 3483 648 3554 lo
672 3483 730 3554 oio
755 3484 876 3571 drino,
900 3486 1070 3556 elnone
1094 3482 1289 3575 contrario,
1316 3483 1365 3557 ita
1390 3483 1490 3576 quod
1515 3485 1610 3558 Pho-

438 3601 534 3674 tinus
565 3599 613 3674 sit
643 3620 769 3694 agens,
803 3601 1038 3678 hnasthasius
1071 3603 1219 3697 patiens.
1233 3607 1345 3676 -Lo
1375 3611 1507 3678 moero.
1542 3604 1608 3679 llic

435 3727 545 3796 autm
564 3721 764 3797 revertitur
780 3721 827 3794 ad
847 3723 1041 3798 materiam
1059 3733 1274 3816 sequentem
1300 3745 1323 3797 a
1348 3745 1423 3818 qua
1449 3724 1610 3820 incoepe-

436 3849 493 3917 rat
508 3834 558 3936 (⁵),
583 3848 623 3917 et
641 3841 757 3936 tangit
780 3842 972 3917 oonsihum
998 3842 1134 3938 Virgilii
1159 3844 1205 3918 ad
1231 3845 1301 3919 hoc
1315 3835 1370 3939 (⁶);
1397 3845 1484 3939 quia
1508 3847 1608 3920 enim

436 3963 610 4057 ingerant
632 3968 733 4037 retro
758 3971 906 4057 propter
933 3964 1144 4038 horribilem
1171 3964 1353 4059 statorem,
1379 3966 1460 4040 ideo
1490 3966 1609 4062 Virgi-

438 4082 507 4156 lius
535 4082 643 4156 docet
672 4083 854 4159 cautelam
881 4083 939 4158 hic
963 4084 1193 4177 servandam,
1220 4084 1384 4160 videlicet
1401 4093 1452 4159 >ut
1476 4086 1609 4161 iaciant

436 4201 617 4276 modicam
660 4222 804 4276 moram
846 4210 888 4277 ut
929 4203 1104 4297 paulatim
1142 4211 1355 4279 assuescant
1391 4204 1448 4279 isti
1485 4205 1607 4281 ioetori

434 4321 598 4418 generali
623 4322 786 4415 oonluso,
811 4332 854 4398 ut
877 4329 1003 4417 postea
1020 4324 1142 4397 minus
1167 4323 1347 4399 ludantur
1370 4325 1518 4418 qnando
1542 4326 1608 4401 de·

436 4442 609 4518 scandent
622 4431 661 4534 (⁷)
691 4444 739 4519 ad
767 4443 1005 4539 particulares
1034 4444 1194 4539 foetores,
1226 4465 1319 4538 quos
1348 4446 1472 4540 plures
1486 4438 1524 4540 (⁸)
1550 4448 1609 4522 in-

496 4703 524 4764 t')
540 4706 594 4762 llo,
611 4702 746 4763 noerdotl,
762 4703 790 4753 lu
805 4717 858 4768 qno
874 4706 948 4756 lacet
1084 4703 1112 4767 (¹)
1129 4705 1158 4756 R
1177 4710 1203 4755 et
1219 4705 1281 4756 dicit
1296 4707 1349 4756 oio:
1366 4706 1511 4758 Amasin.

496 4779 522 4841 (¹)
539 4780 568 4829 ll.
586 4780 653 4829 intra
668 4780 773 4831 ucham
790 4783 873 4832 istam.
1084 4783 1111 4844 (⁸)
1130 4786 1184 4842 111,
1200 4797 1216 4832 ι
1231 4782 1274 4834 rie
1287 4787 1360 4834 reon
1375 4783 1445 4835 hcet

497 4856 682 4919 (¹llitinolplt.
1084 4857 1563 4926 clssodhomlnnlaiuam

496 4931 524 4994 c)
539 4935 593 4992 llo,
610 4931 773 4985 mont
800 4952 805 4959 ·
1082 4933 1157 4996 1111
1173 4933 1242 5000 queo
1259 4934 1365 5001 phut-
