4154 6546
459 765 530 833 312
854 775 1057 831 connubunt
1081 777 1234 830 rursum

458 922 635 997 tentiones
654 920 777 1012 animi,
791 919 926 1016 linguae
937 925 975 993 et
988 939 1136 1014 manus,
1150 926 1188 994 et
1200 919 1364 994 nominat
1376 939 1439 993 eas
1452 918 1578 994 ordine
1586 912 1624 1012 (¹)

455 1041 588 1136 debito,
604 1041 743 1115 dicens:
761 1035 913 1130 poestde
933 1043 1075 1130 Mepcro
1090 1041 1154 1111 dol
1170 1042 1313 1112 mustro
1329 1046 1445 1130 coum,
1466 1038 1553 1133 quin
1570 1049 1625 1114 est

455 1161 558 1256 peior
583 1165 763 1255 qnantum
784 1160 830 1234 ad
854 1160 1066 1235 scandalum
1092 1159 1129 1232 in
1155 1159 1235 1234 loro
1259 1158 1365 1253 civili,
1383 1179 1457 1233 non
1482 1159 1518 1233 in
1543 1159 1624 1236 loro

455 1281 699 1374 conscientiam
717 1283 831 1374 puello
847 1283 907 1353 cte
917 1283 1050 1373 pioape
1069 1283 1133 1354 dol
1147 1282 1264 1353 destro
1281 1275 1318 1353 de
1337 1283 1461 1370 Aletto,
1475 1279 1561 1374 quia
1578 1280 1626 1354 ab

456 1401 523 1474 ista
535 1407 683 1476 emanat
694 1400 813 1474 omnis
824 1420 936 1474 causa
950 1400 1131 1494 planctus;
1151 1403 1359 1493 Ytesiobone
1371 1396 1409 1474 e‘e
1420 1403 1478 1472 uel
1489 1419 1624 1489 brozzo,

456 1521 542 1616 quia
567 1519 703 1594 locutio
728 1527 783 1594 est
808 1540 990 1615 organum
1022 1519 1185 1594 medium
1211 1540 1286 1613 quo
1311 1520 1457 1594 animus
1490 1539 1623 1613 opera-

455 1647 517 1714 tur
540 1641 586 1714 ad
612 1647 733 1733 extra3
760 1659 845 1713 nam
873 1641 984 1714 bomo
1009 1639 1128 1735 primo
1150 1640 1344 1713 committit
1367 1646 1560 1734 peccatum
1587 1639 1622 1711 in

455 1766 579 1835 mente
595 1759 762 1856 eligendo
789 1760 928 1833 malum
944 1751 994 1853 (¹),
1012 1759 1142 1834 deinde
1169 1760 1376 1834 manifestat
1394 1760 1517 1854 lingua
1534 1779 1624 1833 con-

453 1886 613 1973 ceptum,
638 1885 675 1953 et
701 1878 809 1952 tertio
834 1879 1041 1973 prorumpit
1065 1878 1101 1952 in
1126 1879 1395 1974 operationem,
1421 1881 1502 1954 ideo
1527 1880 1622 1954 bene

452 1999 553 2093 ponit
577 1999 802 2092 Tbesipbone
832 1998 1011 2091 mediam3
1036 1998 1166 2072 deinde
1199 1998 1315 2093 tangit
1344 1991 1494 2090 actus(³)
1530 2000 1624 2094 ipsa-

453 2138 550 2212 rum,
576 2117 713 2192 dicens:
739 2139 805 2190 coa
823 2120 975 2209 tunpltie
990 2139 1027 2191 se
1040 2121 1167 2211 seodeo
1183 2121 1349 2191 ciascuno
1365 2123 1399 2190 el
1408 2127 1514 2210 petto,
1530 2118 1621 2192 idest

451 2237 568 2311 acutis
592 2237 746 2310 stimulis
762 2226 798 2328 (⁸)
827 2238 990 2312 lacerant
1014 2236 1080 2310 sibi
1098 2236 1209 2311 corda
1227 2257 1311 2329 quae
1328 2243 1425 2310 stant
1442 2237 1478 2310 in
1495 2243 1624 2331 pecto-

452 2355 564 2449 ribus,
590 2361 628 2429 et
652 2357 721 2430 boc
746 2362 801 2430 est
826 2355 972 2450 proprie
997 2354 1159 2430 officium
1181 2355 1321 2450 primae,
1339 2356 1473 2430 scilicet
1497 2376 1621 2450 pravae

451 2474 689 2569 cogitationis,
722 2476 858 2547 botteuu
893 2478 924 2547 te
949 2479 1080 2568 pmnze,
1112 2478 1181 2550 boc
1205 2481 1261 2549 est
1285 2476 1431 2571 proprie
1456 2476 1619 2550 officium

451 2592 579 2685 tertiae,
606 2593 741 2666 scilicet
765 2613 888 2687 pravae
918 2594 1149 2688 operationis,
1174 2616 1193 2666 c
1216 2597 1394 2684 oridooon
1419 2587 1447 2666 d
1472 2598 1557 2685 otto,
1583 2601 1620 2667 et

451 2713 520 2784 boo
554 2718 608 2784 est
641 2711 787 2805 proprie
812 2711 974 2785 officium
1001 2713 1181 2807 secundae,
1207 2713 1342 2788 scilicet
1366 2734 1489 2808 pravae
1514 2712 1617 2787 locu-

449 2829 568 2922 tionis,
594 2849 640 2903 ex
651 2820 689 2921 (⁵)
707 2850 782 2921 quo
799 2830 949 2904 territus
970 2852 1065 2924 sum,
1086 2832 1184 2905 unde
1203 2832 1305 2906 dicit:
1323 2836 1415 2905 cb’io
1433 2853 1486 2904 me
1502 2835 1624 2905 smmi

449 2951 488 3021 ol
500 2955 604 3040 poeto
624 2969 693 3040 per
716 2955 877 3041 cospetto,
900 2949 1030 3024 timens
1047 2969 1094 3024 ne
1111 2950 1188 3023 istae
1205 2952 1287 3045 plus
1304 2953 1491 3026 obstarent
1507 2971 1620 3043 quam

449 3067 645 3142 daemones.
656 3073 840 3158 -Vepno
855 3069 960 3142 Nunc
984 3075 1094 3143 autor
1106 3069 1268 3145 declarat
1284 3072 1485 3146 clamorem
1505 3069 1620 3142 iuria-

450 3207 548 3281 rum,
574 3186 659 3281 quia
684 3206 814 3261 omnes
843 3187 916 3261 alta
942 3207 1033 3262 voce
1058 3188 1265 3273 clamabant
1290 3190 1476 3262 Medusam
1505 3187 1542 3261 in
1568 3188 1623 3261 ia-

448 3326 576 3380 vorem
609 3328 719 3381 suum
752 3305 798 3381 ad
832 3307 1047 3381 terrendum
1078 3315 1116 3382 et
1147 3310 1403 3402 expellendum
1431 3309 1617 3384 bominem

447 3425 575 3500 vivum
591 3427 639 3500 ab
656 3426 821 3522 ingressu
841 3426 943 3500 istius
963 3427 1128 3520 civitatis,
1145 3428 1232 3521 quia
1252 3429 1393 3502 nullum
1413 3436 1617 3503 monstrum

448 3546 623 3621 infernale
647 3546 840 3620 videbatur
856 3546 1041 3640 potentius
1058 3553 1095 3620 et
1111 3546 1297 3620 efficacius
1313 3548 1360 3621 ad
1378 3548 1619 3641 impedimen·
1736 3568 1744 3581 ·

448 3673 526 3740 tum
554 3673 591 3741 et
615 3666 846 3741 obstaculum
878 3665 990 3738 istius.
1017 3665 1182 3739 Habebat
1206 3666 1304 3740 enim
1331 3666 1450 3740 crines
1468 3686 1620 3759 serpen-

448 3787 541 3863 tinos
557 3786 650 3861 sicut
667 3792 704 3860 et
720 3785 805 3880 ipsae
819 3784 935 3877 tirriae,
948 3790 986 3859 et
1002 3785 1080 3858 solo
1092 3791 1242 3879 aspectu
1256 3805 1385 3860 omnes
1406 3784 1591 3875 videntes(
1611 3789 1620 3869 l

447 3925 486 3979 se
510 3904 730 3979 saxificabat.
762 3902 833 3976 Sed
862 3922 946 3995 quae
975 3908 1057 3976 erat
1082 3903 1150 3977 ista
1174 3904 1352 3978 Medusa?
1377 3904 1486 3978 Certe
1512 3903 1617 3976 multi

447 4024 562 4097 multa
595 4023 768 4097 dixerunt
798 4021 857 4095 bic
890 4021 936 4095 de
950 4009 988 4113 (⁷)
1014 4023 1172 4097 Medusa.
1208 4023 1327 4117 Aliqui
1359 4025 1456 4098 enim
1492 4002 1632 4098 dicun?

447 4143 544 4238 quod
569 4149 678 4216 autor
703 4162 768 4237 per
793 4141 979 4218 Medusam
1005 4141 1067 4216 dat
1092 4142 1241 4239 intelligi
1266 4142 1469 4239 figuraliter
1495 4144 1532 4216 in
1552 4163 1617 4239 ge·

447 4263 560 4338 nerali
578 4261 760 4337 libidinem
777 4261 853 4335 sive
867 4260 1061 4335 mulierem
1079 4262 1323 4356 libidinosam3
1338 4261 1437 4355 quod
1453 4269 1617 4358 arguunt

447 4383 532 4476 quia
556 4384 704 4458 Medusa
730 4381 798 4454 luit
822 4381 908 4454 olim
936 4381 1170 4475 pulcerrima,
1188 4388 1226 4456 et
1250 4389 1419 4475 aspectus
1438 4381 1517 4455 talis
1535 4381 1618 4454 red·

507 4567 534 4628 (¹)
551 4567 580 4616 E.
596 4569 701 4617 nomine
718 4566 815 4616 debito.

506 4640 533 4703 (¹)
551 4641 580 4692 Ε.
598 4643 697 4692 malum
713 4643 825 4704 dictum
843 4647 869 4693 et
886 4643 973 4707 lingua
984 4642 1131 4694 monifestat
1143 4649 1306 4707 conceptum,
1318 4648 1345 4692 et
1357 4654 1449 4692 monus
1459 4641 1616 4704 prorumpit.

508 4715 534 4778 (³)
551 4721 605 4776 tto.
622 4725 718 4769 actum.
1092 4719 1119 4779 (⁸1
1137 4724 1193 4781 tto,
1209 4720 1369 4770 strumentis.

508 4789 535 4849 t'l
549 4791 580 4840 R
596 4804 628 4842 οι
644 4792 737 4856 quibus
752 4793 867 4843 territus.
1089 4793 1116 4858 (⁸)
1134 4799 1188 4856 tlt,
1206 4796 1321 4847 vldentes
1337 4792 1492 4845 suilicobrt.

508 4865 535 4929 i’l
551 4866 577 4917 S.
593 4867 626 4919 (le
641 4881 680 4919 οι.
697 4867 795 4932 Aliqui.
