3990 6540
788 770 1041 825 rurnooucrro.
1457 758 1495 825 tl

333 921 442 1011 Plato,
463 919 696 1011 pbilosopbio,
729 917 780 992 ait
809 916 845 989 iu
879 915 1072 1006 Pbaedone,
1097 923 1149 988 est
1171 917 1345 991 mutatio
1371 921 1499 989 coortu.

331 1040 429 1113 [luas
453 1044 578 1111 autem
603 1035 733 1111 asserit
757 1055 837 1109 esse
864 1040 1021 1126 mortes;
1043 1033 1200 1129 primam
1219 1043 1372 1127 natura,
1391 1037 1501 1109 bomo

331 1159 428 1231 enim
455 1156 670 1231 naturaliter
695 1154 852 1229 moritur
877 1174 963 1227 cum
989 1155 1112 1229 anima
1137 1175 1271 1250 corpus
1286 1149 1321 1248 (¹)
1341 1157 1502 1231 solutum

333 1279 412 1373 lege
450 1284 601 1351 naturae.
635 1274 802 1350 Secunda
831 1281 886 1351 cst
917 1275 1071 1367 virtutis,
1097 1296 1182 1351 cum
1216 1277 1351 1351 scilicet
1381 1278 1503 1351 anima

332 1397 452 1470 adbuc
476 1396 513 1468 in
538 1414 692 1489 corpore
716 1394 911 1469 constituta
936 1413 1132 1488 corporeas
1156 1397 1357 1470 contemnit
1382 1397 1505 1470 illece-

335 1519 418 1591 bras
443 1525 480 1591 et
505 1516 742 1611 cupiditatum
768 1517 893 1590 dulces
922 1514 1077 1608 insidias,
1110 1517 1343 1610 reliquasque
1377 1537 1504 1592 omnes

334 1637 436 1710 exuit
461 1637 654 1730 passiones.
682 1636 745 1710 llic
769 1642 896 1709 auwm
929 1656 1039 1710 verus
1068 1636 1300 1731 piiilosopbus
1328 1656 1373 1711 ac
1398 1645 1504 1731 poeta

335 1757 429 1829 banc
454 1761 610 1830 mortem
643 1775 880 1850 summopere
914 1755 1108 1830 meditatus
1141 1776 1224 1831 earn
1254 1756 1393 1830 studuit
1422 1778 1504 1851 per·

334 1876 491 1950 suadere
516 1875 697 1949 mentibus
722 1875 888 1949 omnium
905 1866 940 1965 (²)
968 1882 1010 1948 ut
1035 1884 1193 1950 mortem
1222 1876 1300 1950 sine
1331 1884 1451 1951 morte
1466 1868 1503 1967 (³)
1556 1931 1560 1939 .

335 1995 484 2070 feliciter
521 1995 764 2089 pervenirent
798 2001 840 2067 ut
876 1996 914 2069 in
951 2016 1123 2090 processu
1153 1997 1273 2090 operis
1306 1996 1506 2071 clarissime

335 2115 569 2189 ostendetur:
596 2116 641 2189 ad
668 2136 780 2208 quam
806 2135 872 2190 nos
898 2136 1032 2191 vocare
1056 2116 1306 2213 digneturqui
1325 2125 1380 2191 est
1405 2138 1506 2191 mor-

337 2234 380 2305 tis
404 2240 441 2306 et
466 2233 550 2306 ritae
574 2235 743 2308 dominus
769 2235 804 2307 in
830 2242 1024 2328 aeternum,
1049 2256 1169 2310 amen.

900 2342 935 2442 i‘l

410 2472 602 2544 Praemisso
614 2471 930 2547 commendatione
941 2475 1129 2547 communi
1142 2482 1218 2548 tam
1231 2474 1380 2568 poetriae
1394 2495 1506 2567 quam

340 2592 451 2665 nostri
468 2597 596 2685 poeta,
614 2610 711 2663 nunc
729 2599 996 2683 consequenter
1012 2593 1130 2666 estad
1147 2585 1271 2684 librii⁵l
1287 2593 1430 2667 literam
1444 2592 1509 2667 dc-

339 2710 599 2784 scendendum.
614 2709 666 2783 ild
679 2710 786 2804 cujus
802 2709 995 2784 clariorem
1009 2711 1281 2806 intelligentiam
1289 2702 1326 2801 (θ)
1338 2712 1507 2804 quadam

339 2830 565 2904 evidentialia
579 2830 806 2904 extrinsecus
822 2830 1059 2923 praelibentur
1068 2823 1117 2921 (⁷).
1131 2831 1176 2904 Et
1188 2832 1306 2925 primo
1319 2840 1509 2925 queratur

340 2950 421 3042 quis
447 2949 527 3021 libri
552 2956 681 3022 autor:
708 2948 880 3041 secundo,
898 2969 982 3041 quae
998 2950 1171 3024 materia:
1199 2952 1318 3044 tertio,
1343 2972 1427 3046 quae
1453 2953 1508 3025 in·

341 3069 471 3144 tentio:
490 3074 635 3161 quarto,
653 3088 737 3161 quae
756 3067 911 3140 utilitas:
930 3068 1069 3160 quinto,
1086 3069 1146 3142 cui
1163 3071 1256 3164 parti
1277 3071 1509 3164 pbilosopbiae

340 3195 586 3283 supponatur:
613 3192 729 3280 sexto,
753 3185 836 3281 quis
861 3185 942 3259 libri
967 3186 1104 3260 titulus.

411 3307 465 3380 Ad
491 3307 651 3401 primum
668 3305 761 3398 dico,
779 3305 878 3398 quod
895 3311 1004 3378 autor
1024 3305 1091 3378 luit
1111 3306 1245 3381 Dantes
1268 3308 1508 3405 Aldigberius⁷

340 3435 447 3521 poeta
471 3425 696 3519 florentinus,
722 3431 760 3500 et
784 3426 908 3499 multis
929 3425 1116 3499 vocabulis
1135 3425 1357 3522 designatur.
1376 3429 1509 3521 Primo,

339 3570 361 3620 a
395 3547 574 3621 vocabulo
606 3546 761 3640 propria
796 3545 1050 3619 nominationis
1063 3535 1113 3637 (Β),
1139 3553 1291 3620 vocatus
1323 3555 1379 3622 est
1412 3550 1509 3622 enim

341 3670 549 3758 [lenisset
578 3665 733 3756 merito;
759 3671 815 3739 est
849 3664 947 3739 enim
974 3685 1109 3739 nomeu
1134 3686 1361 3759 consequens
1391 3662 1508 3757 rei-(⁹).

342 3789 464 3862 Dictus
489 3793 544 3861 est
569 3786 666 3859 enim
697 3785 831 3858 [lantes
862 3785 966 3879 quasi
997 3787 1088 3858 dous
1117 3808 1155 3858 se
1183 3789 1232 3859 od
1264 3791 1382 3878 multo,
1414 3788 1512 3862 dedit

342 3926 503 4000 namque
527 3925 567 3980 se
592 3903 846 3979 universaliter
862 3905 909 3979 ad
926 3905 1060 3997 omnia,
1078 3912 1121 3978 ut
1137 3905 1273 3999 patebit
1289 3906 1325 3978 in
1342 3905 1510 3982 discursu

405 4202 435 4264 (¹)
452 4202 486 4262 S„
499 4203 529 4252 E.
545 4216 560 4253 e
578 4207 631 4262 llll,
647 4203 770 4266 relinquit
787 4202 909 4254 solutum.

404 4276 435 4337 i¹l
450 4278 525 4338 s.,13.
541 4292 557 4328 e
575 4283 629 4330 tlt.
646 4279 790 4329 bmninum.

405 4352 434 4411 (¹)
450 4353 485 4412 S..
495 4354 526 4403 Ε.
537 4368 552 4406 c
563 4359 616 4414 tto,
627 4359 712 4406 morte
727 4354 839 4405 imiliter
853 4356 982 4406 evitarat
996 4359 1024 4406 et
1037 4355 1070 4406 nd
1086 4361 1210 4406 eternam
1226 4357 1304 4406 riom
1320 4356 1440 4407 feliciter.

404 4430 434 4489 (⁸)
448 4428 474 4478 S.
491 4431 536 4493 qul
552 4432 691 4482 inserlsce:
709 4430 854 4482 beelmatio
870 4431 953 4481 litera
969 4431 1080 4496 librique
1097 4432 1195 4483 divisio.

405 4505 433 4565 ι’)
450 4506 479 4555 E.
496 4521 565 4558 nunc
582 4509 766 4559 convenienter
781 4508 813 4558 ad
829 4507 898 4558 libri.

404 4581 432 4641 Ρ)
448 4582 478 4631 Ε.
496 4582 634 4634 clariorem
650 4583 813 4636 evidentium.

405 4655 435 4715 (⁷)
450 4657 481 4707 E.
497 4659 653 4710 andentior·
670 4660 731 4710 boet
745 4661 908 4712 extrinsecus
925 4661 1103 4725 perhibentur.

405 4733 438 4795 (⁸)
454 4733 480 4783 S.
497 4736 622 4797 nationi„
639 4736 669 4785 E.
687 4736 907 4789 denominationis.

405 4809 434 4869 ι’)
451 4809 481 4859 E.
499 4810 586 4862 Primo
605 4813 674 4862 enim
696 4813 853 4864 orocnbulo
869 4815 980 4878 proprie
1000 4813 1214 4868 denominationis
1230 4815 1326 4867 Dentes
1343 4820 1383 4867 eet
1400 4822 1513 4867 vocatus.

343 4891 369 4935 et
385 4887 487 4943 merito.
503 4888 563 4963 quio
579 4901 674 4940 nomen
690 4894 729 4940 est
746 4902 889 4941 commus
904 4890 951 4941 rel.
