4154 6546
776 788 914 842 caurus
939 788 1096 843 uncinus
1120 788 1285 853 oumrus.
1535 777 1613 842 :521

445 955 512 1007 oon
536 954 594 1006 ser
625 938 818 1023 laudato,
844 930 992 1006 dimissa
1023 931 1176 1005 materia
1207 930 1254 1005 de
1278 931 1425 1005 fortuna
1450 950 1545 1022 mea,
1572 929 1619 1005 de

446 1073 520 1147 qua
545 1051 632 1126 satis
656 1050 795 1123 dictum
822 1056 902 1122 erat
931 1070 997 1143 pro
1034 1069 1142 1142 nunc,
1173 1071 1192 1121 e
1220 1041 1388 1122 diomodd
1418 1051 1472 1121 oli
1499 1069 1565 1120 soa
1595 1051 1620 1121 li

444 1174 499 1244 soi
514 1173 703 1263 oompoqni
713 1164 777 1262 pit
794 1172 867 1242 noti
882 1164 975 1261 epid
994 1173 1131 1260 sommi,
1150 1168 1241 1242 idest
1267 1170 1383 1265 magis
1409 1168 1570 1242 infamati
1579 1160 1616 1258 (¹)

332 1295 340 1311 '
446 1297 484 1365 et
508 1290 622 1363 notati
654 1289 722 1362 ista
755 1287 989 1381 turpitudine.
1016 1289 1060 1360 Et
1084 1287 1205 1360 subdit
1232 1288 1503 1382 responsionem
1526 1287 1619 1358 Bru·
1674 1295 1678 1297 ’

446 1409 546 1502 netti,
562 1408 626 1502 qui
639 1406 874 1482 conformans
891 1427 931 1480 se
947 1406 1042 1480 dioto
1060 1406 1199 1479 autoris
1214 1404 1308 1499 dicit,
1324 1407 1422 1500 quod
1435 1404 1481 1479 de
1493 1405 1633 1499 paucis¹

445 1534 501 1602 est
525 1525 731 1600 dicendum.
758 1525 851 1598 Dicit
875 1545 986 1622 ergo:
1004 1532 1037 1597 et
1055 1528 1113 1598 elli
1137 1546 1162 1596 α
1187 1546 1253 1615 nte,
1279 1525 1414 1599 scilicet
1439 1545 1499 1598 ser
1524 1525 1619 1597 Bru·

448 1652 569 1720 nettus
595 1645 655 1719 ille
682 1643 868 1738 respondit
893 1644 993 1738 mihi,
1019 1642 1225 1718 eldeberto
1255 1665 1380 1736 sapere
1396 1647 1429 1717 d’
1445 1647 1620 1734 autumo

447 1768 575 1839 meru
598 1767 642 1837 de
665 1767 716 1854 pli
742 1767 827 1836 altri
847 1766 899 1855 fia
924 1766 1110 1855 laudabile,
1128 1765 1216 1858 quia
1237 1773 1344 1859 turpe
1369 1774 1424 1840 est
1440 1764 1619 1865 infamare

447 1904 674 1979 quemquam
700 1882 746 1957 de
773 1889 847 1956 tam
868 1882 1051 1957 horrendo
1071 1884 1241 1977 erimine;
1261 1890 1298 1958 et
1319 1884 1407 1976 quia
1428 1884 1516 1958 tales
1533 1887 1618 1954 sunt

448 2003 564 2095 multi,
588 2002 668 2077 ideo
694 2001 804 2075 dicit:
832 2003 892 2073 cte
908 2004 935 2073 'l
957 2010 1068 2093 tempo
1085 2006 1186 2075 sorio
1202 2010 1300 2075 corto
1325 2025 1349 2074 a
1375 2010 1470 2075 tanto
1494 2021 1617 2090 sumto,

447 2121 535 2215 quia
559 2121 696 2196 scilieet
722 2127 867 2214 tempus
892 2120 1007 2194 breve
1032 2141 1106 2212 quo
1132 2127 1172 2193 tu
1195 2119 1306 2194 habes
1332 2121 1388 2194 hie
1413 2140 1504 2212 esse,
1524 2125 1620 2193 esset

446 2240 561 2315 breve
586 2240 632 2312 ad
658 2236 867 2312 laciendum
893 2257 1104 2311 sermonem
1122 2237 1168 2311 de
1188 2244 1263 2311 tam
1289 2259 1425 2334 magno
1443 2258 1618 2332 numero;

447 2359 529 2434 ideo
542 2350 579 2451 (²)
606 2357 690 2431 dicit
716 2362 859 2432 tantum
880 2355 926 2430 de
942 2356 1067 2450 paucis
1085 2357 1285 2431 notioribus
1297 2358 1404 2451 juxta
1422 2357 1618 2450 quaesitum

447 2498 569 2554 suum.
588 2517 638 2530 —
657 2481 700 2549 ln
730 2495 876 2548 solome.
907 2475 971 2550 Hie
1002 2477 1199 2550 Brunettus
1233 2477 1351 2571 primo
1387 2477 1423 2549 in
1454 2477 1617 2572 generali

449 2597 606 2692 explicat
631 2596 729 2691 quod
754 2616 873 2691 genus
904 2594 1096 2668 hominum
1127 2595 1173 2669 sit
1206 2594 1380 2669 iniectum
1418 2595 1485 2669 ista
1524 2596 1615 2669 labe.
1703 2607 1706 2612 ·

450 2716 541 2790 Dicit
567 2735 680 2812 ergo:
712 2719 756 2786 ln
785 2735 921 2786 somma
951 2717 1054 2806 sappi
1080 2716 1140 2786 ote
1173 2717 1247 2787 tutti
1276 2718 1338 2807 sor
1369 2716 1493 2804 oleret,
1528 2713 1619 2788 idest

448 2833 581 2926 elerici,
614 2832 783 2929 religiosi,
814 2837 986 2906 etitermi
1008 2836 1184 2923 prandio
1208 2837 1246 2906 di
1268 2853 1359 2924 gran
1383 2837 1496 2926 samo,
1527 2833 1618 2908 idest

450 2952 574 3048 magni
605 2952 673 3026 viri
703 2952 852 3027 studiosi
882 2958 919 3027 et
952 2952 1092 3026 famosi.
1123 2953 1197 3028 Neo
1226 2952 1324 3027 dicas
1357 2953 1455 3046 quod
1488 2953 1619 3029 debeat

450 3070 583 3166 exponi
605 3070 738 3164 elerici,
766 3070 857 3146 idest
880 3070 1024 3163 literati,
1052 3090 1159 3145 more
1181 3070 1323 3167 gallico,
1349 3071 1445 3144 sieut
1458 3071 1618 3163 *quidam

449 3195 649 3285 exponunt,
681 3195 718 3263 et
743 3188 878 3281 dicunt,
905 3189 1002 3281 quod
1029 3188 1148 3261 omnis
1172 3188 1339 3262 literatus
1363 3195 1419 3262 est
1447 3190 1618 3283 clericus3

449 3310 537 3404 quia
564 3316 652 3384 tune
677 3315 771 3383 esset
796 3309 960 3405 nugatio,
977 3314 1015 3382 et
1032 3307 1167 3381 inutilis
1193 3306 1368 3402 repetitio.
1388 3308 1480 3382 Nam
1498 3309 1619 3383 statim

437 3428 697 3521 subsequitur,
723 3450 742 3500 e
767 3429 902 3500 literati
929 3427 1004 3500 Nec
1030 3425 1140 3500 etiam
1166 3424 1275 3519 dicas,
1300 3426 1395 3500 siout
1412 3426 1536 3502 audivi
1553 3426 1620 3501 a'li·

428 3598 430 3601 .
448 3568 541 3641 quos
566 3547 737 3640 dicentes,
758 3544 857 3639 quod
875 3565 1004 3620 omnes
1020 3552 1172 3640 agentes
1188 3552 1316 3620 eontra
1334 3552 1517 3640 naturam,
1535 3554 1620 3621 sunt

447 3667 642 3758 scholares,
672 3665 730 3739 vel
767 3664 980 3760 presbyteri,
1016 3671 1053 3738 et
1087 3663 1235 3739 dieunt:
1280 3667 1359 3738 Vide
1392 3668 1486 3757 qood
1517 3658 1621 3740 Dun-

448 3792 497 3859 tea
520 3787 586 3857 loo
610 3786 703 3874 dicit,
730 3783 817 3877 quia
841 3781 936 3877 dicit,
969 3786 1044 3856 tutti
1071 3788 1133 3877 sor
1162 3785 1275 3856 claci
1305 3787 1474 3858 elladii
1486 3813 1502 3879 ;
1527 3784 1620 3880 dico,

448 3904 548 3998 quod
573 3903 735 3998 loquitur
760 3902 819 3977 hio
843 3902 889 3977 de
914 3903 1097 3998 omnibus,
1124 3904 1187 3997 qui
1220 3910 1326 3978 erant
1354 3903 1401 3978 de
1430 3925 1556 4001 grege,
1584 3905 1620 3979 in

449 4043 524 4117 quo
549 4029 630 4097 erat
655 4022 716 4096 ille
740 4022 958 4116 Brunettus;
986 4023 1094 4101 etde
1119 4023 1252 4098 talibus
1272 4023 1405 4098 liariter
1429 4024 1619 4119 petiverat,

450 4147 487 4215 et
511 4139 558 4214 de
586 4138 719 4213 talibus
743 4141 942 4215 Brunettus
969 4142 1173 4238 respondet,
1191 4143 1255 4238 qui
1272 4142 1340 4217 luit
1358 4164 1514 4240 magnus
1539 4144 1620 4222 lite·

451 4267 555 4335 ratus
580 4265 618 4333 et
642 4258 804 4334 famosus
829 4267 995 4357 tempore
1012 4282 1080 4335 suo
1105 4262 1142 4335 iu
1168 4268 1266 4337 terra
1283 4282 1361 4336 sua.
1385 4263 1486 4340 Unde
1510 4271 1620 4339 autor

449 4379 550 4476 ponit
574 4379 688 4454 alium
707 4377 860 4476 gregem
877 4381 1107 4475 peccantium
1125 4389 1253 4457 contra
1270 4390 1454 4477 naturam,
1473 4383 1519 4458 de
1536 4385 1620 4478 qui-

448 4499 518 4573 bus
542 4497 685 4574 dicetur
715 4498 823 4593 plene
851 4499 889 4572 in
921 4500 1080 4594 eapitulo
1112 4501 1303 4595 sequeuti3
1336 4501 1451 4577 immo
1480 4502 1548 4596 isti,
1573 4503 1620 4578 de

447 4620 582 4714 quibus
607 4619 665 4692 hic
690 4618 835 4711 dicitur,
856 4619 979 4694 minus
1003 4632 1259 4716 peceaverunt.
1278 4621 1370 4696 uicit
1386 4644 1477 4718 ergo
1498 4617 1620 4699 cleriei

508 4869 536 4935 (¹)
553 4871 583 4921 n
600 4869 708 4922 nram
723 4875 750 4921 et
766 4871 855 4936 maglo
1058 4871 1089 4935 (¹)
1104 4873 1134 4923 lt.
1150 4872 1209 4926 ideo
1225 4873 1310 4925 diem
1326 4878 1435 4926 tantum.
