4154 6546
739 769 878 827 mutus
902 769 1070 838 ausurus
1424 760 1492 827 195

321 917 491 1015 quamvis
515 915 716 1009 luxuriosa,
743 923 868 991 umen
893 914 962 990 luit
992 913 1230 1011 magnanima
1258 920 1296 989 et
1325 914 1493 997 valorosa

320 1040 493 1118 multum.
519 1036 591 1114 Sed
616 1043 658 1110 ut
678 1034 816 1112 sciatur
832 1034 938 1131 pleae
955 1053 1042 1129 quae
1058 1034 1170 1111 luerit
1186 1034 1254 1111 ista
1271 1034 1494 1128 Semiramis,

318 1168 358 1239 et
380 1158 464 1255 eriis
488 1156 613 1249 Ninus,
638 1154 700 1230 oui
726 1154 803 1250 ipsa
822 1155 1008 1247 suceessit,
1033 1159 1179 1249 oportet
1195 1154 1366 1249 prescire
1382 1154 1494 1249 qaod,

318 1280 414 1355 sieut
429 1275 553 1353 scribit
569 1274 733 1349 lustinus
749 1273 938 1349 breviator
948 1266 985 1365 (¹)
998 1272 1108 1369 Trogi
1125 1272 1217 1348 libro
1233 1273 1364 1368 primo,
1381 1273 1495 1348 Ninus

320 1395 503 1475 sectandus
533 1413 601 1469 rex
632 1392 867 1486 assiriorum,
899 1391 995 1466 lilius
1024 1390 1099 1468 Beli
1123 1383 1173 1486 (¹),
1206 1391 1348 1488 primus
1379 1393 1494 1467 mavit

323 1516 418 1593 bella
442 1513 578 1609 uuna,
603 1519 642 1589 et
665 1511 810 1588 domuit
833 1513 986 1608 populoe
1011 1512 1047 1586 vi
1077 1529 1270 1587 armorum
1302 1532 1422 1606 usque
1445 1511 1492 1586 ad

322 1635 500 1713 terminos
515 1632 626 1711 libiae
644 1623 681 1724 (ἢ
699 1638 738 1708 et
753 1631 907 1708 deoassit
924 1631 1051 1707 relicto
1069 1631 1142 1708 lilio
1161 1632 1254 1708 Nino
1271 1653 1387 1728 puero
1404 1652 1490 1708 eum

323 1774 443 1833 uxore
465 1751 707 1830 &wenido
730 1757 925 1847 postquam
952 1757 1173 1847 regnaverat
1190 1751 1295 1827 annis
1317 1752 1402 1826 btv.
1429 1752 1495 1827 Se-

322 1872 488 1950 miramis
511 1892 615 1970 ergo,
648 1891 722 1947 non
751 1869 892 1946 audeus
922 1869 1155 1946 oommittore
1187 1869 1492 1966 gubernationem

322 1993 412 2071 tanti
442 1991 546 2089 regni
577 1990 652 2067 tilio
683 1988 831 2065 inhabili
864 1994 1013 2084 propter
1042 1994 1179 2064 etatem
1208 1988 1392 2083 teuelbm,
1425 2009 1494 2065 nec

321 2113 431 2191 dum
456 2113 626 2208 accipere
650 2131 718 2207 per
734 2129 775 2185 se
790 2108 989 2205 imperium
1006 2106 1140 2203 palam,
1157 2109 1243 2203 quia
1260 2116 1315 2184 tot
1330 2116 1368 2186 et
1384 2117 1495 2185 antae

320 2240 448 2330 gentes
471 2232 533 2308 vix
558 2229 751 2306 obedirent
775 2227 857 2303 viro
872 2247 954 2321 suo,
971 2227 1109 2303 nedum
1131 2227 1288 2323 iemiuae,
1309 2227 1494 2304 simulavit

321 2373 361 2431 se
377 2342 417 2446 (⁴)
441 2372 525 2429 msa
549 2350 665 2426 tilium
681 2347 775 2442 Nini,
795 2345 965 2423 atilium
983 2366 1095 2421 suum
1112 2365 1193 2422 esse
1210 2367 1367 2424 uxorem
1389 2349 1492 2442 eius3

319 2471 420 2568 quod
445 2471 598 2548 beibur
616 2461 654 2563 (⁵)
681 2469 804 2545 iaoere
829 2466 946 2562 potuit
971 2473 1051 2542 tum
1077 2466 1164 2562 quia
1193 2473 1314 2544 mater
1336 2475 1376 2544 et
1399 2468 1495 2544 illius

320 2598 427 2669 amnt
451 2590 576 2666 sinaiis
599 2595 752 2665 stature
776 2584 981 2679 mediocris,
1005 2592 1043 2661 et
1059 2586 1172 2661 ambo
1192 2586 1377 2662 habebant
1392 2607 1495 2664 eam-

320 2712 407 2788 dem
432 2728 562 2787 vooem
587 2707 772 2800 subtilem,
797 2711 835 2781 ot
850 2704 1006 2781 dmiem
1024 2703 1237 2799 qualitatem
1255 2705 1495 2785 lineamento-

323 2849 419 2906 rum.
445 2830 531 2907 ldeo
554 2827 750 2925 assumpsit
774 2832 915 2902 vastem
933 2825 1146 2922 longamad
1168 2827 1323 2922 tegenda
1343 2827 1493 2904 braobia

324 2957 361 3025 et
385 2969 507 3043 crura,
532 2954 571 3024 at
595 2947 844 3023 velamentum
870 2944 917 3020 ad
942 2943 1141 3041 tegendum
1168 2952 1278 3042 eaput
1303 2953 1341 3020 et
1366 2967 1413 3023 ne
1437 2947 1493 3022 vi-

323 3069 476 3144 deretur
498 3065 636 3162 aliquid
658 3065 847 3143 oooultaro
875 3083 973 3138 novo
1001 3062 1140 3157 babitu,
1165 3065 1336 3160 pracepit
1360 3076 1404 3143 ut
1427 3086 1494 3160 po·

324 3188 433 3283 putus
453 3184 625 3262 eamdem
650 3183 815 3260 babitum
833 3181 1013 3276 indueret,
1030 3172 1192 3276 quemi)
1206 3202 1351 3259 morem
1368 3189 1494 3280 podea

323 3311 400 3380 tota
424 3303 484 3380 illa
506 3322 598 3401 geue
622 3302 753 3397 smair,
778 3308 816 3376 et
840 3301 891 3375 sie
915 3300 963 3374 ab
988 3299 1065 3396 ipso
1081 3298 1257 3396 principio
1272 3301 1410 3377 eredita
1427 3301 1494 3377 luit

321 3446 428 3522 puer.
453 3421 590 3501 Deinde
615 3442 683 3499 rer
708 3441 844 3518 magua
859 3409 896 3512 (¹)
921 3419 1046 3517 gessit,
1079 3419 1215 3514 quibus
1241 3420 1353 3518 gestis
1377 3423 1495 3497 mani-

322 3543 467 3621 t'estavit
489 3562 532 3620 se
559 3542 706 3638 repub,
735 3546 774 3616 et
807 3560 958 3615 eausam
988 3558 1068 3614 suae
1095 3539 1400 3636 dissimulationis,
1426 3563 1495 3619 nec

320 3666 390 3741 boa
419 3661 590 3739 diminuit
624 3660 823 3757 potentiam
853 3666 892 3736 et
923 3659 1079 3756 gloriam
1109 3660 1201 3756 eius,
1234 3661 1309 3739 ima
1340 3661 1494 3738 reddidit

320 3804 402 3861 eam
426 3782 751 3875 admirabiliorem,
776 3779 864 3874 quia
888 3781 966 3876 ipsa
986 3781 1121 3858 mulier
1138 3803 1213 3857 non
1228 3782 1349 3859 solum
1365 3802 1493 3859 eroes-

320 3912 419 3981 serat
440 3903 532 3981 alim
556 3902 721 3995 eminas,
739 3900 804 3977 sed
824 3901 936 3977 etiam
953 3901 1053 3978 viros
1071 3901 1209 3979 viribus
1227 3910 1266 3978 et
1286 3902 1490 3979 natatibus.

381 4125 411 4188 (¹)
424 4126 451 4179 8.
466 4139 482 4177 a
497 4127 529 4179 B.
545 4126 691 4179 &nautor
708 4125 796 4189 Trou.
960 4124 987 4188 t')
1004 4125 1051 4185 3.,Ι
1062 4125 1088 4176 b
1104 4139 1121 4178 a
1138 4129 1192 4186 lto,
1209 4127 1264 4177 lteli
1281 4128 1367 4192 mart.
1383 4129 1490 4191 marus.

383 4200 410 4265 θ)
425 4206 480 4263 tas,
496 4200 529 4254 sd
544 4201 670 4254 terminos
685 4201 782 4264 aalys,
798 4201 860 4264 qua
875 4207 950 4252 oraru
965 4201 1051 4253 aditae
1068 4203 1146 4255 rudes
1160 4208 1188 4253 et
1203 4217 1255 4254 riou
1271 4204 1371 4268 orpora
1382 4204 1414 4254 ad
1425 4204 1491 4254 resi-

320 4277 450 4331 m.
470 4278 554 4344 {attur
572 4277 818 4341 millemortuus
833 4282 860 4329 et
876 4277 974 4329 viribus
987 4283 1016 4330 et
1031 4279 1132 4331 ruadlb
1147 4293 1241 4333 aarum
1261 4279 1356 4332 autor
1375 4280 1492 4330 amarit

320 4355 353 4405 ad
371 4353 444 4415 sdes,
465 4354 611 4422 morit
631 4353 741 4419 populor
757 4354 837 4404 totins
853 4353 974 4415 Odsntls,
991 4360 1018 4407 et
1034 4356 1129 4408 ultimo
1145 4357 1235 4409 babuit
1251 4356 1348 4408 bellum
1365 4370 1427 4406 eam
1441 4355 1492 4407 Ze·

318 4429 1007 4496 mmmmmqatdieitararlmo
1165 4434 1492 4497 mammetem·

312 4505 990 4572 ,marmaritanorum
1203 4509 1492 4576 ‚quooodsostipsa

317 4582 426 4634 desedi
442 4581 536 4634 relicto
551 4580 606 4635 bilo
622 4580 691 4634 Nino
706 4595 789 4647 onero
804 4586 855 4632 ste.

379 4655 408 4719 (¹)
422 4656 454 4708 B.
469 4668 498 4708 ss
513 4657 596 4721 laram
611 4670 666 4708 aare
683 4657 776 4710 mlum.

380 4732 407 4794 (¹)
424 4737 478 4795 tta.
495 4732 695 4787 [ΜΨ-Β.
711 4734 824 4787 willer
840 4733 926 4787 aene
942 4740 1052 4800 morat

379 4806 408 4872 θ)
423 4807 456 4861 R
470 4821 551 4874 qus·
565 4809 684 4864 babilam
698 4815 726 4862 at
742 4823 853 4863 mem.

380 4882 894 4952 dib-,Rstlaresmagnrsgessit
