4154 6546
872 757 1010 813 usurus
1034 758 1199 814 nunnius.
1556 753 1623 830 133¹

451 905 649 982 cruciandi.
676 907 781 980 Nunc
807 926 949 1000 expone
975 905 1025 979 sio
1050 906 1219 981 literam:
1241 908 1341 998 finito
1365 916 1497 1001 questo,
1523 910 1625 1007 idest,

449 1035 641 1122 postquam
668 1024 824 1122 cognovi
849 1044 896 1099 er
921 1025 1083 1121 Virgilio,
1109 1031 1146 1100 et
1172 1024 1243 1100 vidi
1273 1028 1373 1101 clare
1402 1029 1520 1122 quails
1546 1040 1626 1106 erat

449 1147 507 1223 viu
528 1152 767 1243 peecatorum
793 1151 830 1220 et
854 1145 972 1239 qualis
997 1145 1056 1219 via
1083 1145 1310 1240 vitiosorum,
1336 1148 1456 1221 statim
1483 1152 1520 1223 la
1544 1151 1626 1226 buco

449 1261 663 1363 campoque,
681 1265 771 1341 idest
788 1265 946 1341 obscura
963 1265 1031 1340 istu
1053 1264 1186 1361 riperia
1212 1266 1437 1363 Acherontis,
1463 1264 1572 1346 uentri
1596 1267 1627 1346 si

448 1396 555 1487 sorte,
572 1390 664 1465 idest
680 1386 830 1462 immisit
854 1387 892 1460 iu
917 1406 979 1460 me
1005 1393 1149 1461 tantum
1167 1392 1369 1471 tremorem
1387 1396 1425 1464 et
1440 1389 1625 1484 timorem,

451 1511 551 1607 quod
567 1511 688 1585 adbuc
705 1516 874 1585 remanet
891 1508 1075 1583 radicatus
1091 1509 1128 1582 in
1146 1516 1270 1584 mente
1287 1530 1382 1586 mea.
1401 1511 1504 1587 Unde
1520 1513 1624 1588 dicit:

451 1637 511 1709 cite
522 1636 559 1707 la
572 1638 693 1724 meum,
708 1631 800 1704 idest
812 1629 1005 1723 memoria,
1018 1650 1129 1703 uncor
1142 1634 1191 1703 mi
1202 1631 1320 1721 baono
1332 1634 1370 1706 di
1384 1634 1508 1726 sudor,
1521 1634 1626 1728 quasi

452 1753 560 1847 dicut,
586 1751 684 1846 quod
704 1750 1015 1844 quandocumque
1040 1750 1227 1844 recordor,
1253 1757 1351 1825 totus
1375 1752 1467 1827 sudo
1498 1754 1626 1828 anxie-

454 1865 916 1968 tate(¹)etangustia.1deo
932 1869 1035 1943 dicit:
1054 1872 1098 1943 de
1114 1872 1148 1943 to
1167 1879 1347 1965 spooeuto,
1364 1892 1410 1947 ex
1429 1880 1571 1949 terrore
1588 1884 1625 1950 et

453 1995 597 2087 timore,
615 2011 727 2086 quem
747 1998 835 2065 tunc
851 1989 1011 2083 concepi.
1030 1989 1074 2062 Et
1090 1988 1228 2063 subdit:
1247 1994 1283 2063 la
1300 1999 1397 2065 terro
1417 1996 1624 2086 lumniosa,

452 2114 588 2190 scilicet
613 2110 784 2206 predicte
809 2111 984 2203 flumana,
1009 2129 1094 2202 quae
1118 2115 1174 2183 est
1198 2110 1300 2184 vullis
1325 2112 1562 2188 lacrimarum
1588 2122 1625 2188 et

451 2233 697 2325 miseriarum,
723 2232 823 2304 diedo
845 2236 960 2321 mtto,
985 2229 1120 2304 scilicet
1144 2229 1265 2304 emisit
1295 2230 1462 2325 spiritum
1488 2232 1525 2306 in
1552 2254 1624 2327 me,

449 2357 509 2429 cde
523 2344 662 2445 dolend,
687 2352 778 2427 idest
803 2350 923 2426 emisit
947 2349 1068 2424 subito
1094 2350 1131 2422 in
1156 2349 1308 2424 modum
1329 2351 1481 2449 fulgoris
1496 2345 1533 2447 (¹)
1551 2376 1624 2428 urm

449 2477 523 2549 lum
538 2475 736 2564 ommiqlia,
749 2471 842 2546 idest
857 2470 1059 2566 fulgentem
1077 2470 1279 2546 claritatem
1297 2473 1524 2570 cognitionis,
1540 2496 1624 2569 quae

449 2593 668 2668 illuminarit
704 2591 930 2666 intellectum
972 2610 1113 2684 meum,
1151 2590 1201 2664 itu
1238 2590 1338 2684 quod
1375 2593 1525 2668 omuino
1563 2615 1625 2669 me

448 2713 626 2789 abstraxit
649 2712 698 2786 ab
723 2710 798 2784 istis
823 2710 1079 2804 exterioribus,
1105 2730 1191 2784 nam
1217 2711 1347 2787 clausit
1378 2714 1466 2787 milri
1498 2715 1624 2789 oculos

450 2834 658 2928 corporales
682 2838 721 2906 et
745 2829 891 2926 aperuit
915 2830 1103 2905 mentales.
1130 2830 1215 2905 ldeo
1240 2832 1336 2907 bene
1359 2832 1463 2907 dicit:
1484 2838 1522 2908 lu
1540 2840 1626 2929 quot

451 2955 500 3027 mi
522 2956 618 3027 oiuse
642 2957 783 3027 ciascun
807 2954 1022 3043 uestimento,
1047 2950 1150 3046 idest,
1174 2952 1305 3047 sopivit
1333 2953 1370 3027 iu
1401 2974 1464 3029 me
1494 2976 1623 3032 omnes

450 3092 580 3148 seusus
603 3073 777 3168 eorporis,
793 3077 831 3148 et
848 3071 1006 3147 removit
1028 3092 1089 3146 me
1113 3072 1161 3145 ab
1185 3072 1357 3147 omuibus
1381 3075 1619 3151 sensibilibus.

450 3194 494 3269 ut
519 3192 604 3268 lucit
628 3191 739 3268 linem
764 3193 850 3268 lmic
875 3193 1040 3267 meleriae
1066 3199 1102 3266 et
1127 3191 1284 3288 capitulo
1307 3193 1449 3268 dicens:
1475 3216 1495 3268 e
1518 3199 1623 3271 ceddi

449 3334 547 3389 come
569 3316 592 3388 t·
604 3333 685 3386 uom
709 3315 766 3386 oui
787 3330 901 3385 sermo
919 3314 1047 3404 piplm,
1073 3311 1176 3405 idest,
1201 3312 1312 3387 cecidi
1342 3313 1447 3407 quasi
1472 3335 1622 3390 somno-

447 3436 569 3511 lentus
592 3439 630 3508 et
653 3431 736 3507 dedi
754 3451 817 3507 me
834 3430 960 3525 quieti,
978 3438 1015 3506 et
1031 3431 1170 3506 cessavi
1190 3433 1238 3506 ab
1258 3433 1429 3508 omuibus
1449 3435 1621 3531 operibus

447 3554 701 3632 exterioribus.
720 3553 764 3626 lit
786 3552 949 3646 adverte,
967 3553 1093 3647 lector,
1110 3552 1210 3647 quod
1226 3560 1336 3628 autor
1355 3555 1392 3628 in
1412 3555 1480 3630 isto
1503 3557 1622 3651 primo

446 3675 596 3752 introitu
620 3673 756 3748 lnierui
780 3673 865 3747 lacit
889 3673 1070 3748 subtiliter
1096 3673 1202 3748 istum
1218 3664 1255 3765 (³)
1286 3674 1482 3770 fictionem,
1508 3697 1621 3770 quam

446 3817 532 3893 sepe
555 3795 665 3870 iuciet
680 3793 766 3868 alibi
775 3816 785 3888 ;
803 3792 902 3868 unde
917 3793 1096 3889 similiter,
1113 3794 1261 3887 quaudo
1278 3797 1357 3869 vult
1374 3795 1513 3871 intrare
1528 3797 1622 3870 Pur÷

446 3917 646 4014 guterium,
659 3913 763 4010 lingit
778 3934 819 3989 se
838 3913 1078 4009 obdormisse,
1091 3921 1128 3989 et
1144 3915 1195 3989 sic
1211 3915 1455 3991 dormientem
1472 3924 1618 4012 ruptum

447 4038 557 4114 misse
581 4058 605 4111 u
630 4036 790 4131 quadem
815 4035 962 4129 aquila,
989 4035 1100 4110 etita
1125 4035 1210 4110 alibi
1234 4055 1342 4129 saepe.

511 4304 537 4367 (¹)
552 4303 583 4354 ll.
598 4316 630 4355 ex
646 4304 780 4355 musula.
908 4301 936 4365 (¹)
953 4305 1007 4362 1¹⁶,
1025 4301 1145 4366 fulguru.
1278 4300 1304 4363 Γ)
1320 4300 1350 4351 Ε
1367 4314 1382 4351 ⁰
1398 4300 1424 4352 ⁵·
1440 4300 1523 4352 ”¹⁸¹¹-

903 4575 1166 4583 --.-.-.-—--———
