4154 6546
579 783 625 855 tc
974 795 1178 851 consurun
1202 798 1355 850 mrnnru

576 944 703 1041 gilium
731 962 804 1015 non
828 941 960 1014 dixisse
985 940 1054 1014 hoc
1078 961 1101 1014 a
1126 940 1255 1035 seipso,
1281 939 1346 1015 sed
1370 939 1553 1034 accepisse
1571 963 1594 1016 a
1612 941 1749 1038 Sibylla

577 1064 754 1155 Cumana,
779 1061 885 1156 cujus
905 1059 1077 1137 carmina
1106 1058 1276 1155 Virgilius
1305 1066 1572 1134 commemorat
1600 1060 1660 1133 ihi.
1691 1061 1750 1135 Si-

577 1180 711 1255 militer
736 1179 842 1252 istem
867 1178 1075 1273 opinionem
1106 1184 1215 1253 autor
1244 1185 1369 1254 noster
1401 1178 1516 1274 tangit
1540 1179 1747 1274 Purgatorii

576 1301 735 1397 capitulo
761 1300 867 1373 XXll.
893 1300 938 1373 Et
963 1298 1058 1374 sorte
1080 1298 1167 1393 quia
1187 1298 1357 1394 Virgilius
1373 1297 1440 1370 luit
1457 1317 1614 1394 magnus
1629 1304 1748 1372 astro-

577 1423 694 1518 logus,
720 1427 757 1495 et
782 1420 849 1494 init
875 1408 1006 1513 parum
1031 1424 1117 1493 ante
1141 1418 1339 1493 adventum
1358 1418 1500 1511 Christi,
1517 1418 1635 1512 potuit
1650 1437 1747 1511 prae-

578 1540 707 1617 vidisse
740 1537 965 1613 nativitatem
999 1538 1091 1632 ejus,
1118 1542 1163 1611 et
1194 1537 1400 1612 felicitatem
1435 1536 1530 1610 illius
1561 1536 1746 1631 temporis.

577 1661 644 1735 Alii
669 1667 792 1732 tamen
817 1658 942 1731 dicunt
966 1658 1066 1751 quod
1091 1657 1261 1752 Virgilius
1283 1656 1350 1731 luit
1370 1658 1514 1731 locutus
1538 1655 1748 1750 simpliciter

577 1779 623 1855 de
649 1779 836 1875 Augusto3
862 1775 922 1849 alii
947 1776 993 1849 de
1018 1776 1177 1869 quodam
1199 1775 1281 1849 alio.
1302 1774 1403 1849 Unde
1419 1775 1553 1849 Beatus
1570 1774 1749 1871 llierouy-

577 1918 662 1972 mus
686 1896 723 1968 in
748 1895 927 1990 prooemio
952 1914 1063 1987 supra
1088 1893 1240 1967 Bibliam
1257 1893 1403 1968 videtur
1420 1893 1573 1968 irridere
1589 1893 1746 1988 primam

577 2017 805 2113 opinionem:
833 2014 930 2087 unde
956 2014 1060 2087 litera
1081 2012 1216 2107 Virgilii
1243 2020 1298 2087 est
1323 2012 1543 2106 indifferens,
1568 2019 1606 2086 et
1630 2019 1750 2107 potest

578 2136 672 2210 trahi
690 2143 765 2208 tam
782 2134 828 2207 ad
845 2132 1042 2226 Christum,
1056 2153 1167 2226 quam
1186 2131 1232 2205 ad
1244 2132 1464 2228 Augustum.
1482 2133 1621 2206 Tamen
1637 2131 1748 2206 credo

576 2254 675 2349 quod
705 2252 913 2346 simpliciter
944 2250 1114 2347 Virgilius
1143 2251 1316 2344 loquatur
1345 2251 1392 2324 de
1425 2251 1602 2347 Augusto,
1633 2268 1747 2343 quem

577 2394 673 2468 saepe
698 2378 805 2447 vocat
828 2372 960 2465 Deum,
986 2377 1024 2445 et
1049 2371 1255 2445 invocatio
1280 2392 1390 2444 suum
1416 2372 1579 2446 favorem
1597 2392 1694 2466 sepe
1710 2369 1748 2445 in

578 2492 671 2566 libro
697 2490 954 2565 Bucolicorum
975 2496 1012 2563 et
1028 2489 1305 2585 Georgicorum.
1324 2491 1429 2564 Modo
1445 2490 1492 2565 ad
1509 2490 1747 2586 propositum,

579 2611 725 2703 Dentes,
739 2610 801 2703 qui
819 2608 940 2682 studet
955 2601 991 2701 (¹)
1010 2608 1145 2682 imitari
1157 2608 1359 2704 Virgilium,
1377 2610 1492 2684 voluit
1509 2611 1630 2684 iacere
1647 2611 1748 2685 simi·

580 2731 653 2803 lem
668 2749 815 2822 passum
828 2728 1064 2824 ambiguum3
1079 2728 1176 2801 unde
1187 2728 1268 2803 dico
1281 2730 1380 2822 quod
1392 2729 1493 2824 illud,
1505 2731 1603 2824 quod
1614 2731 1749 2806 Dentes

579 2847 665 2922 dicit
680 2846 728 2921 de
744 2846 872 2940 veltro,
886 2852 1004 2941 potest
1021 2846 1169 2942 intelligi
1185 2846 1232 2921 de
1248 2847 1401 2941 Christo,
1420 2840 1505 2939 (Μ’)
1524 2848 1570 2923 de
1587 2850 1746 2943 quodam

581 2965 742 3061 principe
763 2964 898 3038 luturo.
920 2964 956 3037 Si
976 2964 1220 3060 intelligamus
1239 2966 1285 3040 de
1302 2966 1454 3062 Christo,
1471 2974 1559 3043 tuuc
1584 2968 1750 3044 dicemus

580 3086 679 3179 quod
703 3090 812 3158 autor
838 3084 917 3157 vult
935 3083 1057 3158 dicere
1077 3085 1176 3178 quod
1192 3086 1345 3161 avaritia
1362 3087 1536 3162 continuo
1555 3088 1750 3164 invalescet

580 3205 617 3280 in
641 3203 781 3278 mundo
807 3223 925 3297 usque
949 3202 995 3277 ad
1012 3203 1108 3278 diem
1124 3204 1262 3299 judicii,
1280 3205 1427 3299 quando
1440 3197 1478 3298 (³)
1499 3208 1620 3281 veniet
1645 3208 1750 3283 Chri·

579 3332 668 3419 stus,
695 3324 758 3417 qui
783 3323 969 3399 damnabit
993 3325 1196 3418 avaritiam,
1223 3331 1261 3399 et
1283 3332 1406 3401 cetera
1427 3325 1518 3400 vicia
1532 3316 1583 3419 (⁸).
1609 3328 1653 3402 Et
1679 3329 1748 3404 hoc

580 3445 666 3519 sutis
690 3464 822 3518 sonare
847 3444 1002 3536 videtur,
1021 3444 1106 3536 quia
1132 3464 1262 3516 sumus
1286 3444 1322 3517 in
1349 3445 1476 3517 ultima
1502 3453 1629 3540 etate,
1653 3448 1751 3524 unde

580 3563 741 3637 mundus
766 3568 883 3656 potest
907 3562 975 3635 dici
1000 3581 1125 3654 senex,
1143 3569 1180 3635 et
1202 3563 1240 3635 in
1265 3570 1453 3637 senectute
1469 3564 1643 3640 continuo
1668 3587 1750 3642 cre-

580 3682 646 3758 scit
670 3682 842 3773 avaritia;
863 3688 901 3754 et
923 3680 1126 3754 secundum
1151 3681 1261 3753 istum
1279 3681 1503 3756 intellectum
1522 3704 1749 3778 exponemus

580 3802 631 3876 sic
651 3802 817 3875 literam:
844 3802 953 3890 questi
970 3819 1042 3870 noo
1061 3788 1178 3871 ciberd
1195 3806 1293 3872 terra
1309 3794 1355 3873 ne*
1364 3804 1494 3894 pettro,
1512 3803 1599 3897 quia
1614 3804 1749 3880 scilicet

580 3921 743 3996 Christus
769 3940 842 3992 non
866 3924 975 4012 petet,
993 3938 1062 3992 nec
1082 3919 1269 4013 promittet
1288 3927 1447 4017 terrena,
1466 3924 1523 3996 vel
1543 3925 1748 4021 pecuniam,

580 4040 675 4113 sicut
698 4036 938 4111 Antichristus
963 4037 1080 4132 saciet,
1106 4059 1166 4111 ma
1188 4042 1371 4131 sapienta,
1395 4062 1530 4133 amore,
1560 4065 1579 4115 c
1603 4048 1749 4140 virtute,-

580 4164 617 4245 et
645 4159 716 4230 hoc
753 4157 848 4230 hene
885 4158 1055 4231 convenit
1084 4158 1239 4253 Christo,
1270 4160 1333 4253 qui
1367 4167 1424 4235 est
1453 4182 1543 4236 vera
1573 4165 1749 4258 sapientia

580 4275 691 4372 patris
706 4267 755 4371 (⁸),
780 4295 897 4370 amor,
923 4282 960 4350 et
985 4277 1111 4350 virtus.
1138 4277 1182 4351 Et
1207 4278 1322 4375 tangit
1346 4280 1468 4353 locum
1499 4303 1576 4356 suae
1601 4283 1750 4380 originis

579 4397 723 4472 dicens:
755 4419 774 4469 e
802 4417 868 4470 suo
896 4401 1028 4470 nasim
1054 4389 1144 4470 sord
1176 4407 1234 4472 tra
1265 4404 1381 4473 Feltro
1405 4423 1424 4473 e
1449 4405 1574 4476 Feltro.
1601 4404 1751 4499 Expone

579 4517 689 4610 natio,
716 4516 808 4590 idest
831 4517 1008 4611 apparitio
1033 4518 1174 4611 Christi,
1193 4519 1280 4612 quia
1305 4521 1408 4617 large
1432 4520 1586 4596 dicimus
1614 4545 1751 4598 unum·

643 4740 670 4801 t'l
688 4741 718 4789 R
734 4741 840 4789 studuit
1177 4743 1202 4802 ζ’)
1218 4744 1244 4793 S.
1261 4745 1302 4795 rel
1320 4745 1352 4796 de
1368 4747 1480 4809 quodam
1497 4748 1612 4812 principe
1628 4754 1747 4801 micro.

642 4816 669 4875 (¹)
684 4815 710 4866 S.
728 4815 811 4865 donec
827 4818 919 4867 ventat
1176 4821 1201 4880 (¹)
1219 4825 1273 4881 llo,
1290 4826 1425 4874 eteorum
1441 4825 1517 4877 rlcla.

643 4892 668 4951 (⁸)
686 4896 740 4951 tlt,
757 4892 888 4955 sapientis,
905 4907 980 4944 amor
994 4899 1021 4945 et
1036 4896 1128 4946 rlrlus.
