4154 6546
813 802 951 859 caurus
976 798 1145 858 ocellus.
1315 859 1317 862 ,
1494 793 1562 859 ael

475 954 576 1041 onim
599 954 633 1023 el
653 953 817 1022 lacrumo.
851 951 922 1024 lsta
950 958 1006 1023 eal
1034 946 1141 1020 tertia
1166 963 1251 1039 para
1275 945 1313 1018 in
1343 966 1417 1040 qua
1446 955 1567 1042 autor,

401 1071 593 1146 terminata
605 1068 759 1144 materia
772 1066 965 1161 superbie,
981 1086 1079 1139 nunc
1097 1062 1208 1142 tendit
1225 1083 1353 1138 versus
1371 1076 1566 1145 tractatum

400 1206 505 1264 novae
529 1187 706 1280 materiae,
724 1186 859 1261 scilicet
882 1185 1035 1261 civitatis
1060 1184 1253 1258 infernalis.
1275 1184 1359 1260 ideo
1385 1186 1486 1280 prius
1503 1187 1568 1262 de-

401 1306 524 1383 scribit
548 1308 650 1403 signa
676 1304 868 1380 indicantia
894 1324 916 1378 a
942 1306 1050 1399 louge
1075 1304 1188 1397 ipsam
1210 1304 1405 1397 civitatem,
1425 1309 1462 1378 el
1480 1323 1570 1378 con-

400 1431 545 1502 tinuans
570 1428 665 1501 dicta
690 1425 850 1498 dicendis
875 1424 983 1499 dicit:
1009 1427 1103 1514 qrdoi
1126 1426 1159 1495 el
1181 1427 1383 1515 wssammo,
1408 1425 1500 1501 idest
1515 1423 1571 1499 nl-

402 1548 567 1621 misimus
592 1547 703 1620 istum
729 1543 932 1636 Philippum
960 1543 1008 1615 ita
1032 1541 1291 1617 destraciatum
1316 1545 1354 1616 in
1383 1544 1451 1617 isto
1480 1545 1570 1636 luto,

401 1670 460 1739 cte
481 1661 543 1759 piu
567 1682 640 1736 non
664 1682 708 1734 ne
732 1680 860 1752 namo,
886 1663 972 1754 quia
997 1680 1070 1735 non
1096 1663 1242 1738 intendo
1262 1665 1366 1756 plura
1384 1665 1507 1739 dicere
1525 1664 1571 1739 de

401 1804 459 1880 eo,
483 1785 572 1878 quia
596 1799 664 1877 pro
680 1774 716 1873 (¹)
744 1800 843 1854 nuuc
868 1783 953 1856 satis
978 1782 1115 1857 dictum
1147 1791 1228 1858 erat
1251 1784 1298 1856 de
1322 1783 1477 1859 materia
1507 1805 1572 1857 au·

402 1905 603 2001 perborum
629 1901 665 1973 iu
691 1901 759 1973 isto
783 1918 860 1973 uno
876 1901 1036 1995 superbo
1055 1904 1270 1996 presertim,
1291 1903 1378 1996 quia
1395 1922 1570 1978 occurre-

401 2022 547 2096 batalia
565 2020 717 2096 materia
736 2020 1000 2112 pertractanda,
1019 2021 1154 2095 scilicet
1170 2040 1363 2115 paenarum
1384 2041 1469 2115 quie
1485 2030 1569 2096 sunl

299 2221 306 2231 ‚
402 2141 496 2216 intra
512 2131 547 2230 l')
567 2138 772 2230 civitatem3
790 2138 888 2212 unde
903 2139 1010 2214 dicit:
1029 2160 1088 2211 ma
1104 2160 1153 2211 aa
1168 2144 1286 2231 duob,
1304 2138 1394 2216 idest
1413 2160 1571 2238 magnus

402 2260 516 2352 dolor,
542 2279 596 2330 me
615 2276 780 2349 pernosse
803 2277 847 2329 ne
876 2259 898 2330 t
910 2261 1072 2330 oreccbe.
1107 2259 1173 2332 llic
1200 2260 1306 2334 dolor
1336 2281 1408 2335 uon
1440 2279 1572 2356 proce-

403 2379 511 2453 debat
535 2398 582 2452 ex
608 2374 714 2468 valle,
740 2376 814 2449 imo
839 2377 1076 2469 proveniebat
1099 2397 1121 2450 a
1148 2379 1310 2473 civitate;
1335 2381 1417 2454 ideo
1441 2380 1573 2455 direxit

406 2497 556 2572 oculum
583 2514 710 2572 versus
735 2501 877 2588 purtem
895 2515 917 2568 a
933 2515 1008 2587 qua
1033 2498 1160 2571 venire
1176 2498 1378 2575 videbatur.
1397 2498 1499 2573 Unda
1516 2497 1573 2572 di·

403 2617 475 2692 cit:
497 2618 663 2708 perclt'io
686 2615 816 2686 aberro
841 2614 993 2686 l'oeclio
1017 2618 1144 2688 inlecto
1168 2619 1327 2707 ducenti,
1352 2617 1457 2711 quusi
1477 2617 1572 2693 dicat

405 2736 571 2831 promovi
596 2734 655 2807 vel
679 2734 808 2827 aperui
831 2735 982 2807 oculum
1007 2734 1288 2810 intellectualem
1317 2737 1573 2812 ulteriusanle

405 2874 475 2948 rue,
502 2854 587 2946 quia
612 2846 676 2925 ubi
703 2854 822 2946 primo
848 2850 1017 2929 tenebam
1047 2855 1197 2927 oculum
1221 2857 1343 2929 solum
1359 2846 1397 2947 (³)
1421 2855 1469 2929 ad
1493 2874 1572 2929 οω-

404 2992 506 3065 uum,
531 2973 595 3045 ubi
619 2972 669 3045 ila
695 2975 793 3046 male
818 2973 1043 3048 tractabatur
1067 2975 1248 3066 superbus
1264 2963 1300 3064 (⁴)
1324 2992 1410 3047 cum
1436 2993 1572 3069 magno

402 3095 566 3167 clamore
581 3084 617 3182 (⁵)
646 3093 823 3184 omnium,
850 3092 967 3166 levavi
991 3092 1141 3165 oculum
1160 3093 1222 3165 ubi
1239 3092 1433 3166 audiebam
1455 3092 1573 3165 maio·

403 3232 486 3287 rem
504 3212 705 3285 clamorem
723 3222 761 3287 el
775 3212 940 3285 dolorem
952 3230 976 3285 a
989 3210 1097 3306 longe
1110 3213 1385 3305 provenientem
1402 3231 1424 3284 a
1442 3210 1573 3285 maiori

402 3349 509 3425 poena
525 3322 633 3421 (⁸).-—
643 3336 693 3403 Lo
708 3333 786 3403 don.
805 3328 870 3404 llic
886 3340 996 3405 aumr
1012 3331 1168 3407 ostendit
1192 3332 1377 3424 quomodo
1402 3331 1572 3427 Virgilius

403 3446 579 3545 providus
602 3450 823 3545 praevenerit
847 3467 948 3543 eum,
964 3466 1038 3523 non
1057 3459 1246 3544 expectata
1263 3450 1434 3543 petitione
1458 3449 1573 3545 expli-

400 3589 490 3644 ‹uns
513 3571 594 3664 sibi,
618 3571 719 3644 unde
743 3570 935 3664 proveniat
962 3580 1036 3645 tam
1063 3569 1226 3644 intensus
1248 3569 1365 3662 dolor,
1391 3571 1478 3663 quia
1501 3569 1572 3645 aci-

403 3690 487 3765 lloel
510 3704 534 3762 a
558 3689 704 3765 clvltata
721 3690 769 3762 ad
786 3706 900 3782 quam
918 3686 1134 3782 incipiebant
1153 3688 1457 3782 appropinquare,
1474 3689 1574 3764 uude
1618 3784 1621 3791 Ι

402 3809 512 3885 dicit:
538 3814 589 3881 Lo
614 3809 682 3880 bon
707 3817 871 3899 mommo,
888 3804 1023 3881 scilicet
1043 3803 1225 3902 Virgilius,
1247 3809 1362 3879 disse:
1377 3825 1402 3879 o
1414 3810 1572 3899 ssplitmlo

402 3932 441 4001 le
462 3918 801 4001 dcticbcbonome
825 3932 904 4001 Dite
925 3930 1023 4000 omui
1045 3930 1265 4018 (oppressu.
1292 3927 1345 3999 ld
1372 3927 1573 4021 quoduotu

404 4049 503 4141 quod
529 4048 595 4124 ista
620 4048 746 4124 eiuras
770 4048 921 4142 lingitur
937 4037 976 4138 (⁷)
1001 4066 1083 4120 esse
1108 4046 1234 4121 civitas
1258 4046 1389 4142 regalis
1405 4057 1443 4122 el
1457 4047 1574 4122 deno·

406 4168 567 4243 minatur
589 4168 717 4242 civitas
741 4167 876 4243 llitisu
906 4165 987 4240 Illte
1016 4182 1106 4261 rege
1137 4162 1314 4259 infernali,
1342 4167 1430 4259 quia
1459 4166 1496 4239 in
1526 4185 1573 4241 aa

405 4292 492 4359 sunt
515 4280 714 4363 absconditi
739 4288 863 4383 magni
888 4288 1049 4363 thesauri
1081 4286 1296 4378 interorum,
1325 4284 1417 4360 idest
1446 4286 1572 4382 magni

404 4411 615 4499 peccatores
637 4406 764 4500 clausi,
788 4407 882 4480 sicut
902 4405 1026 4502 magni
1047 4402 1208 4497 berelici,
1228 4406 1374 4499 tiranni,
1391 4412 1568 4500 raptores,

466 4670 564 4734 (blla,
582 4679 718 4737 protunc.
993 4672 1020 4733 (¹)
1037 4672 1145 4723 Rinlra
1161 4671 1228 4723 hauc
1243 4672 1382 4724 unitatem.

467 4747 493 4811 (¹)
509 4748 539 4799 Β.
555 4748 730 4802 solummodo.
996 4750 1023 4811 (⁸)
1039 4749 1070 4799 E.
1085 4749 1211 4812 superbus
1227 4749 1281 4806 ille,

463 4824 493 4886 (b
508 4825 538 4874 ll.
556 4824 671 4878 clamare
684 4826 769 4880 levavi
783 4829 876 4880 oculus
890 4823 935 4879 nul
952 4826 1088 4877 audiebam
1103 4824 1248 4875 clam
1261 4829 1299 4876 et.

466 4898 540 4962 illl·
557 4913 727 4969 mquam
741 4906 798 4956 rna.
1000 4901 1026 4964 r)
1044 4905 1097 4963 uc,
1114 4901 1337 4966 mutumne
