4154 6546
844 775 1048 834 COHENTUM
1072 777 1223 832 menum

446 1153 611 1221 cunnus
627 1150 817 1219 nnomns
833 1150 1055 1232 sisennus,
1071 1151 1108 1218 n
1124 1169 1184 1235 qe
1200 1151 1319 1216 eveo
1337 1150 1474 1217 neom
1483 1203 1566 1220 .....
1575 1155 1614 1239 (·)
1758 1114 1763 1123 ’

519 1266 671 1346 fluminis,
690 1285 786 1347 super
803 1285 862 1348 quo
879 1265 1094 1330 transiverunt
1114 1263 1242 1343 flumen,
1264 1268 1296 1328 et
1317 1268 1486 1346 antequam
1507 1268 1616 1330 truns-

518 1378 634 1442 iverim
660 1377 749 1457 cuod,
773 1378 860 1442 misit
887 1375 1042 1460 Virqtlius
1063 1374 1204 1442 Dantem
1229 1373 1405 1441 monumen
1426 1375 1615 1458 quoiusdam

522 1488 645 1553 molus
666 1489 703 1553 in
723 1493 860 1554 ostreno
880 1487 969 1553 silius
989 1488 1115 1568 septimi
1143 1485 1261 1564 ecee
1284 1487 1339 1569 qut
1365 1486 1498 1569 sesemet
1516 1487 1615 1570 (ωηο-

519 1603 644 1665 ratores
664 1598 722 1664 osb
744 1598 834 1664 titolo
856 1597 1097 1678 florestinorum
1119 1601 1149 1663 et
1164 1597 1399 1680 paduanorum

520 1899 607 2068 Ε
613 2011 683 2063 cco
707 1994 744 2065 lu
760 1993 852 2083 fiere
869 2010 936 2063 eon
952 1994 989 2062 lo
1004 1993 1096 2064 codo
1111 2011 1263 2082 aquzzo.
1283 1992 1480 2084 Postquam
1497 1991 1534 2064 in
1551 2012 1616 2064 su-

446 2114 580 2210 pociori
598 2112 757 2207 capitulo
774 2111 942 2206 proxime
959 2111 1177 2206 precedenti
1194 2117 1304 2185 autor
1320 2119 1444 2186 noster
1460 2113 1617 2186 ostendit

447 2234 544 2308 circa
575 2233 685 2306 linem
717 2231 903 2324 quomodo
934 2230 1091 2325 piscatus
1122 2223 1285 2323 luente)
1313 2243 1518 2309 monstrum
1543 2232 1616 2306 Ge-

448 2353 570 2446 rionis‚
597 2373 663 2446 per
688 2351 787 2445 quod
816 2351 999 2447 liguratur
1023 2351 1153 2427 vitium
1185 2351 1340 2445 fraudis3
1362 2372 1464 2438 ‚nunc
1488 2372 1618 2426 eonse-

449 2481 606 2570 quenter
637 2473 674 2547 in
708 2472 876 2567 praesenti
900 2462 938 2563 (³)
969 2472 1062 2544 XVll
1098 2472 1256 2566 capitulo
1290 2473 1460 2547 descnbit
1496 2473 1616 2567 ipsum

447 2595 664 2685 Gerionem3
691 2599 727 2666 et
752 2599 870 2666 totum
897 2592 992 2665 istud
1017 2593 1217 2686 capitulum
1243 2599 1361 2688 potest
1382 2592 1543 2667 breviter
1560 2592 1617 2665 di-

449 2715 520 2789 vidi
544 2715 582 2787 in
608 2721 682 2787 tres
706 2719 829 2807 partes
848 2713 1049 2807 generales.
1068 2713 1242 2807 inprime
1263 2734 1423 2807 quarum
1441 2713 1613 2790 describit

448 2834 694 2930 multipliciter
719 2833 926 2908 Genionem.
948 2834 988 2907 ln
1005 2833 1164 2914 secunla
1183 2834 1334 2908 nellectit
1350 2841 1391 2909 se
1406 2835 1453 2909 ad
1478 2834 1615 2909 descri-

448 2956 605 3032 bendam
626 2974 772 3049 poenam
799 2954 1076 3047 flamminium,
1094 2954 1292 3048 dequibus
1310 2956 1472 3030 nondum
1494 2957 1615 3031 fuerat

448 3082 709 3173 pertractatum
728 3075 795 3148 nisi
812 3075 849 3148 in
865 3076 1039 3171 generali,
1058 3076 1129 3150 ibi:
1149 3082 1181 3149 E
1198 3079 1340 3169 eundo
1356 3080 1425 3149 noi.
1452 3079 1491 3150 ln
1509 3079 1616 3153 tertia

448 3206 486 3273 et
511 3198 639 3273 ultima
664 3195 820 3270 ostendit
846 3196 1032 3289 quomodo
1058 3197 1302 3272 ascenderunt
1321 3204 1425 3293 terga
1439 3199 1616 3294 Genionis,

448 3317 695 3412 ecquomodo
727 3317 961 3411 transportati
987 3317 1138 3392 suerunt
1161 3306 1197 3408 (⁴)
1229 3337 1295 3411 per
1329 3317 1448 3412 ipsum
1473 3319 1519 3392 ad
1545 3321 1618 3394 cir-

448 3440 573 3514 culum
602 3437 932 3530 fraudulentorum,
958 3437 1030 3510 ibi:
1057 3443 1102 3510 Et
1123 3440 1159 3509 io
1184 3440 1349 3511 emendo.
1379 3440 1433 3513 Au
1456 3440 1616 3535 primum

448 3559 529 3632 dico
547 3557 644 3652 quod
658 3563 767 3630 autor
780 3556 951 3631 descn'bit
963 3556 1158 3631 Gerionem
1173 3562 1353 3649 qnantum
1370 3558 1417 3632 ad
1435 3559 1619 3654 ellectum,

448 3689 487 3756 et
511 3686 692 3774 quantum
718 3678 764 3752 ad
797 3678 967 3752 sormam.
1001 3678 1054 3752 ld
1083 3678 1327 3773 plenissimam
1357 3679 1618 3754 discussionem

449 3800 551 3876 istius
575 3818 713 3894 passus,
736 3798 798 3892 qni
829 3798 914 3871 lacit
944 3797 1042 3872 viam
1073 3798 1120 3872 ad
1144 3797 1387 3894 cognitionem
1414 3799 1619 3873 multomm

448 3920 685 3995 dicendorum
704 3919 865 4011 insenius,
879 3925 1023 4013 oportet
1042 3918 1351 4012 pnaeconsiderano
1367 3919 1483 3993 multa
1494 3911 1543 4011 (⁵).
1558 3920 1622 3993 list

449 4065 540 4139 ergo
553 4043 671 4138 primo
690 4040 890 4115 notandum
909 4041 1007 4133 quod
1024 4048 1145 4134 auton,
1164 4040 1393 4115 manifestato
1412 4041 1516 4115 nobis
1532 4041 1622 4116 vitio

450 4164 641 4256 violentiae,
649 4163 776 4236 volens
788 4161 1010 4236 descendere
1023 4161 1069 4234 ad
1082 4161 1485 4256 vitiumirandulentiae‚
1499 4162 1620 4258 ipsum

450 4286 553 4360 nobis
566 4283 733 4380 proponit
742 4273 779 4374 (⁶)
794 4290 831 4357 et
849 4287 1086 4377 repraesentat
1102 4302 1168 4377 per
1188 4281 1385 4378 imaginem
1399 4288 1436 4355 et
1449 4283 1621 4378 figuram,

449 4407 589 4501 lingens
604 4393 641 4495 (⁷)
660 4404 757 4497 quod
776 4402 944 4497 quaedam
962 4402 1039 4476 seca
1057 4404 1159 4477 varia
1177 4409 1214 4477 et
1236 4402 1409 4476 mirabilis
1425 4403 1546 4477 oblata
1566 4412 1622 4479 est

449 4525 612 4622 aspectui
626 4514 662 4616 (⁸)
686 4514 765 4617 suo,
791 4523 882 4598 idest
907 4522 1143 4616 speculationi
1168 4522 1412 4617 intellectuali,
1426 4543 1511 4617 qnae
1537 4524 1622 4617 qui-

510 4757 538 4817 (·)
554 4755 658 4805 Lacum
673 4754 717 4805 dol
731 4754 833 4805 sodloo.
927 4751 1027 4817 eills,
1044 4752 1103 4804 run
1201 4753 1300 4816 (lito,
1316 4754 1343 4803 in
1359 4753 1408 4804 isto
1424 4754 1553 4817 pruenti.

511 4833 538 4895 (¹)
555 4832 586 4881 E.
602 4836 671 4882 sunt.
930 4830 958 4894 (¹)
974 4831 999 4882 S.
1015 4831 1139 4881 multum.
1203 4830 1230 4891 (⁸)
1247 4831 1277 4881 B.
1294 4830 1428 4895 praemit.

512 4911 539 4975 (Υ)
555 4911 586 4962 E.
603 4911 698 4971 dicens,
716 4910 795 4975 qnod.
934 4908 962 4975 (·)
976 4909 1008 4960 ll.
1024 4921 1039 4959 o
1054 4908 1081 4960 S.
1097 4909 1255 4974 conspectui.
