3990 6540
665 807 804 862 caurus
828 770 995 873 ournrus.
1349 794 1416 860 1823·

251 956 337 1049 quia
364 955 399 1026 in
426 953 570 1026 interno
595 971 742 1045 semper
758 950 919 1025 tenditur
935 948 1122 1041 deorsum,
1140 953 1200 1022 cde
1219 971 1295 1023 men
1315 954 1419 1041 tuopn

249 1077 401 1165 eruptio,
429 1073 529 1163 idest,
556 1072 619 1164 qui
640 1065 675 1161 (“)
703 1070 865 1144 circulus
890 1067 1073 1141 secundus
1098 1068 1209 1164 cingit
1230 1075 1267 1144 et
1285 1069 1418 1143 claudit

250 1195 372 1267 minus
397 1191 476 1265 loci.
507 1191 557 1263 dd
584 1189 684 1283 quod
715 1188 915 1262 notandum
947 1186 1045 1278 quod
1074 1187 1241 1261 lniernus
1271 1188 1419 1283 tingitur

248 1312 296 1386 ab
322 1316 454 1384 autore
480 1329 560 1383 esse
585 1309 687 1383 locus
713 1307 904 1398 rotundus,
926 1306 1115 1379 distinctus
1135 1327 1201 1399 per
1226 1308 1363 1402 gradus
1383 1316 1419 1380 et.

248 1430 416 1521 circutos,
455 1429 518 1519 qui
552 1428 673 1520 incipit
706 1427 754 1500 ab
789 1427 924 1521 amplo,
960 1432 996 1499 et
1029 1427 1203 1500 continuo
1239 1427 1417 1521 gradatim

248 1557 414 1625 arctatur
440 1569 560 1642 usque
584 1549 629 1621 ad
656 1554 839 1639 centrum,
860 1547 953 1621 sicut
972 1549 1168 1640 theatrum,
1187 1549 1264 1621 sive
1280 1548 1419 1620 harena

250 1672 416 1762 Veronae,
435 1670 517 1744 ticet
530 1670 667 1742 harena
685 1669 802 1763 magis
820 1668 952 1741 habeat
966 1666 1124 1762 figuram
1143 1668 1286 1741 ovalcm
1305 1687 1417 1759 quam
1459 1681 1460 1686 ‘

251 1791 445 1885 speratam,
472 1790 529 1864 vet
555 1789 648 1862 sicut
673 1781 800 1890 Corbis
825 1787 1007 1894 Bonouiae.
1028 1788 1072 1858 Et
1092 1787 1211 1859 subdit
1231 1786 1330 1878 quod
1356 1786 1454 1878 iste?

250 1910 422 2002 circulus,
440 1910 523 1982 licet
535 1900 570 1999 (ἶ)
587 1909 632 1980 sit
651 1908 770 1980 minor
787 1907 911 2001 priore
923 1896 972 1999 (³),
991 1912 1114 1980 tamen
1127 1907 1285 1981 continet
1304 1906 1421 1979 maio·

251 2050 331 2105 rem
364 2049 507 2123 penam.
535 2028 637 2102 Unde
667 2028 774 2100 dicit:
802 2048 820 2099 e
846 2034 942 2099 tanto
964 2021 1025 2117 ptri
1050 2029 1167 2115 dolor,
1195 2029 1284 2098 tur-st
1309 2026 1421 2121 cingit

252 2154 351 2223 tanto
376 2149 457 2243 ptus
480 2148 627 2239 doloris,
655 2167 767 2238 quam
795 2146 936 2239 primus
966 2145 1127 2218 circulus
1157 2146 1338 2239 superior,
1362 2148 1422 2218 cte

247 2289 364 2360 minoe
388 2290 412 2341 o
436 2271 556 2358 quoio,
581 2266 682 2356 idest,
709 2264 808 2357 quod
834 2285 927 2358 pena
943 2253 979 2354 (⁴)
999 2265 1101 2337 istius
1117 2266 1267 2340 secundi
1293 2266 1421 2339 circuti

251 2392 306 2461 est
331 2393 432 2461 tanto
457 2386 576 2480 major
600 2384 771 2479 predicta
798 2384 915 2477 prima
936 2375 986 2476 (⁵),
1012 2404 1125 2476 quam
1149 2386 1276 2480 pungit
1303 2386 1422 2459 homi-

252 2525 336 2581 nem
362 2506 542 2596 dotorosc,
567 2509 605 2577 et
629 2502 812 2596 compellit
837 2503 956 2596 ipsum
983 2503 1027 2576 ad
1051 2504 1283 2577 clamandum
1310 2506 1420 2595 heu!;

251 2625 350 2718 quod
381 2645 453 2698 non
483 2622 567 2697 tacit
596 2621 765 2717 superior
798 2642 891 2715 pena
916 2611 965 2712 (ὅ).
998 2622 1051 2695 dd
1089 2624 1188 2715 quod
1219 2623 1419 2696 notandum
1545 2632 1556 2650 ·

252 2745 349 2838 quod
377 2742 546 2835 superior
571 2759 663 2834 pena
690 2740 798 2833 primi
815 2740 942 2814 circuli
961 2761 1033 2814 non
1052 2748 1170 2837 potest
1187 2742 1334 2836 proprie
1350 2742 1418 2815 dici

253 2884 345 2957 pena
362 2852 398 2953 (⁷)
426 2862 513 2955 quia
538 2866 592 2934 est
617 2880 712 2954 pena
736 2861 871 2953 damni,
898 2882 970 2934 non
995 2882 1147 2956 sensus,
1173 2862 1237 2936 sed
1261 2883 1422 2956 praesens

254 3002 346 3077 pena
372 2988 408 3055 ct
433 3000 562 3053 omnm
587 2979 777 3052 interiores
803 2987 955 3072 possunt
978 2980 1048 3054 dici
1073 3001 1163 3055 vere
1193 3001 1308 3074 penae,
1334 2982 1421 3074 quia

254 3101 291 3173 iu
307 3100 480 3174 omnibus
495 3099 687 3189 damnatis,
703 3098 750 3171 de
767 3098 902 3189 quibus
918 3105 973 3170 est
989 3099 1183 3173 dicendum
1200 3090 1236 3190 (⁸)
1255 3106 1310 3173 cst
1327 3120 1421 3193 pena

253 3239 382 3294 sensus
407 3224 443 3292 et
468 3218 602 3291 damni.
629 3216 691 3290 Est
715 3217 825 3290 etiam
851 3217 1051 3291 notandum
1071 3218 1169 3309 quod
1188 3218 1254 3291 ista
1278 3223 1332 3291 est
1353 3218 1423 3289 mi-

254 3360 321 3412 nor
347 3359 439 3432 pena
461 3344 629 3432 respectu
647 3337 886 3427 inferiorum3
906 3357 991 3409 nam
1009 3343 1119 3409 autor
1137 3338 1172 3409 in
1191 3337 1259 3411 isto
1277 3336 1423 3412 Interno

253 3459 371 3552 primo
397 3458 499 3551 punit
529 3456 668 3530 leviora
692 3456 867 3548 crimina,
897 3456 1027 3530 deinde
1060 3457 1234 3550 paulatim
1259 3457 1423 3552 procedit

251 3579 298 3651 ad
323 3577 508 3672 graviora,
534 3576 621 3669 quia
647 3575 852 3650 secundum
879 3575 978 3666 quod
1004 3577 1115 3649 homo
1135 3576 1217 3670 ptus
1242 3577 1352 3651 habet
1376 3577 1422 3653 dc

252 3698 371 3793 culpa,
388 3697 496 3772 debet
513 3698 597 3790 poni
624 3698 741 3792 magis
760 3688 796 3787 (⁹)
825 3697 861 3768 in
887 3701 1025 3770 terram
1043 3689 1109 3789 (¹⁰),
1135 3704 1171 3773 et
1197 3718 1310 3792 prope
1334 3719 1423 3773 ceu·

254 3824 354 3889 trum
381 3823 502 3908 terrae,
529 3815 644 3911 magis
669 3817 777 3910 louge
794 3837 817 3889 a
834 3816 920 3889 Deo.
939 3815 1173 3889 Contrarium
1191 3824 1316 3891 autem
1339 3816 1422 3891 iacit

254 3936 291 4009 in
316 3936 545 4031 Purgatorio.
572 3935 625 4008 nd
651 3935 877 4028 propositum
902 3954 993 4030 ergo
1018 3943 1128 4008 autor
1153 3937 1273 4030 primo
1291 3944 1423 4011 tractat

253 4056 301 4129 de
325 4055 457 4128 minori
474 4062 622 4148 peccato
641 4055 735 4129 inter
751 4055 927 4147 capitalia,
945 4055 1080 4129 scilicet
1096 4056 1143 4130 de
1160 4057 1319 4150 luxuria,
1336 4059 1421 4152 quia

256 4173 350 4246 istud
374 4173 521 4265 vicium,
541 4174 623 4247 ticet
643 4174 688 4246 sit
706 4175 854 4267 majoris
871 4174 1039 4266 iniamiae,
1059 4179 1183 4250 tamen
1199 4183 1254 4250 est
1274 4177 1423 4250 minoris

319 4376 344 4433 (’)
363 4380 416 4432 tto,
433 4376 499 4437 quia.
970 4376 997 4436 ιζ’)
1013 4377 1038 4426 S.
1055 4378 1180 4440 quimus.

316 4451 342 4513 (⁸)
358 4450 384 4499 S.
400 4463 416 4499 ο
434 4454 488 4509 tte,
505 4453 597 4514 primo.
972 4451 998 4512 (¹)
1014 4453 1039 4502 S.
1058 4466 1073 4502 o
1091 4459 1145 4514 tto,
1163 4455 1211 4503 tota
1228 4466 1310 4516 pona.

316 4527 342 4589 (¹)
358 4526 384 4577 8.
400 4539 416 4575 ο
434 4530 486 4585 tto.
504 4529 626 4591 prodicta
643 4543 717 4592 pona
735 4531 828 4592 prima.
845 4529 923 4593 qnod.

183 4659 186 4664 ,
314 4603 386 4663 (⁸113.
403 4616 477 4667 pm
499 4606 577 4667 prtmt
603 4606 704 4656 ctrcutt
726 4606 779 4657 Nec
800 4610 884 4669 poten
905 4606 1010 4668 proprio
1031 4606 1082 4656 dict
1104 4618 1187 4669 puna.
1210 4607 1270 4670 quta
1290 4610 1330 4657 ut
1350 4620 1424 4670 pona

253 4681 351 4731 damni.

315 4756 341 4816 (’)
359 4760 413 4815 tto,
430 4770 513 4819 pona.
529 4763 557 4808 ct
573 4772 663 4809 omnm
679 4760 824 4810 interiores.

315 4832 341 4895 (⁸)
360 4837 413 4889 tto.
430 4833 754 4896 inconsentaneum,
771 4842 810 4887 ent
827 4851 910 4900 pona.

316 4909 342 4971 ί)
359 4910 390 4960 lt
406 4911 488 4975 mutu
502 4911 580 4976 rouge
596 4924 610 4962 ι
628 4913 691 4964 neo.
706 4912 882 4965 eontrarium.
955 4915 995 4977 μ’)
1012 4919 1066 4976 m,
1082 4913 1151 4965 tun·
1167 4918 1274 4966 unm.
