4154 6546
454 797 525 865 390
849 808 1053 866 oouenruu
1078 812 1227 865 manner

453 962 491 1030 et
504 949 541 1049 (¹)
568 954 753 1050 quomodo
779 954 845 1027 luit
865 954 988 1057 laetat
1005 955 1175 1051 Virgilius
1190 964 1316 1031 eutem
1336 956 1529 1050 respondet
1545 976 1622 1033 suae

452 1075 665 1152 dubitationi
692 1074 852 1168 mentali,
870 1081 907 1149 et
931 1075 1026 1170 dicit,
1045 1075 1144 1169 quod
1162 1075 1229 1149 ista
1251 1074 1357 1149 ruina
1375 1076 1469 1153 iacta
1485 1087 1541 1154 est
1556 1098 1622 1173 per

453 1202 706 1270 terraemotum
732 1195 1049 1289 terribilissimum‚
1076 1195 1139 1289 qui
1165 1195 1232 1268 init
1254 1200 1421 1290 tempore
1449 1197 1623 1291 passionis

452 1314 607 1389 Domini.
633 1317 678 1389 Et
701 1315 821 1410 primo
845 1322 956 1390 autor
980 1316 1196 1390 nontinuans
1221 1321 1363 1410 partem
1389 1317 1482 1410 parti
1507 1318 1624 1415 tangit

452 1435 619 1530 dubium,
635 1435 777 1511 dioens:
796 1440 838 1509 Io
853 1429 914 1528 plo
927 1439 1132 1529 pernam
1148 1437 1295 1530 supple:
1316 1455 1387 1532 ego
1404 1436 1476 1511 iam
1494 1457 1623 1533 carpe·

452 1556 538 1630 bam
568 1556 639 1633 iter
663 1556 825 1652 cogitans
850 1556 947 1631 eirea
972 1556 1104 1633 dietam
1132 1556 1301 1631 ruinam:
1327 1578 1347 1629 e
1371 1558 1460 1649 poet,
1488 1558 1624 1635 scilieet

453 1676 634 1773 Virgilian,
652 1680 767 1750 dese:
788 1684 823 1749 to
833 1679 936 1768 perui
948 1681 1046 1770 forse
1063 1698 1087 1749 n
1104 1685 1222 1769 wesin
1238 1680 1358 1769 ruina,
1375 1697 1461 1770 quae
1478 1678 1623 1755 videtur

451 1796 546 1872 sacta
558 1817 625 1892 per
638 1796 848 1872 violentiam
867 1816 938 1870 non
959 1816 1026 1890 per
1043 1803 1227 1890 naturam,
1245 1799 1305 1869 ulte
1320 1793 1357 1870 e‘e
1375 1801 1555 1888 puardoto
1573 1801 1623 1874 do

452 1919 551 2009 quell’
562 1919 622 1988 uo
651 1918 802 2006 detrun,
827 1915 918 1989 idest
942 1936 965 1990 a
995 1915 1210 2010 Minotauro,
1236 1916 1300 2009 qui
1326 1917 1414 1994 iurit
1438 1917 1492 1993 ira
1518 1938 1624 1995 more

451 2036 576 2112 besdae
601 2056 675 2110 uon
700 2034 867 2129 hominis,
893 2036 953 2108 cte
969 2056 1038 2107 orn
1056 2039 1183 2127 spem-i,
1201 2035 1293 2110 idest
1309 2057 1423 2129 quam
1441 2037 1534 2111 iram
1552 2058 1623 2134 ego

452 2177 551 2231 nuno
568 2155 690 2250 expuli
708 2155 841 2248 verbis,
861 2155 1008 2250 quando
1024 2154 1099 2227 diri
1112 2179 1121 2226 :
1134 2158 1260 2247 partiti
1277 2155 1391 2229 besua
1410 2157 1454 2233 Et
1469 2157 1521 2231 sic
1541 2157 1625 2232 vide

453 2275 551 2372 quod
578 2275 748 2372 Virgilius
773 2274 867 2349 inter
884 2274 1104 2370 cogitamine
1120 2273 1261 2348 autoris
1277 2276 1447 2370 cognorit
1466 2275 1622 2351 dubium

454 2395 551 2491 quod
577 2396 735 2471 habebat
760 2397 863 2472 iuxta
892 2394 1002 2468 illud:
1037 2397 1092 2468 At
1116 2401 1246 2485 quanto
1270 2397 1375 2487 aaut,
1400 2404 1461 2470 eto.
1487 2397 1623 2476 Deinde

451 2517 622 2612 Virgilius
646 2517 753 2593 solvit
784 2515 951 2608 dubium,
976 2524 1013 2591 et
1044 2514 1166 2610 incipit
1190 2515 1373 2589 modicum
1389 2508 1427 2607 (²)
1452 2538 1474 2591 a
1500 2518 1620 2615 longe,

452 2638 578 2712 volens
602 2637 794 2711 ostendere
821 2635 966 2709 ruinam
993 2656 1073 2710 esse
1098 2635 1311 2730 antiquam;
1328 2637 1427 2712 unde
1443 2637 1547 2712 dicit:
1570 2643 1622 2712 Or

452 2760 506 2832 oo'
522 2759 582 2830 olto
604 2760 708 2849 sappi
730 2759 790 2829 cae
815 2762 934 2847 quau
958 2758 1090 2847 roccio,
1116 2755 1206 2830 idest
1228 2757 1317 2852 ripa,
1334 2779 1408 2831 non
1422 2779 1486 2831 eru
1507 2778 1621 2832 nnoor

450 2883 606 2967 caseata,
631 2896 697 2971 per
724 2875 882 2968 ruinam,
907 2875 982 2949 imo
1007 2885 1088 2952 erat
1112 2874 1255 2971 integra
1283 2882 1321 2950 et
1353 2883 1466 2972 reete,
1490 2881 1513 2951 l’
1525 2881 1623 2953 altro

447 3000 537 3091 fiala
560 2999 611 3069 ulr’
624 2999 658 3069 io
683 2998 805 3068 duom
828 3010 900 3088 qun
922 2990 983 3085 pin
1007 2998 1065 3068 nel
1087 2995 1190 3068 bosso
1214 2999 1366 3089 deserato,
1387 2997 1491 3090 quasi
1512 2997 1620 3091 dieat,

450 3118 520 3193 alia
534 3117 625 3210 vice,
644 3115 790 3209 quando
802 3106 838 3207 (³)
858 3115 910 3188 lui
926 3115 1140 3189 ooniuratus
1156 3116 1205 3190 ab
1218 3115 1277 3190 illa
1295 3116 1468 3192 Herithoe
1485 3117 1620 3213 eruda3

450 3236 596 3333 quando
622 3236 689 3309 luit
714 3241 854 3310 tractus
878 3235 924 3310 ad
950 3234 1117 3308 intimum
1135 3242 1318 3329 centrum,
1335 3237 1429 3315 sieut
1446 3237 1522 3333 ipse
1539 3238 1621 3313 Vir·

447 3357 555 3454 gilius
579 3356 706 3451 pulcre
731 3355 834 3428 linxit
858 3376 970 3449 supra
995 3355 1153 3449 capitulo
1179 3355 1239 3448 lll,
1266 3354 1328 3428 ubi
1352 3355 1463 3429 dixit:
1495 3362 1560 3430 Ver
1584 3354 1622 3433 de

449 3479 599 3549 olt’altro
612 3478 702 3568 fiuto
718 3495 788 3567 quo
803 3469 863 3566 piri
873 3477 938 3568 sul,
951 3481 1011 3547 eto.
1024 3475 1101 3548 Hoc
1120 3474 1308 3568 premisso
1318 3474 1487 3571 Virgilius
1505 3478 1621 3573 tangit

449 3616 598 3673 causam
624 3603 661 3671 et
686 3601 832 3689 tempus
857 3593 959 3669 istius
981 3594 1116 3688 ruinae3
1133 3602 1171 3669 et
1193 3595 1279 3687 quia
1296 3595 1401 3670 litera
1420 3584 1456 3688 (⁸)
1477 3597 1621 3672 videtur

449 3717 573 3792 multis
610 3715 761 3790 difficilis
799 3721 853 3788 est
887 3713 1047 3788 breviter
1069 3706 1116 3807 (⁵)
1159 3715 1385 3790 enucleanda
1428 3717 1618 3793 sententia.

449 3839 557 3913 Certe
590 3835 759 3930 Virgilius
792 3833 871 3908 vult
902 3833 1025 3907 dicere
1058 3833 1096 3907 in
1129 3833 1274 3928 ellectu,
1296 3835 1394 3929 quod
1420 3837 1486 3912 ista
1513 3838 1621 3913 ruina

448 3957 544 4031 saeta
569 3961 624 4030 est
640 3955 698 4028 hio
716 3953 862 4047 quando
882 3953 998 4028 santus
1015 3953 1082 4027 luit
1103 3954 1317 4029 universalis
1335 3963 1567 4031 terremotus
1583 3958 1620 4031 in

451 4076 623 4151 universa
649 4087 747 4151 terra
773 4081 939 4168 tempore
963 4095 1039 4168 quo
1063 4096 1190 4169 passus
1211 4083 1266 4150 est
1284 4077 1436 4152 Creator
1452 4079 1618 4153 omnium

450 4219 597 4291 rerum3
623 4217 698 4290 quo
730 4203 896 4290 tempore
928 4195 1142 4269 universum
1173 4195 1293 4269 visum
1324 4203 1379 4271 est
1409 4198 1554 4273 dissolvi
1583 4207 1622 4275 et

450 4318 583 4393 resolvi
608 4316 646 4390 in
678 4337 796 4390 unum
828 4316 950 4409 chaos,
982 4315 1032 4390 ita
1065 4315 1164 4410 quod
1196 4316 1272 4391 visa
1301 4326 1356 4394 est
1382 4318 1566 4395 veritieuta
1580 4311 1620 4413 (ἢ

447 4437 568 4532 opinio
597 4435 833 4532 Empedoclis.
868 4435 1102 4530 Empedocles
1132 4456 1293 4532 namque
1323 4438 1558 4534 philosophus
1583 4448 1623 4517 et

509 4627 536 4689 (¹)
554 4632 607 4683 tte,
626 4627 655 4676 ll.
671 4640 686 4677 e
704 4626 728 4677 S.
745 4633 772 4677 ot
788 4627 890 4691 quando
907 4625 957 4676 luit
973 4626 1059 4676 laetat
1184 4626 1210 4691 d)
1226 4628 1251 4678 S.
1268 4629 1381 4680 multum
1397 4644 1412 4680 ι
1429 4631 1515 4695 longe.

509 4704 535 4767 (⁸)
552 4707 605 4763 116,
622 4704 725 4766 quando
741 4703 778 4753 lui
794 4705 944 4753 coniuratus
960 4704 992 4753 ud
1009 4704 1126 4755 intimum
1143 4712 1271 4756 centrum.

508 4780 535 4841 (¹)
551 4779 575 4828 S.
589 4779 666 4828 litera
684 4780 733 4828 luit
750 4780 863 4829 multum
879 4778 993 4830 dllllrilis.
1007 4808 1033 4814 -
1045 4781 1074 4830 E.
1095 4782 1169 4831 litera
1187 4783 1288 4832 ridetur
1304 4783 1427 4834 multum.

508 4856 535 4919 (⁸)
552 4859 605 4914 tto.
624 4857 736 4906 breviter
752 4857 894 4916 sciendum,
912 4856 981 4920 qnod
997 4862 1069 4908 reule
1086 4858 1212 4922 Virgilius
1229 4859 1284 4911 rull
1301 4860 1387 4912 dloooe
1403 4861 1430 4911 iu
1445 4859 1550 4913 emus.

511 4933 538 4993 (¹)
553 4932 579 4983 S.
595 4945 611 4982 e
627 4932 657 4983 Β.
674 4933 801 4985 rerillceri
817 4934 904 4997 oplnlo
920 4933 1085 4997 Empedodls
1099 4934 1253 5000 phllouuplrl.
