4154 6546
447 801 517 873 228
844 810 1045 866 coururuu
1071 811 1221 864 murum

451 955 541 1029 vicia
552 953 771 1027 damnabilia
783 953 872 1045 eius,
885 952 953 1026 luit
964 972 1075 1038 senex
1089 952 1300 1026 luxuriosus
1308 946 1330 1043 (¹
1336 956 1358 1045 ),
1367 952 1464 1049 inglu
1470 953 1607 1047 viosus;

448 1073 660 1149 ebrietatem
678 1078 804 1145 autem
827 1072 1026 1166 incoeperat
1051 1093 1073 1146 a
1098 1072 1300 1165 iuventute,
1319 1071 1415 1146 unde
1439 1092 1524 1146 cum
1543 1094 1608 1146 vo-

446 1198 595 1268 caretur
619 1190 791 1265 Claudius
815 1191 980 1264 Tiberius
1005 1191 1112 1284 Nero,
1137 1191 1288 1265 iuvenes
1313 1191 1400 1265 socii
1425 1191 1608 1267 incastris

446 1334 511 1405 per
536 1313 657 1385 iocum
683 1311 851 1384 dicebant
875 1310 1032 1384 calidius
1056 1309 1221 1384 armeus
1248 1311 1348 1384 uem
1373 1302 1422 1401 (²).
1445 1316 1517 1383 ua.
1544 1312 1606 1383 ure
1726 1400 1728 1405 ,
1771 1289 1773 1293 ’

445 1438 553 1504 autor
580 1448 842 1525 recognoscens
856 1419 893 1519 (³)
913 1430 1023 1502 istum
1040 1429 1205 1523 spiritum
1223 1429 1311 1522 petit
1327 1429 1408 1521 quis
1424 1428 1493 1501 sit:
1512 1428 1607 1502 uude

446 1548 550 1622 dicit:
569 1569 627 1620 mn
643 1550 769 1620 dimme
785 1550 838 1620 ott
853 1554 889 1620 tu
913 1551 974 1637 rie,
1000 1555 1042 1621 ut
1066 1546 1201 1622 scilicet
1218 1568 1477 1643 recognoscam
1503 1554 1540 1622 te
1557 1538 1606 1640 (⁴),

447 1671 506 1741 cte
521 1671 557 1741 'rt
580 1659 610 1739 st
635 1670 767 1740 monte
791 1669 939 1739 locuste
963 1687 1088 1756 mersa,
1114 1666 1204 1740 idest
1229 1687 1313 1758 qum
1338 1666 1373 1738 iu
1399 1665 1607 1739 infirmitate
1728 1763 1735 1778 ⁹

447 1788 543 1860 iaces
573 1805 658 1859 cum
694 1791 793 1859 tauto
826 1785 953 1859 dolore
977 1805 1088 1877 quem
1123 1784 1254 1857 iudicat
1289 1805 1444 1880 magnus
1468 1786 1607 1859 clamor

447 1915 544 1999 tuuS,
570 1913 602 1981 et
624 1908 684 1977 tat
706 1896 736 1976 si
757 1908 848 1996 sotto
867 1925 974 1997 perta,
992 1903 1082 1978 idest
1099 1909 1172 1977 tam
1192 1909 1337 1996 turpem
1356 1910 1392 1976 et
1409 1904 1606 1995 tediosam

446 2028 505 2098 cte
528 2028 638 2113 nuda,
663 2023 797 2099 scilicet
821 2023 890 2096 alia
915 2043 1022 2116 poena
1047 2021 1191 2114 Inferni,
1211 2012 1292 2093 e'esi
1313 2026 1496 2112 cpiocente,
1519 2022 1609 2097 idest

449 2146 599 2219 molesta
628 2148 655 2218 ε’
668 2148 762 2217 oltra
795 2137 830 2216 de
862 2146 1022 2234 nepte,
1053 2141 1143 2215 idest
1175 2140 1340 2232 quamvis
1378 2141 1447 2213 alia
1486 2161 1605 2234 poena,

448 2266 523 2338 imo
547 2265 666 2366 omnis
691 2284 797 2357 poeua
823 2268 994 2336 secutura
1016 2252 1053 2352 (⁵)
1079 2261 1124 2332 sit
1149 2259 1287 2332 maior:
1314 2266 1351 2332 et
1375 2258 1469 2333 bene
1498 2260 1601 2352 dicit,

448 2405 532 2457 nam
558 2384 604 2457 de
617 2373 653 2474 (⁶)
675 2382 726 2456 rei
743 2380 896 2455 veritate
913 2381 1012 2454 nulla
1034 2400 1141 2474 poena
1159 2384 1213 2453 ert
1233 2377 1473 2471 displicentior
1495 2401 1606 2471 quam

448 2512 545 2577 stare
570 2502 606 2573 in
634 2503 740 2592 lecto,
765 2507 802 2573 et
826 2518 1030 2572 exonerare
1054 2518 1147 2571 onus
1172 2496 1306 2570 ventris
1323 2504 1360 2571 et
1385 2498 1513 2572 vesicae
1538 2499 1606 2571 sub

448 2641 487 2693 se
505 2610 540 2710 (⁷)
570 2621 625 2692 vel
652 2637 825 2693 evomere
850 2617 972 2689 cibum
999 2622 1187 2709 receptum
1205 2635 1251 2688 ex
1268 2617 1467 2708 stomacho,
1494 2624 1530 2689 et
1548 2637 1607 2690 re-

448 2739 569 2830 cipere
593 2737 805 2828 elisterium,
830 2743 866 2809 et
891 2736 939 2807 ita
969 2735 1014 2808 de
1046 2735 1168 2807 multis
1200 2735 1468 2808 necessitatibus
1498 2737 1607 2831 regri·

451 2855 633 2946 tudinum;
660 2861 697 2928 et
720 2854 840 2927 subdit
867 2853 1134 2946 responsionem
1162 2852 1294 2945 Ciacbi,
1316 2854 1379 2945 qui
1405 2854 1607 2928 manifestat

449 2996 488 3050 se
513 2996 536 3047 a
561 2975 687 3068 patria,
712 2996 734 3047 a
760 2972 918 3066 nomine,
943 2993 966 3046 a
991 2972 1083 3045 vicio
1108 2993 1183 3064 quo
1213 2979 1267 3046 est
1292 2972 1495 3046 damnatus.
1519 2973 1609 3047 Dicit

448 3115 559 3189 ergo:
593 3101 625 3166 et
653 3095 721 3164 ella
755 3113 779 3163 a
812 3112 877 3181 me,
910 3091 1000 3165 idest
1034 3091 1094 3164 illa
1125 3091 1247 3165 anima
1278 3090 1397 3165 Ciacbi
1429 3090 1609 3184 respoudit

449 3214 548 3305 mibi,
575 3215 611 3286 ta
635 3220 694 3284 eta
718 3201 810 3301 cittd,
836 3211 925 3284 idest
950 3210 1130 3284 Florentia
1155 3231 1238 3303 quae
1270 3230 1342 3282 non
1375 3218 1429 3283 est
1454 3211 1609 3304 amplius

444 3310 533 3406 'mea
557 3335 616 3404 obe
640 3326 676 3404 de
695 3334 804 3422 pt'cno
826 3333 861 3403 d
873 3334 1005 3405 inutilia
1027 3322 1058 3402 si
1082 3333 1141 3403 cte
1163 3321 1224 3420 yid
1253 3331 1417 3403 trabucca
1439 3334 1472 3402 ct
1495 3352 1609 3418 sacco,

450 3453 529 3524 vult
552 3451 673 3525 dicere
698 3450 796 3542 quod
820 3450 952 3523 invidia
985 3450 1020 3521 in
1051 3456 1190 3522 tantum
1226 3440 1438 3541 excrevitl⁸l
1466 3451 1503 3522 in
1527 3452 1610 3524 Flo-

453 3570 567 3655 ,remia
593 3570 690 3663 quod
716 3570 788 3643 iam
813 3569 1013 3661 disponitur
1030 3569 1075 3641 ad
1093 3567 1318 3661 precipitium
1337 3575 1374 3641 et
1392 3570 1554 3663 ruinam,
1573 3581 1609 3646 et

450 3696 504 3779 est
529 3689 748 3763 couveniens
775 3688 1022 3781 methaphora,
1048 3686 1134 3779 quia
1151 3706 1278 3760 saccus
1295 3687 1401 3759 ulmis
1418 3688 1545 3780 plenus
1561 3690 1607 3761 ad

449 3829 605 3902 parvum
632 3814 773 3881 motum
800 3805 950 3880 faciliter
975 3805 1080 3898 cadit,
1104 3811 1227 3898 crepat
1256 3811 1293 3879 et
1317 3805 1532 3900 effunditur,
1559 3808 1607 3880 ita

451 3927 632 4002 Florentia
657 3945 741 4020 quae
766 3931 852 3999 tunc
868 3931 948 3998 erat
965 3922 1171 4018 plenissima
1185 3915 1222 4016 (⁹)
1240 3925 1409 4019 gentibus
1425 3933 1462 3999 et
1478 3926 1607 3999 divitiis

452 4048 498 4121 ad
514 4067 669 4139 parvum
686 4051 829 4118 motum
842 4044 984 4118 civilem
999 4044 1070 4117 cito
1080 4035 1132 4135 (¹⁰)
1152 4044 1279 4119 cecidit
1294 4053 1332 4118 et
1352 4046 1504 4139 crepuit,
1521 4046 1608 4138 quia

450 4166 562 4240 divisa
588 4172 642 4240 est
668 4172 704 4238 et
728 4166 887 4238 lacerata
912 4163 948 4235 in
973 4170 1105 4257 partes,
1132 4171 1173 4236 ut
1198 4165 1316 4238 statim
1348 4165 1506 4239 dicetur:
1532 4186 1610 4238 seeo

510 4449 537 4507 (¹)
555 4453 608 4506 llo,
626 4447 785 4508 luxuriosum
801 4447 953 4497 ebrietatem
970 4452 1065 4497 autem

511 4523 537 4582 (⁸)
555 4529 609 4582 llo,
629 4524 710 4582 llero,
730 4525 790 4586 quir
809 4523 907 4573 seilicet
928 4523 1038 4573 bibendo
1058 4522 1198 4572 calescebat
1216 4536 1297 4574 ruere.
1321 4524 1374 4574 lla
1392 4522 1442 4572 llic
1457 4529 1533 4572 autor
1553 4536 1605 4571 non

450 4610 642 4660 recognoscens

511 4673 536 4734 (¹)
553 4675 578 4724 S.
595 4681 670 4725 autor
687 4688 739 4726 uon
755 4688 942 4739 recognoscens
959 4677 1033 4726 lotam
1049 4676 1168 4725 umbram
1185 4677 1225 4725 rel
1242 4677 1319 4726 istum
1334 4676 1461 4739 rplrilum.

513 4749 539 4809 (·)
556 4750 582 4799 S.
597 4763 612 4798 e
631 4755 684 4807 llo.
701 4763 854 4814 cognoscam
871 4759 905 4802 te.
1131 4751 1159 4814 (¹)
1176 4753 1201 4802 s.
1219 4752 1315 4802 lutura.

512 4823 541 4885 (·)
556 4825 581 4874 s.
597 4827 657 4887 quir
673 4838 764 4875 revera
779 4827 860 4877 nulla
1131 4828 1159 4890 (’)
1175 4828 1205 4877 Ε.
1221 4828 1269 4878 sub
1285 4840 1319 4886 se,
1336 4833 1363 4875 et
1379 4828 1498 4876 emittere
1513 4824 1609 4877 elbum

513 4898 540 4961 θ)
556 4899 582 4953 S.
597 4905 756 4955 maerent
868 4901 895 4965 (’)
909 4901 936 4954 S.
952 4901 1037 4965 plena.
1124 4903 1160 4965 ιζ’)
1176 4903 1207 4953 E.
1224 4905 1275 4954 cllo
1292 4903 1396 4957 raderet
1411 4908 1438 4954 et
1454 4905 1578 4964 creperet-
