4154 6546
448 775 520 845 538
844 786 1048 843 connnrun
1073 787 1226 839 rnrnnnr

446 932 632 1007 civitatem
659 940 696 1007 et
722 941 860 1008 terram
887 932 1040 1026 imperii.
1067 932 1223 1005 Etcum
1249 932 1308 1007 die
1334 932 1496 1026 quadam
1525 932 1624 1007 cele-

447 1052 621 1126 braretur
645 1052 810 1126 solemne
835 1052 969 1126 testum
987 1051 1024 1124 in
1042 1051 1236 1144 Florentia,
1250 1052 1345 1126 sicut
1369 1052 1463 1126 sorte
1488 1052 1623 1127 testum

447 1172 627 1266 Baptistae,
652 1192 728 1265 quo
754 1173 895 1245 nullum
928 1170 968 1243 lit
1000 1171 1193 1264 celebrius,
1225 1171 1274 1244 ibi
1307 1172 1508 1267 imperator
1537 1192 1624 1246 cum

447 1291 665 1387 quibusdum
694 1291 875 1365 nobilibus
899 1291 945 1365 de
971 1292 1085 1367 Terra
1111 1291 1175 1364 ivit
1202 1292 1249 1366 ad
1279 1292 1424 1367 testum.
1459 1293 1503 1366 Et
1532 1292 1623 1365 dum

447 1417 561 1487 steret
587 1412 622 1485 in
649 1411 708 1486 via
733 1410 878 1505 publica
903 1411 950 1485 nd
976 1410 1173 1485 videndum
1191 1412 1342 1505 puellas,
1361 1433 1446 1506 quae
1467 1417 1554 1485 sunt
1575 1411 1628 1486 ibi

448 1532 682 1628 pulcerrimae
707 1537 744 1605 et
770 1519 949 1626 plurimae,
976 1550 1063 1605 ecoe
1092 1530 1188 1605 inter
1219 1531 1308 1605 alias
1339 1531 1516 1606 transibat
1549 1552 1625 1606 unu

448 1653 552 1749 virgo
578 1651 859 1747 elegantissimus,
887 1651 1034 1744 lormae3
1066 1651 1173 1725 ouius
1203 1652 1297 1726 miro
1328 1651 1463 1727 decore
1496 1657 1624 1745 stupe·

448 1773 564 1847 luctus
581 1772 805 1865 imperator,
831 1777 1050 1845 convertens
1075 1790 1115 1844 se
1140 1771 1186 1845 ad
1213 1793 1331 1845 unum
1358 1772 1510 1846 militem
1537 1792 1625 1866 pro·

446 1890 538 1964 bum
564 1889 757 1982 antiquum
784 1894 954 1982 spectate
982 1888 1136 1982 virtutis,
1159 1874 1265 1963 cuius
1291 1910 1427 1965 nomen
1453 1897 1534 1964 erat
1556 1890 1625 1965 do·

449 2011 570 2083 minus
596 2009 803 2099 Bilineonus
817 2001 868 2101 (¹),
885 2008 932 2082 de
957 2009 1177 2104 Rarignanis
1201 2010 1248 2084 de
1273 2010 1474 2103 Florencie,
1495 2009 1625 2104 petivit

447 2131 496 2205 ab
511 2150 558 2204 eo
576 2149 747 2223 quaenam
769 2140 865 2204 esset
882 2129 940 2202 illa
968 2134 1043 2203 tum
1066 2129 1195 2203 nobilis
1212 2129 1340 2204 indolis
1365 2138 1402 2205 et
1428 2151 1533 2226 regne
1555 2151 1625 2225 ap·

448 2251 632 2346 parentiae.
660 2248 856 2343 Respondit
881 2249 1107 2340 Bilinoonus:
1135 2249 1267 2344 inelyte
1292 2249 1452 2343 domine,
1470 2251 1550 2323 haeo
1568 2255 1624 2322 est

449 2370 521 2445 lilia
548 2371 668 2462 unius,
694 2369 757 2462 qui
783 2369 813 2441 si
840 2370 958 2462 vellet,
986 2374 1106 2462 posset
1130 2367 1177 2442 de
1202 2368 1373 2463 praesenti
1404 2368 1526 2444 lacere
1559 2388 1624 2443 vos

448 2490 652 2566 exosculari
670 2479 706 2579 (¹)
738 2509 833 2564 eam.
860 2489 986 2562 Puella
1012 2496 1151 2580 autem,
1186 2508 1271 2582 quae
1301 2488 1492 2562 inoedebat
1521 2487 1626 2561 euri·

448 2611 518 2684 bus
542 2608 708 2702 arreptis,
734 2608 858 2681 audita
885 2607 1119 2701 responsione
1140 2608 1263 2701 patris,
1286 2608 1395 2682 vertit
1412 2627 1451 2681 se
1468 2607 1515 2680 ad
1530 2626 1622 2680 eum

447 2734 574 2824 aperte
599 2734 637 2802 et
662 2727 880 2821 verecunde,
899 2734 937 2801 et
961 2727 1068 2800 dixit:
1086 2727 1123 2800 in
1150 2727 1315 2820 veritate,
1333 2733 1437 2821 peter
1456 2726 1520 2821 mi,
1536 2746 1623 2821 par·

448 2856 508 2923 cat
546 2847 633 2920 mibi
661 2848 866 2922 reverentia
898 2854 1033 2941 vestre,
1065 2868 1270 2941 numquam
1303 2847 1499 2941 quisquam
1532 2867 1625 2921 exo·

448 2968 650 3043 sculabitur
666 2958 702 3059 (³)
731 2988 802 3059 me,
830 2967 896 3040 nisi
922 2954 1119 3063 legitimus‘
1131 2989 1285 3062 sponsus
1318 2988 1434 3043 meus.
1462 2969 1625 3062 lmpern·

450 3095 519 3182 tor,
545 3089 669 3163 audito
697 3096 771 3163 tam
790 3089 899 3161 nobili
918 3108 1103 3183 responso,
1122 3097 1159 3162 et
1176 3089 1322 3184 cognito
1339 3090 1440 3183 quod
1458 3089 1525 3164 ista
1543 3096 1625 3164 erut

449 3208 521 3283 lilia
546 3209 683 3283 domini
713 3209 885 3300 Bilineoni
899 3197 937 3300 (⁴)
964 3209 1078 3282 voluit
1108 3210 1206 3303 quod
1233 3210 1300 3283 istu
1325 3217 1447 3305 posset
1471 3212 1625 3285 honeste
1715 3263 1719 3270 -

448 3328 620 3421 osculari,
637 3333 675 3403 et
694 3328 877 3401 mandavit
895 3329 999 3422 patri,
1019 3339 1060 3405 ut
1077 3336 1227 3404 voearet
1244 3329 1481 3404 Domlcellum
1502 3330 1549 3404 nd
1570 3351 1621 3405 se.

447 3449 585 3523 Deinde
610 3448 754 3522 vocavit
779 3448 825 3521 ad
851 3467 891 3522 se
916 3448 1116 3541 quemdam
1143 3454 1337 3523 strenuum
1366 3449 1532 3544 militem,
1558 3450 1622 3545 qui

449 3574 602 3644 vocatus
627 3574 682 3642 est
698 3558 734 3658 (ὅ)
756 3586 882 3640 comer
907 3565 1025 3642 Guido
1051 3574 1169 3664 vetus,
1187 3568 1250 3662 qni
1276 3569 1410 3642 eratin
1431 3570 1512 3643 eius
1533 3590 1624 3644 con-

447 3688 578 3780 sorti03
604 3693 642 3761 et
667 3686 799 3759 tradito
824 3686 890 3760 sibi
916 3686 1054 3761 annulo
1080 3708 1149 3761 suo
1175 3687 1258 3763 lecit
1289 3708 1373 3762 eam
1399 3689 1623 3784 desponsari,

447 3815 485 3883 et
508 3806 606 3881 dedit
631 3807 698 3879 sibi
723 3806 759 3878 in
784 3806 907 3881 dotem
931 3814 968 3880 et
993 3807 1142 3881 nomine
1159 3806 1252 3881 dotis
1270 3807 1373 3881 illum
1400 3808 1624 3910 comitatum

446 3928 641 4021 Casentini,
671 3927 734 4020 qui
765 3934 891 4021 postea
920 3927 983 4001 diu
1017 3927 1084 4000 luit
1115 3928 1293 4002 comitum
1327 3928 1550 4002 Guidonnm.
1579 3929 1625 4002 et

448 4069 496 4124 ex
526 4049 594 4120 isto
624 4046 759 4121 eomite
791 4046 959 4120 Gnidone
985 4054 1122 4141 vetere,
1148 4054 1186 4123 et
1214 4068 1260 4123 er
1293 4048 1361 4122 iste
1385 4048 1533 4122 domina
1558 4047 1624 4123 de·

448 4169 670 4246 scenderunt
700 4188 829 4241 omnes
860 4167 1012 4242 comites
1041 4168 1237 4262 Guidones,
1263 4169 1327 4263 qui
1362 4176 1489 4265 postea
1520 4169 1625 4244 divisi

448 4298 533 4366 sunt
559 4290 595 4363 in
623 4290 739 4364 multu
766 4289 945 4382 membra,
963 4296 1000 4363 et
1024 4288 1173 4363 luerunt
1190 4289 1327 4364 familia
1344 4290 1484 4365 famosa
1502 4297 1540 4365 et
1557 4312 1626 4387 po-

448 4419 529 4488 tens
554 4412 678 4505 nimis3
697 4411 760 4505 qui
788 4416 988 4484 tenuerunt
1011 4410 1125 4484 multu
1151 4417 1188 4484 et
1213 4432 1345 4508 magna
1368 4412 1513 4487 castella
1532 4413 1623 4487 citra
1724 4481 1729 4488 .

448 4539 486 4608 et
511 4533 608 4606 ultra
633 4532 752 4626 Alpes,
779 4551 853 4604 non
878 4529 997 4603 solum
1024 4529 1061 4601 in
1086 4529 1227 4623 luscio,
1254 4531 1317 4605 sed
1349 4531 1459 4606 etiam
1488 4532 1523 4605 in
1549 4534 1621 4607 Ro·

511 4744 538 4804 (¹)
557 4746 585 4795 E.
604 4747 668 4806 (bac
684 4753 742 4797 erat
757 4748 813 4797 eins
830 4746 884 4796 utta
900 4745 977 4795 unior
992 4744 1025 4795 de
1042 4744 1205 4808 Rnrlgnmb)
1223 4747 1313 4809 petivit
1329 4746 1361 4796 nb
1377 4761 1418 4797 eo.

508 4820 538 4881 (¹)
555 4821 585 4871 R
601 4823 724 4874 osculari.
1101 4820 1127 4882 ι’)
1144 4822 1169 4872 S.
1188 4823 1355 4874 osculabitur.

512 4896 539 4959 (⁸)
556 4897 587 4947 E.
603 4897 748 4948 llllincionl.
1098 4897 1126 4960 (Ἴ
1143 4897 1173 4948 R.
1187 4903 1229 4948 eol
1244 4900 1366 4951 dominus
1381 4900 1473 4951 (luido.
