<?xml version="1.0" encoding="UTF-8"?>
<!DOCTYPE html PUBLIC "-//W3C//DTD XHTML 1.0 Transitional//EN"
    "http://www.w3.org/TR/xhtml1/DTD/xhtml1-transitional.dtd">
<html xmlns="http://www.w3.org/1999/xhtml" xml:lang="en" lang="en">
 <head>
  <title>
</title>
<meta http-equiv="Content-Type" content="text/html;charset=utf-8" />
  <meta name='ocr-system' content='tesseract 3.04.00' />
  <meta name='ocr-capabilities' content='ocr_page ocr_carea ocr_par ocr_line ocrx_word'/>
</head>
<body>
  <div class='ocr_page' id='page_1' title='image "./comentumsuperda00benvgoog_0069.png"; bbox 0 0 4154 6546; ppageno 0'>
   <div class='ocr_carea' id='block_1_1' title="bbox 576 792 1282 860">
    <p class='ocr_par' dir='ltr' id='par_1_1' title="bbox 576 792 1282 860">
     <span class='ocr_line' id='line_1_1' title="bbox 576 792 1282 860; baseline 0 -2"><span class='ocrx_word' id='word_1_1' title='bbox 576 792 618 858; x_wconf 77' lang='lat' dir='ltr'><strong>lli</strong></span> <span class='ocrx_word' id='word_1_2' title='bbox 1031 806 1282 860; x_wconf 81' lang='lat' dir='ltr'><strong>rnrnonccrro.</strong></span> 
     </span>
    </p>
   </div>
   <div class='ocr_carea' id='block_1_2' title="bbox 570 948 1745 1286">
    <p class='ocr_par' dir='ltr' id='par_1_2' title="bbox 570 948 1745 1286">
     <span class='ocr_line' id='line_1_2' title="bbox 570 948 1741 1049; baseline 0.003 -28"><span class='ocrx_word' id='word_1_3' title='bbox 570 950 742 1021; x_wconf 80' lang='lat' dir='ltr'><strong>humanae</strong></span> <span class='ocrx_word' id='word_1_4' title='bbox 760 952 835 1022; x_wconf 88' lang='lat' dir='ltr'><strong>tam</strong></span> <span class='ocrx_word' id='word_1_5' title='bbox 849 949 988 1043; x_wconf 86' lang='lat' dir='ltr'><strong>junctae</strong></span> <span class='ocrx_word' id='word_1_6' title='bbox 1004 948 1160 1042; x_wconf 86' lang='lat' dir='ltr'><strong>corpori,</strong></span> <span class='ocrx_word' id='word_1_7' title='bbox 1171 970 1480 1046; x_wconf 86' lang='lat' dir='ltr'><strong>quamaeorpore</strong></span> <span class='ocrx_word' id='word_1_8' title='bbox 1499 962 1676 1049; x_wconf 75' lang='lat' dir='ltr'><strong>separata</strong></span> <span class='ocrx_word' id='word_1_9' title='bbox 1689 950 1741 1045; x_wconf 74' lang='lat' dir='ltr'><strong>l¹):</strong></span> 
     </span>
     <span class='ocr_line' id='line_1_3' title="bbox 570 1066 1745 1163; baseline 0.004 -23"><span class='ocrx_word' id='word_1_10' title='bbox 570 1069 633 1160; x_wconf 89' lang='lat' dir='ltr'><strong>qui</strong></span> <span class='ocrx_word' id='word_1_11' title='bbox 659 1074 774 1140; x_wconf 88' lang='lat' dir='ltr'><strong>status</strong></span> <span class='ocrx_word' id='word_1_12' title='bbox 801 1066 1054 1142; x_wconf 87' lang='lat' dir='ltr'><strong>universaliter</strong></span> <span class='ocrx_word' id='word_1_13' title='bbox 1070 1075 1126 1142; x_wconf 91' lang='grc' dir='ltr'><strong>θεῖ</strong></span> <span class='ocrx_word' id='word_1_14' title='bbox 1148 1068 1291 1163; x_wconf 82' lang='lat' dir='ltr'><strong>triplex,</strong></span> <span class='ocrx_word' id='word_1_15' title='bbox 1309 1071 1402 1144; x_wconf 93' lang='lat' dir='ltr'><strong>sicut</strong></span> <span class='ocrx_word' id='word_1_16' title='bbox 1426 1079 1535 1146; x_wconf 87' lang='lat' dir='ltr'><strong>autor</strong></span> <span class='ocrx_word' id='word_1_17' title='bbox 1562 1080 1636 1147; x_wconf 87' lang='lat' dir='ltr'><strong>tres</strong></span> <span class='ocrx_word' id='word_1_18' title='bbox 1660 1075 1745 1147; x_wconf 89' lang='lat' dir='ltr'><strong>lacit</strong></span> 
     </span>
     <span class='ocr_line' id='line_1_4' title="bbox 571 1186 1741 1286; baseline 0.003 -25"><span class='ocrx_word' id='word_1_19' title='bbox 571 1194 692 1282; x_wconf 90' lang='lat' dir='ltr'><strong>partes</strong></span> <span class='ocrx_word' id='word_1_20' title='bbox 717 1187 763 1260; x_wconf 91' lang='lat' dir='ltr'><strong>de</strong></span> <span class='ocrx_word' id='word_1_21' title='bbox 789 1193 865 1260; x_wconf 87' lang='lat' dir='ltr'><strong>toto</strong></span> <span class='ocrx_word' id='word_1_22' title='bbox 889 1207 1011 1282; x_wconf 87' lang='lat' dir='ltr'><strong>opere.</strong></span> <span class='ocrx_word' id='word_1_23' title='bbox 1045 1186 1219 1274; x_wconf 81' lang='lat' dir='ltr'><strong>Quaedam</strong></span> <span class='ocrx_word' id='word_1_24' title='bbox 1238 1189 1335 1263; x_wconf 90' lang='lat' dir='ltr'><strong>enirn</strong></span> <span class='ocrx_word' id='word_1_25' title='bbox 1354 1190 1475 1265; x_wconf 89' lang='lat' dir='ltr'><strong>anima</strong></span> <span class='ocrx_word' id='word_1_26' title='bbox 1496 1198 1551 1266; x_wconf 92' lang='lat' dir='ltr'><strong>est</strong></span> <span class='ocrx_word' id='word_1_27' title='bbox 1567 1193 1682 1286; x_wconf 88' lang='lat' dir='ltr'><strong>posita</strong></span> <span class='ocrx_word' id='word_1_28' title='bbox 1705 1194 1741 1265; x_wconf 93' lang='lat' dir='ltr'><strong>in</strong></span> 
     </span>
    </p>
   </div>
   <div class='ocr_carea' id='block_1_3' title="bbox 570 1307 1790 4392">
    <p class='ocr_par' dir='ltr' id='par_1_3' title="bbox 570 1307 1790 4392">
     <span class='ocr_line' id='line_1_5' title="bbox 572 1307 1744 1403; baseline 0.003 -21"><span class='ocrx_word' id='word_1_29' title='bbox 572 1308 738 1400; x_wconf 84' lang='lat' dir='ltr'><strong>peccatis,</strong></span> <span class='ocrx_word' id='word_1_30' title='bbox 757 1313 794 1381; x_wconf 91' lang='lat' dir='ltr'><strong>et</strong></span> <span class='ocrx_word' id='word_1_31' title='bbox 810 1307 876 1380; x_wconf 87' lang='lat' dir='ltr'><strong>ista</strong></span> <span class='ocrx_word' id='word_1_32' title='bbox 893 1307 982 1383; x_wconf 91' lang='lat' dir='ltr'><strong>dum</strong></span> <span class='ocrx_word' id='word_1_33' title='bbox 1009 1308 1097 1381; x_wconf 89' lang='lat' dir='ltr'><strong>vivit</strong></span> <span class='ocrx_word' id='word_1_34' title='bbox 1121 1328 1207 1382; x_wconf 89' lang='lat' dir='ltr'><strong>curn</strong></span> <span class='ocrx_word' id='word_1_35' title='bbox 1233 1329 1398 1403; x_wconf 87' lang='lat' dir='ltr'><strong>corpore,</strong></span> <span class='ocrx_word' id='word_1_36' title='bbox 1416 1318 1470 1384; x_wconf 90' lang='lat' dir='ltr'><strong>est</strong></span> <span class='ocrx_word' id='word_1_37' title='bbox 1495 1320 1641 1386; x_wconf 89' lang='lat' dir='ltr'><strong>mortua</strong></span> <span class='ocrx_word' id='word_1_38' title='bbox 1663 1334 1744 1387; x_wconf 91' lang='lat' dir='ltr'><strong>mo·</strong></span> 
     </span>
     <span class='ocr_line' id='line_1_6' title="bbox 572 1420 1741 1527; baseline 0.003 -26"><span class='ocrx_word' id='word_1_39' title='bbox 572 1430 705 1521; x_wconf 91' lang='lat' dir='ltr'><strong>raliter,</strong></span> <span class='ocrx_word' id='word_1_40' title='bbox 724 1435 761 1503; x_wconf 92' lang='lat' dir='ltr'><strong>et</strong></span> <span class='ocrx_word' id='word_1_41' title='bbox 778 1428 828 1501; x_wconf 91' lang='lat' dir='ltr'><strong>sic</strong></span> <span class='ocrx_word' id='word_1_42' title='bbox 845 1435 900 1501; x_wconf 93' lang='lat' dir='ltr'><strong>est</strong></span> <span class='ocrx_word' id='word_1_43' title='bbox 925 1428 961 1500; x_wconf 95' lang='lat' dir='ltr'><strong>in</strong></span> <span class='ocrx_word' id='word_1_44' title='bbox 985 1427 1128 1503; x_wconf 88' lang='lat' dir='ltr'><strong>lnlerno</strong></span> <span class='ocrx_word' id='word_1_45' title='bbox 1147 1420 1184 1520; x_wconf 76' lang='lat'><strong>(²)</strong></span> <span class='ocrx_word' id='word_1_46' title='bbox 1211 1430 1359 1504; x_wconf 90' lang='lat' dir='ltr'><strong>morali:</strong></span> <span class='ocrx_word' id='word_1_47' title='bbox 1378 1431 1466 1507; x_wconf 90' lang='lat' dir='ltr'><strong>dum</strong></span> <span class='ocrx_word' id='word_1_48' title='bbox 1494 1439 1549 1505; x_wconf 89' lang='lat' dir='ltr'><strong>est</strong></span> <span class='ocrx_word' id='word_1_49' title='bbox 1575 1440 1741 1527; x_wconf 87' lang='lat' dir='ltr'><strong>separata</strong></span> 
     </span>
     <span class='ocr_line' id='line_1_7' title="bbox 572 1547 1742 1643; baseline 0.003 -22"><span class='ocrx_word' id='word_1_50' title='bbox 572 1571 593 1621; x_wconf 93' lang='lat' dir='ltr'><strong>a</strong></span> <span class='ocrx_word' id='word_1_51' title='bbox 620 1568 785 1643; x_wconf 86' lang='lat' dir='ltr'><strong>corpore,</strong></span> <span class='ocrx_word' id='word_1_52' title='bbox 811 1556 865 1622; x_wconf 90' lang='lat' dir='ltr'><strong>est</strong></span> <span class='ocrx_word' id='word_1_53' title='bbox 889 1547 926 1620; x_wconf 95' lang='lat' dir='ltr'><strong>in</strong></span> <span class='ocrx_word' id='word_1_54' title='bbox 951 1547 1094 1621; x_wconf 89' lang='lat' dir='ltr'><strong>lulerno</strong></span> <span class='ocrx_word' id='word_1_55' title='bbox 1120 1548 1310 1641; x_wconf 79' lang='lat' dir='ltr'><strong>essentiali,</strong></span> <span class='ocrx_word' id='word_1_56' title='bbox 1335 1550 1365 1622; x_wconf 93' lang='lat' dir='ltr'><strong>si</strong></span> <span class='ocrx_word' id='word_1_57' title='bbox 1396 1550 1574 1625; x_wconf 85' lang='lat' dir='ltr'><strong>obstinata</strong></span> <span class='ocrx_word' id='word_1_58' title='bbox 1600 1552 1742 1626; x_wconf 87' lang='lat' dir='ltr'><strong>insana-</strong></span> 
     </span>
     <span class='ocr_line' id='line_1_8' title="bbox 573 1667 1743 1771; baseline 0.004 -32"><span class='ocrx_word' id='word_1_59' title='bbox 573 1669 690 1741; x_wconf 77' lang='lat' dir='ltr'><strong>lriliter</strong></span> <span class='ocrx_word' id='word_1_60' title='bbox 722 1667 888 1740; x_wconf 90' lang='lat' dir='ltr'><strong>moritur.</strong></span> <span class='ocrx_word' id='word_1_61' title='bbox 920 1667 998 1740; x_wconf 75' lang='lat' dir='ltr'><strong>Alia</strong></span> <span class='ocrx_word' id='word_1_62' title='bbox 1022 1667 1144 1740; x_wconf 89' lang='lat' dir='ltr'><strong>anima</strong></span> <span class='ocrx_word' id='word_1_63' title='bbox 1169 1674 1224 1740; x_wconf 92' lang='lat' dir='ltr'><strong>est</strong></span> <span class='ocrx_word' id='word_1_64' title='bbox 1249 1689 1332 1760; x_wconf 78' lang='lat' dir='ltr'><strong>quae</strong></span> <span class='ocrx_word' id='word_1_65' title='bbox 1363 1669 1544 1771; x_wconf 83' lang='lat' dir='ltr'><strong>recedita</strong></span> <span class='ocrx_word' id='word_1_66' title='bbox 1570 1671 1679 1763; x_wconf 89' lang='lat' dir='ltr'><strong>viciis,</strong></span> <span class='ocrx_word' id='word_1_67' title='bbox 1706 1680 1743 1744; x_wconf 92' lang='grc' dir='ltr'><strong>θῖ</strong></span> 
     </span>
     <span class='ocr_line' id='line_1_9' title="bbox 573 1787 1790 1883; baseline 0.002 -23"><span class='ocrx_word' id='word_1_68' title='bbox 573 1790 639 1861; x_wconf 89' lang='lat' dir='ltr'><strong>ista</strong></span> <span class='ocrx_word' id='word_1_69' title='bbox 664 1788 753 1861; x_wconf 89' lang='lat' dir='ltr'><strong>dum</strong></span> <span class='ocrx_word' id='word_1_70' title='bbox 779 1796 834 1862; x_wconf 89' lang='lat' dir='ltr'><strong>est</strong></span> <span class='ocrx_word' id='word_1_71' title='bbox 859 1789 895 1860; x_wconf 96' lang='lat' dir='ltr'><strong>in</strong></span> <span class='ocrx_word' id='word_1_72' title='bbox 920 1807 1085 1881; x_wconf 89' lang='lat' dir='ltr'><strong>corpore,</strong></span> <span class='ocrx_word' id='word_1_73' title='bbox 1111 1787 1228 1861; x_wconf 89' lang='lat' dir='ltr'><strong>estin</strong></span> <span class='ocrx_word' id='word_1_74' title='bbox 1260 1788 1476 1883; x_wconf 86' lang='lat' dir='ltr'><strong>Purgatorio</strong></span> <span class='ocrx_word' id='word_1_75' title='bbox 1508 1792 1649 1883; x_wconf 87' lang='lat' dir='ltr'><strong>morali,</strong></span> <span class='ocrx_word' id='word_1_76' title='bbox 1675 1793 1743 1865; x_wconf 91' lang='lat' dir='ltr'><strong>sci·</strong></span> <span class='ocrx_word' id='word_1_77' title='bbox 1788 1845 1790 1848; x_wconf 42' lang='lat'>&gt;</span> 
     </span>
     <span class='ocr_line' id='line_1_10' title="bbox 573 1906 1739 2004; baseline 0.003 -24"><span class='ocrx_word' id='word_1_78' title='bbox 573 1909 654 1982; x_wconf 90' lang='lat' dir='ltr'><strong>licet</strong></span> <span class='ocrx_word' id='word_1_79' title='bbox 686 1908 722 1980; x_wconf 93' lang='lat' dir='ltr'><strong>in</strong></span> <span class='ocrx_word' id='word_1_80' title='bbox 753 1914 838 1981; x_wconf 88' lang='lat' dir='ltr'><strong>actu</strong></span> <span class='ocrx_word' id='word_1_81' title='bbox 870 1906 1099 2000; x_wconf 84' lang='lat' dir='ltr'><strong>poenitentire,</strong></span> <span class='ocrx_word' id='word_1_82' title='bbox 1130 1906 1166 1979; x_wconf 90' lang='lat' dir='ltr'><strong>in</strong></span> <span class='ocrx_word' id='word_1_83' title='bbox 1200 1928 1275 2000; x_wconf 91' lang='lat' dir='ltr'><strong>quo</strong></span> <span class='ocrx_word' id='word_1_84' title='bbox 1306 1916 1439 2002; x_wconf 83' lang='lat' dir='ltr'><strong>purgat</strong></span> <span class='ocrx_word' id='word_1_85' title='bbox 1468 1931 1534 1982; x_wconf 89' lang='lat' dir='ltr'><strong>sua</strong></span> <span class='ocrx_word' id='word_1_86' title='bbox 1569 1920 1739 2004; x_wconf 88' lang='lat' dir='ltr'><strong>peccata:</strong></span> 
     </span>
     <span class='ocr_line' id='line_1_11' title="bbox 570 2026 1741 2122; baseline 0.003 -22"><span class='ocrx_word' id='word_1_87' title='bbox 570 2034 738 2121; x_wconf 84' lang='lat' dir='ltr'><strong>separata</strong></span> <span class='ocrx_word' id='word_1_88' title='bbox 773 2046 862 2100; x_wconf 91' lang='lat' dir='ltr'><strong>vero</strong></span> <span class='ocrx_word' id='word_1_89' title='bbox 895 2046 918 2099; x_wconf 88' lang='lat' dir='ltr'><strong>a</strong></span> <span class='ocrx_word' id='word_1_90' title='bbox 953 2045 1118 2119; x_wconf 86' lang='lat' dir='ltr'><strong>corpore,</strong></span> <span class='ocrx_word' id='word_1_91' title='bbox 1143 2032 1198 2100; x_wconf 90' lang='lat' dir='ltr'><strong>est</strong></span> <span class='ocrx_word' id='word_1_92' title='bbox 1230 2026 1267 2098; x_wconf 95' lang='lat' dir='ltr'><strong>in</strong></span> <span class='ocrx_word' id='word_1_93' title='bbox 1300 2028 1518 2122; x_wconf 83' lang='lat' dir='ltr'><strong>Purgatorio</strong></span> <span class='ocrx_word' id='word_1_94' title='bbox 1552 2031 1741 2103; x_wconf 87' lang='lat' dir='ltr'><strong>essentiali.</strong></span> 
     </span>
     <span class='ocr_line' id='line_1_12' title="bbox 572 2144 1743 2240; baseline 0.002 -21"><span class='ocrx_word' id='word_1_95' title='bbox 572 2146 692 2221; x_wconf 88' lang='lat' dir='ltr'><strong>Tertio</strong></span> <span class='ocrx_word' id='word_1_96' title='bbox 717 2152 772 2219; x_wconf 90' lang='lat' dir='ltr'><strong>est</strong></span> <span class='ocrx_word' id='word_1_97' title='bbox 788 2145 858 2218; x_wconf 92' lang='lat' dir='ltr'><strong>alia</strong></span> <span class='ocrx_word' id='word_1_98' title='bbox 877 2145 1000 2217; x_wconf 89' lang='lat' dir='ltr'><strong>anima</strong></span> <span class='ocrx_word' id='word_1_99' title='bbox 1017 2145 1054 2217; x_wconf 94' lang='lat' dir='ltr'><strong>in</strong></span> <span class='ocrx_word' id='word_1_100' title='bbox 1071 2144 1232 2239; x_wconf 86' lang='lat' dir='ltr'><strong>perlecto</strong></span> <span class='ocrx_word' id='word_1_101' title='bbox 1252 2146 1378 2219; x_wconf 84' lang='lat' dir='ltr'><strong>habitu</strong></span> <span class='ocrx_word' id='word_1_102' title='bbox 1399 2147 1554 2240; x_wconf 90' lang='lat' dir='ltr'><strong>virtutis,</strong></span> <span class='ocrx_word' id='word_1_103' title='bbox 1572 2155 1609 2222; x_wconf 93' lang='grc' dir='ltr'><strong>θῖ</strong></span> <span class='ocrx_word' id='word_1_104' title='bbox 1625 2148 1715 2236; x_wconf 89' lang='lat' dir='ltr'><strong>ista(</strong></span> <span class='ocrx_word' id='word_1_105' title='bbox 1734 2155 1743 2237; x_wconf 82' lang='lat' dir='ltr'><strong>l</strong></span> 
     </span>
     <span class='ocr_line' id='line_1_13' title="bbox 573 2264 1742 2361; baseline 0.002 -23"><span class='ocrx_word' id='word_1_106' title='bbox 573 2269 697 2340; x_wconf 80' lang='lat' dir='ltr'><strong>vivens</strong></span> <span class='ocrx_word' id='word_1_107' title='bbox 723 2266 759 2338; x_wconf 94' lang='lat' dir='ltr'><strong>in</strong></span> <span class='ocrx_word' id='word_1_108' title='bbox 784 2285 938 2358; x_wconf 88' lang='lat' dir='ltr'><strong>corpore</strong></span> <span class='ocrx_word' id='word_1_109' title='bbox 964 2272 1017 2339; x_wconf 89' lang='lat' dir='ltr'><strong>est</strong></span> <span class='ocrx_word' id='word_1_110' title='bbox 1039 2265 1199 2358; x_wconf 87' lang='lat' dir='ltr'><strong>quodam</strong></span> <span class='ocrx_word' id='word_1_111' title='bbox 1219 2264 1328 2339; x_wconf 89' lang='lat' dir='ltr'><strong>modo</strong></span> <span class='ocrx_word' id='word_1_112' title='bbox 1345 2266 1382 2338; x_wconf 91' lang='lat' dir='ltr'><strong>in</strong></span> <span class='ocrx_word' id='word_1_113' title='bbox 1402 2266 1585 2360; x_wconf 91' lang='lat' dir='ltr'><strong>Paradiso,</strong></span> <span class='ocrx_word' id='word_1_114' title='bbox 1603 2268 1689 2361; x_wconf 91' lang='lat' dir='ltr'><strong>quia</strong></span> <span class='ocrx_word' id='word_1_115' title='bbox 1707 2268 1742 2341; x_wconf 91' lang='lat' dir='ltr'><strong>in</strong></span> 
     </span>
     <span class='ocr_line' id='line_1_14' title="bbox 571 2385 1743 2480; baseline 0 -20"><span class='ocrx_word' id='word_1_116' title='bbox 571 2385 729 2480; x_wconf 86' lang='lat' dir='ltr'><strong>quadam</strong></span> <span class='ocrx_word' id='word_1_117' title='bbox 757 2385 936 2477; x_wconf 81' lang='lat' dir='ltr'><strong>felicitate,</strong></span> <span class='ocrx_word' id='word_1_118' title='bbox 963 2392 1142 2478; x_wconf 89' lang='lat' dir='ltr'><strong>quantum</strong></span> <span class='ocrx_word' id='word_1_119' title='bbox 1175 2392 1230 2459; x_wconf 90' lang='lat' dir='ltr'><strong>est</strong></span> <span class='ocrx_word' id='word_1_120' title='bbox 1259 2385 1426 2479; x_wconf 87' lang='lat' dir='ltr'><strong>possibile</strong></span> <span class='ocrx_word' id='word_1_121' title='bbox 1451 2386 1587 2459; x_wconf 91' lang='lat' dir='ltr'><strong>homini</strong></span> <span class='ocrx_word' id='word_1_122' title='bbox 1614 2387 1650 2459; x_wconf 91' lang='lat' dir='ltr'><strong>in</strong></span> <span class='ocrx_word' id='word_1_123' title='bbox 1676 2388 1743 2460; x_wconf 85' lang='lat' dir='ltr'><strong>lrac</strong></span> 
     </span>
     <span class='ocr_line' id='line_1_15' title="bbox 572 2505 1744 2598; baseline 0.003 -21"><span class='ocrx_word' id='word_1_124' title='bbox 572 2507 645 2577; x_wconf 89' lang='lat' dir='ltr'><strong>vita</strong></span> <span class='ocrx_word' id='word_1_125' title='bbox 667 2505 841 2577; x_wconf 76' lang='lat' dir='ltr'><strong>miseriae:</strong></span> <span class='ocrx_word' id='word_1_126' title='bbox 861 2511 1027 2597; x_wconf 87' lang='lat' dir='ltr'><strong>separata</strong></span> <span class='ocrx_word' id='word_1_127' title='bbox 1053 2511 1133 2598; x_wconf 90' lang='lat' dir='ltr'><strong>post</strong></span> <span class='ocrx_word' id='word_1_128' title='bbox 1157 2512 1326 2597; x_wconf 90' lang='lat' dir='ltr'><strong>mortem,</strong></span> <span class='ocrx_word' id='word_1_129' title='bbox 1345 2512 1401 2579; x_wconf 89' lang='grc' dir='ltr'><strong>θεῖ</strong></span> <span class='ocrx_word' id='word_1_130' title='bbox 1417 2505 1455 2577; x_wconf 92' lang='lat' dir='ltr'><strong>in</strong></span> <span class='ocrx_word' id='word_1_131' title='bbox 1475 2506 1645 2580; x_wconf 87' lang='lat' dir='ltr'><strong>Paradiso</strong></span> <span class='ocrx_word' id='word_1_132' title='bbox 1671 2526 1744 2579; x_wconf 69' lang='lat' dir='ltr'><strong>cce</strong></span> 
     </span>
     <span class='ocr_line' id='line_1_16' title="bbox 573 2622 1743 2724; baseline 0.002 -28"><span class='ocrx_word' id='word_1_133' title='bbox 573 2625 662 2716; x_wconf 87' lang='lat' dir='ltr'><strong>lesti,</strong></span> <span class='ocrx_word' id='word_1_134' title='bbox 689 2623 751 2696; x_wconf 92' lang='lat' dir='ltr'><strong>ubi</strong></span> <span class='ocrx_word' id='word_1_135' title='bbox 776 2622 910 2695; x_wconf 83' lang='lat' dir='ltr'><strong>fruitur</strong></span> <span class='ocrx_word' id='word_1_136' title='bbox 936 2622 1073 2696; x_wconf 89' lang='lat' dir='ltr'><strong>visione</strong></span> <span class='ocrx_word' id='word_1_137' title='bbox 1097 2623 1174 2715; x_wconf 87' lang='lat' dir='ltr'><strong>Dei,</strong></span> <span class='ocrx_word' id='word_1_138' title='bbox 1191 2623 1228 2694; x_wconf 93' lang='lat' dir='ltr'><strong>in</strong></span> <span class='ocrx_word' id='word_1_139' title='bbox 1245 2644 1319 2716; x_wconf 93' lang='lat' dir='ltr'><strong>quo</strong></span> <span class='ocrx_word' id='word_1_140' title='bbox 1337 2631 1392 2696; x_wconf 92' lang='lat' dir='ltr'><strong>est</strong></span> <span class='ocrx_word' id='word_1_141' title='bbox 1408 2644 1497 2698; x_wconf 89' lang='lat' dir='ltr'><strong>vera</strong></span> <span class='ocrx_word' id='word_1_142' title='bbox 1519 2631 1559 2724; x_wconf 94' lang='grc' dir='ltr'><strong>Ιθῖ</strong></span> <span class='ocrx_word' id='word_1_143' title='bbox 1584 2625 1743 2719; x_wconf 88' lang='lat' dir='ltr'><strong>perlecta</strong></span> 
     </span>
     <span class='ocr_line' id='line_1_17' title="bbox 573 2742 1740 2837; baseline 0.002 -23"><span class='ocrx_word' id='word_1_144' title='bbox 573 2743 730 2816; x_wconf 77' lang='lat' dir='ltr'><strong>lelicitas.</strong></span> <span class='ocrx_word' id='word_1_145' title='bbox 758 2743 819 2816; x_wconf 87' lang='lat' dir='ltr'><strong>Est</strong></span> <span class='ocrx_word' id='word_1_146' title='bbox 843 2750 967 2816; x_wconf 87' lang='lat' dir='ltr'><strong>autern</strong></span> <span class='ocrx_word' id='word_1_147' title='bbox 995 2743 1052 2816; x_wconf 91' lang='lat' dir='ltr'><strong>hic</strong></span> <span class='ocrx_word' id='word_1_148' title='bbox 1078 2742 1213 2816; x_wconf 86' lang='lat' dir='ltr'><strong>utiliter</strong></span> <span class='ocrx_word' id='word_1_149' title='bbox 1232 2743 1497 2817; x_wconf 90' lang='lat' dir='ltr'><strong>advertendum</strong></span> <span class='ocrx_word' id='word_1_150' title='bbox 1515 2744 1613 2837; x_wconf 93' lang='lat' dir='ltr'><strong>quod</strong></span> <span class='ocrx_word' id='word_1_151' title='bbox 1629 2745 1740 2837; x_wconf 84' lang='lat' dir='ltr'><strong>aliqui</strong></span> 
     </span>
     <span class='ocr_line' id='line_1_18' title="bbox 573 2862 1741 2958; baseline 0.002 -24"><span class='ocrx_word' id='word_1_152' title='bbox 573 2862 841 2956; x_wconf 86' lang='lat' dir='ltr'><strong>descripserunt</strong></span> <span class='ocrx_word' id='word_1_153' title='bbox 865 2862 1051 2936; x_wconf 88' lang='lat' dir='ltr'><strong>lniernum</strong></span> <span class='ocrx_word' id='word_1_154' title='bbox 1077 2863 1264 2937; x_wconf 85' lang='lat' dir='ltr'><strong>moraliter</strong></span> <span class='ocrx_word' id='word_1_155' title='bbox 1297 2870 1451 2956; x_wconf 87' lang='lat' dir='ltr'><strong>tantum,</strong></span> <span class='ocrx_word' id='word_1_156' title='bbox 1482 2864 1576 2937; x_wconf 87' lang='lat' dir='ltr'><strong>sieut</strong></span> <span class='ocrx_word' id='word_1_157' title='bbox 1603 2865 1741 2958; x_wconf 89' lang='lat' dir='ltr'><strong>antiqui</strong></span> 
     </span>
     <span class='ocr_line' id='line_1_19' title="bbox 574 2982 1741 3078; baseline 0.001 -22"><span class='ocrx_word' id='word_1_158' title='bbox 574 2990 691 3076; x_wconf 83' lang='lat' dir='ltr'><strong>poetae</strong></span> <span class='ocrx_word' id='word_1_159' title='bbox 715 2983 885 3078; x_wconf 81' lang='lat' dir='ltr'><strong>Virgilius</strong></span> <span class='ocrx_word' id='word_1_160' title='bbox 910 2990 947 3057; x_wconf 89' lang='lat' dir='ltr'><strong>et</strong></span> <span class='ocrx_word' id='word_1_161' title='bbox 971 2982 1164 3075; x_wconf 90' lang='lat' dir='ltr'><strong>llomcrus,</strong></span> <span class='ocrx_word' id='word_1_162' title='bbox 1190 2983 1276 3076; x_wconf 88' lang='lat' dir='ltr'><strong>quia</strong></span> <span class='ocrx_word' id='word_1_163' title='bbox 1301 2983 1423 3056; x_wconf 85' lang='lat' dir='ltr'><strong>omnia</strong></span> <span class='ocrx_word' id='word_1_164' title='bbox 1448 2982 1632 3077; x_wconf 85' lang='lat' dir='ltr'><strong>supplicia,</strong></span> <span class='ocrx_word' id='word_1_165' title='bbox 1658 3006 1741 3078; x_wconf 67' lang='lat' dir='ltr'><strong>queo</strong></span> 
     </span>
     <span class='ocr_line' id='line_1_20' title="bbox 573 3100 1743 3197; baseline 0.003 -23"><span class='ocrx_word' id='word_1_166' title='bbox 573 3102 762 3197; x_wconf 84' lang='lat' dir='ltr'><strong>linguntur</strong></span> <span class='ocrx_word' id='word_1_167' title='bbox 791 3122 813 3175; x_wconf 92' lang='lat' dir='ltr'><strong>a</strong></span> <span class='ocrx_word' id='word_1_168' title='bbox 845 3101 959 3195; x_wconf 84' lang='lat' dir='ltr'><strong>poetis</strong></span> <span class='ocrx_word' id='word_1_169' title='bbox 993 3122 1073 3176; x_wconf 90' lang='lat' dir='ltr'><strong>esse</strong></span> <span class='ocrx_word' id='word_1_170' title='bbox 1104 3101 1140 3175; x_wconf 93' lang='lat' dir='ltr'><strong>in</strong></span> <span class='ocrx_word' id='word_1_171' title='bbox 1171 3100 1326 3194; x_wconf 88' lang='lat' dir='ltr'><strong>lnierno,</strong></span> <span class='ocrx_word' id='word_1_172' title='bbox 1354 3102 1587 3196; x_wconf 88' lang='lat' dir='ltr'><strong>reperiuntur</strong></span> <span class='ocrx_word' id='word_1_173' title='bbox 1612 3103 1649 3176; x_wconf 93' lang='lat' dir='ltr'><strong>in</strong></span> <span class='ocrx_word' id='word_1_174' title='bbox 1674 3104 1743 3177; x_wconf 88' lang='lat' dir='ltr'><strong>hoc</strong></span> 
     </span>
     <span class='ocr_line' id='line_1_21' title="bbox 573 3221 1744 3315; baseline -0.001 -19"><span class='ocrx_word' id='word_1_175' title='bbox 573 3222 710 3296; x_wconf 89' lang='lat' dir='ltr'><strong>mundo</strong></span> <span class='ocrx_word' id='word_1_176' title='bbox 744 3222 889 3315; x_wconf 88' lang='lat' dir='ltr'><strong>viciose,</strong></span> <span class='ocrx_word' id='word_1_177' title='bbox 922 3222 985 3315; x_wconf 94' lang='lat' dir='ltr'><strong>qui</strong></span> <span class='ocrx_word' id='word_1_178' title='bbox 1019 3230 1074 3297; x_wconf 91' lang='lat' dir='ltr'><strong>est</strong></span> <span class='ocrx_word' id='word_1_179' title='bbox 1106 3222 1271 3297; x_wconf 87' lang='lat' dir='ltr'><strong>lulernus</strong></span> <span class='ocrx_word' id='word_1_180' title='bbox 1304 3221 1515 3296; x_wconf 88' lang='lat' dir='ltr'><strong>viventium.</strong></span> <span class='ocrx_word' id='word_1_181' title='bbox 1554 3223 1620 3295; x_wconf 77' lang='lat' dir='ltr'><strong>alti</strong></span> <span class='ocrx_word' id='word_1_182' title='bbox 1656 3243 1744 3297; x_wconf 91' lang='lat' dir='ltr'><strong>vero</strong></span> 
     </span>
     <span class='ocr_line' id='line_1_22' title="bbox 571 3342 1745 3436; baseline 0.003 -21"><span class='ocrx_word' id='word_1_183' title='bbox 571 3343 839 3436; x_wconf 87' lang='lat' dir='ltr'><strong>descripserunt</strong></span> <span class='ocrx_word' id='word_1_184' title='bbox 876 3342 1062 3418; x_wconf 84' lang='lat' dir='ltr'><strong>infernum</strong></span> <span class='ocrx_word' id='word_1_185' title='bbox 1092 3342 1342 3433; x_wconf 90' lang='lat' dir='ltr'><strong>essentialiter,</strong></span> <span class='ocrx_word' id='word_1_186' title='bbox 1373 3343 1466 3415; x_wconf 89' lang='lat' dir='ltr'><strong>sicut</strong></span> <span class='ocrx_word' id='word_1_187' title='bbox 1495 3343 1589 3418; x_wconf 87' lang='lat' dir='ltr'><strong>sacri</strong></span> <span class='ocrx_word' id='word_1_188' title='bbox 1628 3344 1745 3418; x_wconf 82' lang='lat' dir='ltr'><strong>Theo</strong></span> 
     </span>
     <span class='ocr_line' id='line_1_23' title="bbox 573 3449 1741 3558; baseline 0 -23"><span class='ocrx_word' id='word_1_189' title='bbox 573 3463 644 3558; x_wconf 85' lang='lat' dir='ltr'><strong>logi</strong></span> <span class='ocrx_word' id='word_1_190' title='bbox 671 3469 708 3535; x_wconf 90' lang='lat' dir='ltr'><strong>et</strong></span> <span class='ocrx_word' id='word_1_191' title='bbox 733 3463 846 3536; x_wconf 87' lang='lat' dir='ltr'><strong>sancti</strong></span> <span class='ocrx_word' id='word_1_192' title='bbox 872 3463 1055 3536; x_wconf 83' lang='lat' dir='ltr'><strong>Doctores.</strong></span> <span class='ocrx_word' id='word_1_193' title='bbox 1083 3449 1237 3552; x_wconf 71' lang='lat' dir='ltr'><strong>Nuncl‘)</strong></span> <span class='ocrx_word' id='word_1_194' title='bbox 1262 3467 1372 3534; x_wconf 93' lang='lat' dir='ltr'><strong>autor</strong></span> <span class='ocrx_word' id='word_1_195' title='bbox 1397 3468 1521 3535; x_wconf 88' lang='lat' dir='ltr'><strong>noster</strong></span> <span class='ocrx_word' id='word_1_196' title='bbox 1552 3468 1741 3554; x_wconf 87' lang='lat' dir='ltr'><strong>tamquam</strong></span> 
     </span>
     <span class='ocr_line' id='line_1_24' title="bbox 573 3571 1743 3674; baseline -0.002 -20"><span class='ocrx_word' id='word_1_197' title='bbox 573 3587 680 3674; x_wconf 71' lang='lat' dir='ltr'><strong>{reeta</strong></span> <span class='ocrx_word' id='word_1_198' title='bbox 704 3579 1021 3654; x_wconf 87' lang='lat' dir='ltr'><strong>christianissimus</strong></span> <span class='ocrx_word' id='word_1_199' title='bbox 1047 3571 1084 3670; x_wconf 79' lang='lat'><strong>(⁵)</strong></span> <span class='ocrx_word' id='word_1_200' title='bbox 1119 3586 1320 3672; x_wconf 90' lang='lat' dir='ltr'><strong>utrumque</strong></span> <span class='ocrx_word' id='word_1_201' title='bbox 1352 3577 1537 3652; x_wconf 86' lang='lat' dir='ltr'><strong>lniernum</strong></span> <span class='ocrx_word' id='word_1_202' title='bbox 1563 3579 1743 3669; x_wconf 88' lang='lat' dir='ltr'><strong>describit,</strong></span> 
     </span>
     <span class='ocr_line' id='line_1_25' title="bbox 573 3697 1744 3792; baseline -0.003 -19"><span class='ocrx_word' id='word_1_203' title='bbox 573 3701 752 3774; x_wconf 90' lang='lat' dir='ltr'><strong>alterutro</strong></span> <span class='ocrx_word' id='word_1_204' title='bbox 772 3699 863 3771; x_wconf 87' lang='lat' dir='ltr'><strong>calle</strong></span> <span class='ocrx_word' id='word_1_205' title='bbox 883 3697 1093 3792; x_wconf 88' lang='lat' dir='ltr'><strong>procedens,</strong></span> <span class='ocrx_word' id='word_1_206' title='bbox 1108 3717 1206 3771; x_wconf 89' lang='lat' dir='ltr'><strong>nunc</strong></span> <span class='ocrx_word' id='word_1_207' title='bbox 1222 3698 1269 3771; x_wconf 92' lang='lat' dir='ltr'><strong>de</strong></span> <span class='ocrx_word' id='word_1_208' title='bbox 1286 3697 1426 3789; x_wconf 89' lang='lat' dir='ltr'><strong>morali,</strong></span> <span class='ocrx_word' id='word_1_209' title='bbox 1442 3716 1539 3770; x_wconf 91' lang='lat' dir='ltr'><strong>nunc</strong></span> <span class='ocrx_word' id='word_1_210' title='bbox 1559 3697 1606 3771; x_wconf 93' lang='lat' dir='ltr'><strong>de</strong></span> <span class='ocrx_word' id='word_1_211' title='bbox 1622 3717 1744 3772; x_wconf 89' lang='lat' dir='ltr'><strong>essen·</strong></span> 
     </span>
     <span class='ocr_line' id='line_1_26' title="bbox 573 3807 1742 3914; baseline -0.003 -21"><span class='ocrx_word' id='word_1_212' title='bbox 573 3823 645 3895; x_wconf 89' lang='lat' dir='ltr'><strong>tiali</strong></span> <span class='ocrx_word' id='word_1_213' title='bbox 673 3822 845 3914; x_wconf 91' lang='lat' dir='ltr'><strong>loquitur,</strong></span> <span class='ocrx_word' id='word_1_214' title='bbox 873 3824 914 3890; x_wconf 95' lang='lat' dir='ltr'><strong>ut</strong></span> <span class='ocrx_word' id='word_1_215' title='bbox 939 3817 1074 3911; x_wconf 89' lang='lat' dir='ltr'><strong>patebit</strong></span> <span class='ocrx_word' id='word_1_216' title='bbox 1099 3817 1198 3890; x_wconf 90' lang='lat' dir='ltr'><strong>clare</strong></span> <span class='ocrx_word' id='word_1_217' title='bbox 1212 3807 1249 3908; x_wconf 54' lang='grc' dir='ltr'><strong>(ὅ)</strong></span> <span class='ocrx_word' id='word_1_218' title='bbox 1276 3817 1311 3889; x_wconf 96' lang='lat' dir='ltr'><strong>in</strong></span> <span class='ocrx_word' id='word_1_219' title='bbox 1329 3836 1513 3911; x_wconf 88' lang='lat' dir='ltr'><strong>processu.</strong></span> <span class='ocrx_word' id='word_1_220' title='bbox 1535 3817 1610 3891; x_wconf 89' lang='lat' dir='ltr'><strong>Nec</strong></span> <span class='ocrx_word' id='word_1_221' title='bbox 1634 3817 1742 3907; x_wconf 82' lang='lat' dir='ltr'><strong>dicas,</strong></span> 
     </span>
     <span class='ocr_line' id='line_1_27' title="bbox 575 3936 1741 4033; baseline -0.004 -20"><span class='ocrx_word' id='word_1_222' title='bbox 575 3948 615 4013; x_wconf 91' lang='lat' dir='ltr'><strong>ut</strong></span> <span class='ocrx_word' id='word_1_223' title='bbox 640 3940 752 4033; x_wconf 89' lang='lat' dir='ltr'><strong>aliqui</strong></span> <span class='ocrx_word' id='word_1_224' title='bbox 776 3940 958 4030; x_wconf 84' lang='lat' dir='ltr'><strong>dixerunt,</strong></span> <span class='ocrx_word' id='word_1_225' title='bbox 976 3937 1076 4031; x_wconf 95' lang='lat' dir='ltr'><strong>quod</strong></span> <span class='ocrx_word' id='word_1_226' title='bbox 1093 3937 1247 4011; x_wconf 89' lang='lat' dir='ltr'><strong>materia</strong></span> <span class='ocrx_word' id='word_1_227' title='bbox 1272 3936 1353 4009; x_wconf 89' lang='lat' dir='ltr'><strong>libri</strong></span> <span class='ocrx_word' id='word_1_228' title='bbox 1373 3937 1419 4010; x_wconf 89' lang='lat' dir='ltr'><strong>sit</strong></span> <span class='ocrx_word' id='word_1_229' title='bbox 1435 3936 1639 4028; x_wconf 79' lang='lat' dir='ltr'><strong>Comoedia3</strong></span> <span class='ocrx_word' id='word_1_230' title='bbox 1658 3957 1741 4010; x_wconf 88' lang='lat' dir='ltr'><strong>narn</strong></span> 
     </span>
     <span class='ocr_line' id='line_1_28' title="bbox 575 4057 1744 4155; baseline 0.003 -29"><span class='ocrx_word' id='word_1_231' title='bbox 575 4060 759 4133; x_wconf 79' lang='lat' dir='ltr'><strong>Comoedia</strong></span> <span class='ocrx_word' id='word_1_232' title='bbox 776 4066 830 4133; x_wconf 92' lang='lat' dir='ltr'><strong>est</strong></span> <span class='ocrx_word' id='word_1_233' title='bbox 847 4057 973 4155; x_wconf 87' lang='lat' dir='ltr'><strong>stylus,</strong></span> <span class='ocrx_word' id='word_1_234' title='bbox 992 4078 1065 4130; x_wconf 95' lang='lat' dir='ltr'><strong>non</strong></span> <span class='ocrx_word' id='word_1_235' title='bbox 1082 4057 1247 4131; x_wconf 86' lang='lat' dir='ltr'><strong>materia.</strong></span> <span class='ocrx_word' id='word_1_236' title='bbox 1261 4057 1363 4130; x_wconf 91' lang='lat' dir='ltr'><strong>Unde</strong></span> <span class='ocrx_word' id='word_1_237' title='bbox 1379 4057 1473 4130; x_wconf 89' lang='lat' dir='ltr'><strong>sicut</strong></span> <span class='ocrx_word' id='word_1_238' title='bbox 1490 4057 1744 4131; x_wconf 82' lang='lat' dir='ltr'><strong>inconvenien-</strong></span> 
     </span>
     <span class='ocr_line' id='line_1_29' title="bbox 576 4177 1742 4274; baseline 0.001 -25"><span class='ocrx_word' id='word_1_239' title='bbox 576 4186 631 4252; x_wconf 89' lang='lat' dir='ltr'><strong>tor</strong></span> <span class='ocrx_word' id='word_1_240' title='bbox 656 4178 798 4271; x_wconf 87' lang='lat' dir='ltr'><strong>dicitur,</strong></span> <span class='ocrx_word' id='word_1_241' title='bbox 819 4179 973 4253; x_wconf 90' lang='lat' dir='ltr'><strong>materia</strong></span> <span class='ocrx_word' id='word_1_242' title='bbox 991 4177 1128 4274; x_wconf 82' lang='lat' dir='ltr'><strong>Virgilii</strong></span> <span class='ocrx_word' id='word_1_243' title='bbox 1153 4185 1208 4252; x_wconf 91' lang='lat' dir='ltr'><strong>est</strong></span> <span class='ocrx_word' id='word_1_244' title='bbox 1233 4177 1420 4273; x_wconf 84' lang='lat' dir='ltr'><strong>tragoedia,</strong></span> <span class='ocrx_word' id='word_1_245' title='bbox 1441 4177 1577 4251; x_wconf 90' lang='lat' dir='ltr'><strong>Horatii</strong></span> <span class='ocrx_word' id='word_1_246' title='bbox 1603 4177 1742 4272; x_wconf 88' lang='lat' dir='ltr'><strong>Satyra,</strong></span> 
     </span>
     <span class='ocr_line' id='line_1_30' title="bbox 574 4297 1406 4392; baseline 0 -24"><span class='ocrx_word' id='word_1_247' title='bbox 574 4304 611 4370; x_wconf 87' lang='lat' dir='ltr'><strong>et</strong></span> <span class='ocrx_word' id='word_1_248' title='bbox 635 4297 749 4371; x_wconf 85' lang='lat' dir='ltr'><strong>ovidii</strong></span> <span class='ocrx_word' id='word_1_249' title='bbox 773 4298 969 4392; x_wconf 84' lang='lat' dir='ltr'><strong>Comoedia,</strong></span> <span class='ocrx_word' id='word_1_250' title='bbox 995 4298 1045 4371; x_wconf 89' lang='lat' dir='ltr'><strong>ita</strong></span> <span class='ocrx_word' id='word_1_251' title='bbox 1070 4304 1126 4371; x_wconf 82' lang='lat' dir='ltr'><strong>est</strong></span> <span class='ocrx_word' id='word_1_252' title='bbox 1150 4297 1186 4371; x_wconf 91' lang='lat' dir='ltr'><strong>in</strong></span> <span class='ocrx_word' id='word_1_253' title='bbox 1212 4297 1406 4392; x_wconf 88' lang='lat' dir='ltr'><strong>proposito.</strong></span> 
     </span>
    </p>
   </div>
   <div class='ocr_carea' id='block_1_4' title="bbox 639 4540 1658 4980">
    <p class='ocr_par' dir='ltr' id='par_1_4' title="bbox 639 4540 1409 4604">
     <span class='ocr_line' id='line_1_31' title="bbox 639 4540 1409 4604; baseline -0.006 -11"><span class='ocrx_word' id='word_1_254' title='bbox 639 4541 670 4600; x_wconf 81' lang='lat'><strong>(¹)</strong></span> <span class='ocrx_word' id='word_1_255' title='bbox 688 4541 717 4590; x_wconf 86' lang='lat' dir='ltr'><strong>E.</strong></span> <span class='ocrx_word' id='word_1_256' title='bbox 733 4547 863 4603; x_wconf 75' lang='lat' dir='ltr'><strong>separata.</strong></span> <span class='ocrx_word' id='word_1_257' title='bbox 879 4540 983 4591; x_wconf 84' lang='lat' dir='ltr'><strong>Constat</strong></span> <span class='ocrx_word' id='word_1_258' title='bbox 998 4542 1178 4591; x_wconf 82' lang='lat' dir='ltr'><strong>universaliter</strong></span> <span class='ocrx_word' id='word_1_259' title='bbox 1195 4542 1220 4591; x_wconf 88' lang='lat' dir='ltr'><strong>id</strong></span> <span class='ocrx_word' id='word_1_260' title='bbox 1236 4555 1292 4592; x_wconf 79' lang='lat' dir='ltr'><strong>esse</strong></span> <span class='ocrx_word' id='word_1_261' title='bbox 1308 4541 1409 4604; x_wconf 78' lang='lat' dir='ltr'><strong>triplex.</strong></span> 
     </span>
    </p>

    <p class='ocr_par' dir='ltr' id='par_1_5' title="bbox 639 4616 1178 4675">
     <span class='ocr_line' id='line_1_32' title="bbox 639 4616 1178 4675; baseline 0.004 -11"><span class='ocrx_word' id='word_1_262' title='bbox 639 4618 669 4675; x_wconf 66' lang='grc' dir='ltr'><strong>ι’)</strong></span> <span class='ocrx_word' id='word_1_263' title='bbox 687 4617 716 4665; x_wconf 82' lang='lat' dir='ltr'><strong>E.</strong></span> <span class='ocrx_word' id='word_1_264' title='bbox 733 4616 839 4666; x_wconf 84' lang='lat' dir='ltr'><strong>lnlerno</strong></span> <span class='ocrx_word' id='word_1_265' title='bbox 855 4617 990 4675; x_wconf 82' lang='lat' dir='ltr'><strong>essentiali,</strong></span> <span class='ocrx_word' id='word_1_266' title='bbox 1008 4619 1029 4666; x_wconf 87' lang='lat' dir='ltr'><strong>sl</strong></span> <span class='ocrx_word' id='word_1_267' title='bbox 1045 4618 1178 4667; x_wconf 78' lang='lat' dir='ltr'><strong>obstinata.</strong></span> 
     </span>
    </p>

    <p class='ocr_par' dir='ltr' id='par_1_6' title="bbox 639 4691 921 4751">
     <span class='ocr_line' id='line_1_33' title="bbox 639 4691 921 4751; baseline 0.004 -11"><span class='ocrx_word' id='word_1_268' title='bbox 639 4693 668 4751; x_wconf 81' lang='lat'><strong>(⁸)</strong></span> <span class='ocrx_word' id='word_1_269' title='bbox 687 4692 716 4740; x_wconf 87' lang='lat' dir='ltr'><strong>E.</strong></span> <span class='ocrx_word' id='word_1_270' title='bbox 732 4696 759 4741; x_wconf 84' lang='lat' dir='ltr'><strong>ct</strong></span> <span class='ocrx_word' id='word_1_271' title='bbox 776 4691 812 4740; x_wconf 86' lang='lat' dir='ltr'><strong>ita</strong></span> <span class='ocrx_word' id='word_1_272' title='bbox 828 4692 921 4741; x_wconf 80' lang='lat' dir='ltr'><strong>virens.</strong></span> 
     </span>
    </p>

    <p class='ocr_par' dir='ltr' id='par_1_7' title="bbox 639 4766 1658 4980">
     <span class='ocr_line' id='line_1_34' title="bbox 639 4766 1634 4832; baseline -0.001 -15"><span class='ocrx_word' id='word_1_273' title='bbox 639 4769 668 4828; x_wconf 72' lang='lat'><strong>(⁵)</strong></span> <span class='ocrx_word' id='word_1_274' title='bbox 688 4772 741 4821; x_wconf 80' lang='lat' dir='ltr'><strong>llo.</strong></span> <span class='ocrx_word' id='word_1_275' title='bbox 760 4766 936 4817; x_wconf 76' lang='lat' dir='ltr'><strong>Naucratem</strong></span> <span class='ocrx_word' id='word_1_276' title='bbox 953 4775 1028 4832; x_wconf 81' lang='lat' dir='ltr'><strong>poeta</strong></span> <span class='ocrx_word' id='word_1_277' title='bbox 1043 4775 1140 4820; x_wconf 83' lang='lat' dir='ltr'><strong>noster.</strong></span> <span class='ocrx_word' id='word_1_278' title='bbox 1151 4770 1221 4819; x_wconf 82' lang='grc' dir='ltr'><strong>-Ε,</strong></span> <span class='ocrx_word' id='word_1_279' title='bbox 1238 4771 1312 4820; x_wconf 77' lang='lat' dir='ltr'><strong>Nunc</strong></span> <span class='ocrx_word' id='word_1_280' title='bbox 1327 4775 1414 4820; x_wconf 80' lang='lat' dir='ltr'><strong>autem</strong></span> <span class='ocrx_word' id='word_1_281' title='bbox 1431 4769 1522 4820; x_wconf 85' lang='lat' dir='ltr'><strong>doctor</strong></span> <span class='ocrx_word' id='word_1_282' title='bbox 1539 4773 1634 4819; x_wconf 82' lang='lat' dir='ltr'><strong>noster.</strong></span> 
     </span>
     <span class='ocr_line' id='line_1_35' title="bbox 640 4841 1658 4909; baseline -0.001 -17"><span class='ocrx_word' id='word_1_283' title='bbox 640 4845 669 4904; x_wconf 81' lang='lat'><strong>(⁸)</strong></span> <span class='ocrx_word' id='word_1_284' title='bbox 687 4843 717 4893; x_wconf 87' lang='lat' dir='ltr'><strong>E.</strong></span> <span class='ocrx_word' id='word_1_285' title='bbox 734 4841 958 4894; x_wconf 77' lang='lat' dir='ltr'><strong>christianissimus</strong></span> <span class='ocrx_word' id='word_1_286' title='bbox 975 4844 1085 4905; x_wconf 83' lang='lat' dir='ltr'><strong>ridetur,</strong></span> <span class='ocrx_word' id='word_1_287' title='bbox 1102 4847 1161 4909; x_wconf 83' lang='lat' dir='ltr'><strong>qula</strong></span> <span class='ocrx_word' id='word_1_288' title='bbox 1178 4845 1312 4897; x_wconf 79' lang='lat' dir='ltr'><strong>infernum</strong></span> <span class='ocrx_word' id='word_1_289' title='bbox 1329 4845 1458 4904; x_wconf 77' lang='lat' dir='ltr'><strong>describit,</strong></span> <span class='ocrx_word' id='word_1_290' title='bbox 1474 4845 1507 4894; x_wconf 80' lang='lat' dir='ltr'><strong>ab</strong></span> <span class='ocrx_word' id='word_1_291' title='bbox 1522 4844 1658 4894; x_wconf 82' lang='lat' dir='ltr'><strong>alterutro.</strong></span> 
     </span>
     <span class='ocr_line' id='line_1_36' title="bbox 644 4920 839 4980; baseline -0.005 -11"><span class='ocrx_word' id='word_1_292' title='bbox 644 4921 672 4980; x_wconf 79' lang='lat'><strong>(⁸)</strong></span> <span class='ocrx_word' id='word_1_293' title='bbox 689 4921 719 4970; x_wconf 86' lang='lat' dir='ltr'><strong>E.</strong></span> <span class='ocrx_word' id='word_1_294' title='bbox 736 4920 839 4970; x_wconf 74' lang='lat' dir='ltr'><strong>clarius.</strong></span> 
     </span>
    </p>
   </div>
   <div class='ocr_carea' id='block_1_5' title="bbox 0 0 2090 6546">
    <p class='ocr_par' dir='ltr' id='par_1_8' title="bbox 0 0 2090 6546">
     <span class='ocr_line' id='line_1_37' title="bbox 0 0 2090 6546; baseline 0 0"><span class='ocrx_word' id='word_1_295' title='bbox 0 0 2090 6546; x_wconf 95' lang='lat' dir='ltr'><strong> </strong></span> 
     </span>
    </p>
   </div>
  </div>
 </body>
</html>
