4154 6546
450 798 518 868 iii
845 803 1048 859 couanrun
1072 802 1222 856 vnrnnrvv

446 953 644 1030 revertitur
668 950 714 1024 ad
738 950 847 1023 aliam
875 956 1010 1022 etatem
1034 946 1275 1040 superiorem,
1293 952 1329 1019 et
1346 945 1397 1019 sic
1416 944 1497 1018 vide
1513 945 1613 1038 quod

447 1097 518 1150 non
544 1078 667 1147 servat
691 1077 836 1145 certum
861 1069 1040 1142 ordinem.
1067 1069 1110 1140 Et
1134 1066 1220 1140 dicit
1242 1067 1400 1140 abraam
1412 1069 1611 1157 patriarca.

446 1197 510 1269 iiic
535 1194 675 1288 primns
700 1190 808 1265 iidem
833 1188 945 1261 unius
969 1188 1035 1262 liei
1059 1187 1203 1282 publice
1229 1185 1447 1283 praedicavit,
1475 1192 1513 1260 et
1539 1185 1614 1279 pri·

447 1334 530 1387 mus
555 1309 869 1386 circumcisionem
895 1308 989 1382 fecit.
1007 1307 1142 1382 Habuit
1159 1308 1273 1380 filium
1292 1327 1339 1380 en
1357 1325 1475 1380 uxore
1492 1305 1614 1388 Sarra,

447 1434 581 1509 scilicet
606 1433 706 1505 isaac
720 1423 770 1524 (¹),
797 1449 841 1503 en
868 1449 943 1521 quo
970 1429 1044 1502 nati
1069 1435 1155 1501 sunt
1180 1427 1325 1520 liebrei,
1355 1434 1392 1501 et
1417 1447 1462 1500 en
1487 1427 1616 1500 ancilla

448 1555 546 1649 igar
570 1550 698 1626 babuit
722 1547 925 1639 ismaelem,
951 1569 998 1621 ex
1031 1568 1106 1639 quo
1141 1549 1214 1622 nati
1244 1555 1330 1621 sunt
1364 1548 1546 1621 Saraceni.
1573 1547 1617 1620 Et

448 1675 551 1749 dicit:
578 1694 596 1745 a
621 1673 740 1745 David
762 1691 811 1743 re.
838 1670 891 1744 lle
916 1669 984 1742 isto
1008 1689 1106 1762 saepe
1130 1669 1169 1742 lit
1195 1669 1331 1743 mentio
1359 1669 1394 1742 in
1421 1669 1489 1741 isto
1512 1669 1616 1761 libro,

448 1802 485 1867 et
511 1792 671 1866 maxime
697 1789 937 1863 comendatur
962 1789 1119 1882 capitulo
1145 1790 1211 1862 XX
1237 1789 1407 1863 Paradisi.
1427 1791 1470 1861 Et
1487 1789 1617 1862 ultimo

450 1913 612 1987 nominat
638 1930 814 2005 magnum
832 1908 1129 2001 patremfamilias
1144 1900 1181 1998 (²)
1207 1909 1352 1982 dicens:
1371 1912 1497 1998 israel,
1515 1909 1617 1997 idest,

448 2032 570 2124 iacob,
584 2037 621 2105 et
641 2030 901 2122 interpretatur
917 2030 1036 2101 11111111
1056 2033 1179 2118 Deam,
1196 2031 1315 2100 -col
1328 2031 1456 2120 padre,
1471 2027 1618 2119 scilicet,

449 2156 559 2243 isaac,
585 2172 604 2222 e
627 2152 682 2222 coi
696 2152 773 2222 saci
788 2152 875 2237 nati,
893 2148 994 2240 idest,
1013 2147 1102 2221 liliis.
1122 2148 1286 2221 Fuerunt
1303 2148 1401 2221 enim
1425 2148 1486 2219 llll
1504 2146 1563 2219 tilii
1579 2139 1615 2236 (³)

449 2272 560 2346 iacob
585 2291 632 2344 ex
658 2269 835 2343 uxoribus
851 2275 898 2343 et
922 2268 1070 2341 ancillis.
1093 2268 1146 2340 dd
1171 2268 1276 2341 cuius
1303 2268 1354 2341 rei
1373 2267 1617 2364 cognitionem

451 2400 506 2465 est
522 2390 710 2465 sciendum
727 2389 825 2482 quod
841 2389 964 2481 Jacob,
977 2395 1020 2460 ut
1036 2388 1179 2482 fugeret
1195 2388 1361 2462 furorem
1374 2389 1495 2462 fratris
1511 2388 1620 2479 Esau,

451 2533 563 2606 quem
590 2511 666 2606 ipse
683 2510 917 2582 fraudaverat
934 2507 1185 2583 benedictione
1203 2516 1241 2582 et
1261 2509 1489 2583 successione
1509 2508 1621 2603 patris

452 2635 508 2706 sui
539 2619 702 2733 isaac(⁴),
733 2629 797 2701 ivit
831 2629 866 2700 in
898 2628 1040 2722 Syriam
1076 2628 1122 2701 ad
1152 2629 1335 2702 civitatem
1366 2630 1488 2702 Karan
1505 2620 1542 2719 (5)
1575 2628 1621 2701 ad

452 2753 603 2826 domum
630 2750 752 2823 Laban
778 2748 900 2820 fratris
918 2748 1047 2820 matris
1064 2768 1142 2821 suae
1160 2749 1346 2840 Rebeccae,
1364 2748 1428 2841 qui
1447 2748 1568 2821 Laban
1583 2737 1619 2837 (⁶)

454 2871 610 2945 babebat
630 2869 721 2943 duas
742 2868 843 2960 illias,
863 2887 976 2940 unam
996 2866 1187 2958 maiorem,
1205 2868 1263 2941 cui
1283 2888 1418 2941 nomen
1435 2876 1515 2940 erat
1535 2869 1621 2962 Lya,

422 3062 424 3068 s
452 2995 607 3066 alteram
634 2989 813 3062 minorem
841 2987 900 3061 cui
926 3007 1061 3060 nomen
1087 2994 1167 3061 erat
1192 2989 1337 3062 Rachel.
1360 2988 1431 3062 Sed
1456 2989 1530 3083 Lya
1556 2989 1622 3061 ha-

453 3113 562 3185 bebat
587 3110 713 3183 oculos
739 3108 914 3203 iipientes,
940 3108 1074 3182 Racbci
1102 3128 1190 3182 vero
1219 3108 1392 3183 decoram
1418 3109 1560 3203 faciem,
1585 3116 1623 3181 et

453 3239 649 3307 venustum
676 3236 875 3324 aspectum.
902 3228 945 3301 Et
970 3235 1013 3301 ut
1041 3228 1202 3303 breviter
1234 3229 1364 3322 dicam,
1394 3230 1505 3304 Jacob
1535 3250 1623 3304 con-

454 3353 553 3427 venit
578 3373 662 3426 cum
690 3350 813 3424 Laban
829 3340 866 3440 (⁷)
893 3351 1077 3423 avunculo
1102 3370 1170 3422 suo
1194 3349 1240 3423 de
1269 3351 1505 3425 custodiendo
1535 3370 1623 3425 oves

454 3473 533 3543 eius
559 3491 625 3562 per
645 3469 874 3562 septennium
892 3490 959 3561 pro
976 3469 1143 3542 habenda
1163 3471 1320 3544 Rachele
1337 3471 1491 3563 minore,
1510 3492 1622 3564 quam

456 3589 559 3661 valde
584 3589 743 3660 amabat.
770 3587 926 3660 Servivit
951 3608 1040 3682 ergo
1058 3589 1117 3660 l'il
1135 3589 1249 3681 annis,
1268 3589 1330 3682 qui
1356 3591 1420 3663 visi
1447 3598 1532 3663 sunt
1557 3591 1622 3662 sibi

456 3707 561 3802 pauci
579 3706 655 3780 dies
675 3726 751 3801 prae
764 3697 802 3797 18)
822 3706 1070 3801 magnitudine
1087 3708 1233 3781 amoris.
1257 3709 1478 3783 adveniente
1498 3715 1622 3782 autom

456 3837 621 3921 tempore
648 3826 871 3920 nuptiarum,
890 3826 1012 3899 baban
1028 3817 1064 3917 (⁹)
1087 3827 1339 3901 fraudulenter
1365 3828 1553 3921 supposuit
1569 3821 1624 3918 (¹⁰)

456 3948 566 4021 filiam
594 3947 770 4020 maiorem
798 3948 923 4041 Lyam,
948 3967 1022 4040 qua
1040 3947 1184 4041 cognita
1201 3948 1313 4021 Jacob
1332 3954 1553 4040 conquestus
1570 3955 1625 4021 est

457 4088 585 4141 sincero
610 4067 657 4141 de
681 4067 821 4160 fraude,
840 4088 950 4158 quam
977 4067 1043 4140 sibi
1066 4068 1211 4142 fecerat.
1231 4068 1293 4142 llle
1309 4075 1433 4143 autem
1452 4089 1492 4143 se
1511 4088 1625 4142 excu-

456 4188 548 4262 savit
569 4180 672 4283 ipuod
696 4208 770 4261 non
796 4195 876 4261 erat
901 4188 1127 4262 consuetudo
1152 4188 1188 4262 in
1207 4189 1267 4262 iiio
1284 4191 1364 4263 ioco
1389 4195 1431 4262 ut
1457 4189 1539 4262 tiiiae
1556 4189 1626 4262 vni·

519 4476 546 4531 ³¹)
562 4474 592 4522 E.
609 4474 687 4533 isaac,
704 4488 735 4524 ex
752 4487 804 4537 quo
820 4476 873 4524 nati
888 4481 950 4524 sunt
965 4474 1097 4534 Snraccni3
1114 4481 1141 4526 et
1157 4477 1238 4526 David
1254 4490 1352 4540 repam.
1370 4477 1407 4527 lla
1424 4478 1481 4526 isio.

519 4548 545 4604 Ἀ)
563 4550 593 4597 Ε.
610 4550 825 4612 patremfamilias.
1153 4553 1179 4613 (⁸)
1197 4558 1251 4612 iit,
1269 4554 1322 4602 lilii.
1339 4553 1382 4602 nd
1399 4554 1474 4603 cuius
1489 4558 1538 4603 etc.

519 4623 546 4680 ι’)
564 4629 618 4682 lid,
635 4626 714 4685 isaac,
731 4626 763 4675 dc
780 4627 888 4677 consilio
905 4631 994 4679 matris
1010 4642 1064 4678 suae
1080 4629 1211 4682 Rebecca.
1229 4635 1255 4680 ct
1272 4630 1392 4680 1111111111
1409 4631 1488 4693 patris
1505 4630 1553 4687 sui,
1573 4629 1626 4677 1111.

520 4698 546 4754 1ζ’)
564 4703 617 4753 iio.
635 4699 730 4750 1111111.
1154 4706 1181 4765 (⁶)
1199 4706 1228 4755 E.
1246 4707 1372 4756 Labanus.

520 4772 546 4829 (ἵ)
563 4771 592 4819 Ε·
610 4771 721 4822 Ltbwo·
1155 4781 1181 4840 (⁸)
1197 4783 1222 4832 S.
1239 4797 1295 4846 pro.

525 4848 539 4873 '⁸
563 4847 592 4896 E.
609 4847 735 4898 stsnns.

510 4852 547 4983 (ξ’)
563 4922 588 4972 S.
605 4925 739 4985 supposuit
755 4926 843 4989 Lyanv.
853 4931 921 4979 —E.
939 4933 1023 4993 posuit
1033 4932 1113 4995 inam
1124 4934 1202 4984 1111111
1213 4949 1286 4986 susm
1297 4938 1421 4989 malorem
1434 4939 1459 4987 in
1476 4937 1552 4995 lecto,
1568 4950 1627 4999 qua.
