4154 6546
456 824 526 891 tae
846 830 1049 891 connnrunt
1073 834 1223 889 manant

453 988 583 1075 ratam,
609 981 672 1074 qui
689 980 855 1055 exercuit
872 980 1060 1074 piraticam
1085 981 1120 1052 in
1140 979 1243 1074 mari,
1261 980 1298 1053 in
1317 999 1391 1073 quo
1408 985 1513 1075 pater
1529 998 1623 1053 suus

452 1102 586 1196 piratas
617 1101 764 1194 vicerat,
795 1099 841 1173 de
872 1101 1005 1193 quibus
1037 1100 1217 1174 habuerat
1250 1100 1452 1195 gloriosum
1489 1100 1624 1172 trium-

451 1223 576 1316 phum.
604 1220 674 1294 Sed
700 1226 801 1294 certe
827 1220 948 1294 nescio
974 1219 1098 1294 videre
1123 1240 1191 1293 cur
1215 1219 1284 1292 iste
1308 1218 1440 1293 debeat
1464 1219 1624 1314 dicipu-

451 1340 648 1432 sittanimis,
662 1339 728 1412 nisi
753 1339 847 1413 forte
868 1340 953 1433 quia
975 1339 1102 1413 habuit
1119 1340 1303 1413 fortunam
1325 1345 1453 1412 contra
1470 1359 1526 1433 se3
1544 1339 1624 1413 imo

453 1460 597 1533 videtur
622 1460 732 1533 tuisse
761 1458 1028 1555 magnanimus,
1059 1459 1145 1552 quia
1170 1464 1320 1533 coactus
1344 1465 1399 1532 est
1425 1459 1546 1533 iacere
1575 1459 1624 1535 de

453 1580 666 1654 necessitate
693 1579 877 1652 virtutem.
896 1578 988 1666 Quid
1014 1579 1111 1652 enim
1133 1584 1276 1672 poterat
1292 1579 1414 1653 iacere
1430 1579 1562 1653 Sextus
1582 1572 1620 1671 (¹)

453 1701 547 1774 victo
573 1706 677 1794 patre
693 1705 731 1773 et
746 1699 886 1773 tratre?
903 1699 1076 1792 spotiatus
1100 1699 1236 1771 auxilio
1252 1704 1289 1773 et
1306 1699 1455 1772 oonsilio
1471 1690 1508 1790 (¹)
1526 1699 1622 1773 ami-

451 1825 608 1894 corum?
625 1825 803 1913 occupato
817 1818 964 1892 Oriente
980 1838 1046 1913 per
1063 1818 1271 1911 Antonium,
1289 1817 1484 1893 Occidente
1498 1809 1534 1910 (³)
1554 1838 1622 1913 per

450 1940 685 2035 Augustum?
710 1939 817 2013 Certe
841 1938 1000 2012 armavit
1024 1958 1064 2012 se
1089 1938 1222 2031 quibus
1248 1938 1365 2031 potuit
1389 1944 1516 2012 contra
1542 1938 1620 2011 Au-

450 2065 600 2156 gustum
621 2058 806 2132 haeredem
820 2057 982 2150 Caesaris,
1002 2065 1143 2132 etcum
1162 2057 1367 2130 molestavit
1387 2057 1564 2130 violenter
1581 2046 1619 2149 (⁸)

452 2199 569 2273 usque
594 2178 639 2252 ad
666 2186 835 2254 mortem.
849 2183 956 2250 -Et
978 2179 1016 2250 io
1038 2184 1166 2250 eterno.
1190 2176 1254 2251 Hic
1272 2177 1402 2251 ultimo
1421 2184 1531 2251 autor
1551 2197 1620 2251 no·

452 2300 564 2374 minat
588 2300 681 2372 duos
706 2300 854 2373 sicanios
879 2298 1038 2393 privatos
1063 2299 1126 2391 qui
1152 2299 1302 2372 inerunt
1322 2298 1450 2372 famosi
1476 2297 1621 2393 praedo-

452 2441 526 2513 nes‚
554 2440 713 2513 quorum
743 2427 900 2512 uterque
929 2424 1081 2492 vocatus
1114 2424 1170 2492 est
1200 2418 1402 2511 Rammius,
1429 2440 1526 2493 unus
1550 2402 1627 2493 suti
1654 2502 1659 2514 ,

449 2540 495 2613 de
520 2541 677 2613 Corneto
704 2540 842 2631 Castro,
860 2540 952 2613 alter
974 2538 1019 2612 de
1044 2538 1189 2612 civitate
1205 2538 1315 2612 Aretii
1333 2538 1378 2612 de
1395 2538 1496 2613 Vaiie
1516 2539 1631 2629 Annio

449 2659 540 2732 Dicit
565 2677 677 2753 ergo:
705 2664 742 2731 et
767 2659 824 2731 iiia
850 2658 970 2731 divina
996 2657 1142 2750 iustitia,
1164 2660 1202 2729 io
1226 2665 1344 2730 eterno
1369 2678 1507 2749 manoe,
1524 2658 1617 2733 idest

449 2778 630 2871 exhaurit,
656 2783 811 2852 evacuat
826 2768 874 2871 (5),
892 2780 923 2849 tc
948 2781 1095 2869 laqmmc
1119 2781 1191 2869 cte,
1208 2778 1300 2852 idest
1322 2800 1425 2872 quae,
1443 2782 1615 2872 desero,

448 2897 539 2972 idest
563 2898 691 2992 aperit,
715 2901 772 2970 cot
794 2898 937 2988 bettore,
960 2897 1045 2991 quia
1071 2898 1127 2969 isti
1154 2918 1200 2971 ex
1217 2898 1343 2973 dolore
1360 2898 1511 2972 bultoris
1527 2920 1617 2973 eon·

451 3019 552 3092 tinoo
577 3025 663 3091 sunt
687 3019 723 3089 in
749 3019 894 3111 planctu
921 3024 959 3091 et
982 3018 1151 3110 lacrimis,
1170 3038 1193 3088 a
1210 3021 1343 3091 Roincr
1364 3021 1414 3091 du
1442 3023 1616 3112 corrrcto5

450 3141 518 3214 iste
542 3139 724 3234 praedatus
748 3139 814 3210 suit
840 3138 998 3211 Stratum
1026 3140 1241 3232 Romanam,
1274 3160 1292 3211 e
1317 3142 1449 3212 Ratocr
1471 3160 1590 3232 puzzo
1599 3165 1615 3232 ‚-

450 3261 517 3335 iste
541 3260 724 3355 praedatus
741 3259 808 3331 suit
825 3259 983 3332 Stratam
997 3259 1147 3331 Tusciae.
1169 3259 1305 3333 Deinde
1324 3259 1399 3332 tinit
1417 3266 1614 3334 tractatum

446 3380 574 3475 primae
599 3377 791 3471 violentia,
809 3384 846 3452 et
862 3379 998 3452 ctaudit
1014 3378 1213 3472 capitutum
1232 3379 1372 3453 dicens:
1391 3380 1451 3453 itte
1468 3381 1613 3473 Nessus,

446 3523 482 3574 se
507 3503 634 3573 riootsc
656 3502 728 3591 pot,
755 3497 846 3572 idest
871 3499 1000 3573 redivit
1025 3499 1070 3572 ad
1096 3499 1191 3573 viam
1211 3521 1328 3593 suam,
1346 3521 1365 3571 e
1381 3503 1570 3592 mpossossi
1589 3503 1616 3572 't

445 3641 599 3712 yuuzzo,
625 3618 715 3692 idest
741 3609 997 3709 retransivit(⁶)
1023 3618 1187 3692 tiuvium.
1227 3654 1230 3659 ·

507 3874 535 3938 (¹)
552 3875 582 3923 1³„
599 3875 691 3925 Sextus
707 3875 775 3934 boni,
793 3876 868 3924 ricto.
1134 3876 1162 3939 (¹)
1179 3877 1205 3927 S.
1222 3889 1237 3925 o
1254 3877 1284 3926 E.
1299 3876 1407 3927 consilio
1423 3883 1587 3929 cunctorum.

506 3951 533 4013 (¹)
550 3953 581 4002 E.
598 3952 736 4001 Occidente
752 3965 814 4002 vcro
832 3966 885 4015 per.
1134 3952 1160 4015 (⁸)
1178 3954 1208 4003 R
1225 3954 1348 4003 valenter.

506 4028 533 4089 (¹)
551 4029 582 4078 E.
598 4035 624 4079 et
640 4035 755 4079 evacuat
1136 4029 1162 4092 (⁸)
1179 4030 1206 4081 S.
1222 4043 1237 4080 e
1255 4030 1285 4079 E.
1303 4029 1426 4080 transivit.
