4154 6546
460 782 530 851 582
856 794 1058 849 couunruu
1083 793 1237 847 mrumu

458 942 585 1016 matim
612 947 666 1015 est
691 941 779 1014 ista:
797 942 937 1014 Pbeton
955 939 1049 1013 lilius
1075 937 1159 1012 solis
1183 957 1269 1011 cum
1297 956 1433 1031 magna
1458 933 1625 1008 instantia

456 1083 608 1157 precum
634 1060 760 1156 petivit
784 1082 806 1133 a
832 1061 935 1153 patre
970 1064 1011 1132 ut
1036 1058 1266 1154 permitteret
1298 1055 1364 1129 sibi
1398 1075 1508 1127 suum
1540 1075 1627 1129 cur-

457 1205 539 1258 rum
568 1181 769 1278 regendum
796 1202 861 1275 per
886 1180 982 1254 diem
1008 1185 1170 1255 tantum:
1189 1198 1301 1271 quem
1321 1175 1466 1250 tandem
1484 1167 1519 1267 (¹)
1538 1196 1628 1249 con·

455 1323 598 1378 cessum
626 1301 776 1375 nescivit
801 1300 895 1375 bene
919 1302 1149 1397 gubernare;
1168 1298 1265 1372 unde
1288 1319 1421 1373 currus
1446 1298 1627 1373 excedens

456 1425 587 1499 limites
612 1444 698 1498 suos
724 1429 838 1496 totam
864 1429 1002 1496 terram
1029 1420 1217 1496 cremavit.
1244 1420 1305 1494 Est
1334 1418 1487 1493 ulterius
1512 1417 1627 1492 subti-

456 1546 537 1622 liter
562 1543 840 1637 advertendum,
861 1543 961 1636 quod
978 1544 1048 1618 sub
1072 1543 1326 1638 integumento
1355 1540 1466 1613 huius
1491 1539 1626 1614 iabulae

454 1665 661 1739 continetur
687 1683 747 1737 res
772 1663 947 1748 naturalis
973 1668 1011 1737 et
1038 1683 1135 1737 vera.
1161 1661 1336 1736 Naturale
1361 1660 1459 1734 enim
1486 1666 1541 1734 est
1567 1680 1627 1734 se-

454 1785 616 1859 cundum
643 1785 912 1879 Philosophum,
930 1785 1028 1877 quod
1050 1782 1246 1877 aliquando
1268 1782 1331 1857 fiat
1347 1782 1539 1876 diluvium,
1558 1782 1626 1856 ali·

454 1904 601 1998 quando
615 1904 834 1978 incendium.
849 1905 987 1978 Pbeton
1002 1924 1103 1999 ergo,
1117 1903 1181 1996 qui
1198 1902 1329 1977 dicitur
1347 1901 1442 1976 tilius
1459 1903 1556 1995 solis,
1570 1909 1625 1983 est

453 2025 553 2097 calor
585 2023 648 2116 qui
679 2028 880 2118 generatur
911 2043 933 2096 a
963 2023 1050 2116 sole,
1082 2022 1145 2116 qui
1180 2020 1339 2115 quodam
1375 2027 1543 2115 tempore
1574 2022 1623 2096 ita

453 2143 615 2216 excrevit
641 2149 677 2215 et
702 2142 856 2217 excessit
882 2142 1034 2215 modum
1051 2142 1198 2216 solitum
1217 2141 1315 2235 quod
1333 2142 1471 2216 exussit
1489 2142 1624 2216 multas

454 2270 584 2356 terras,
611 2262 705 2336 sicut
730 2261 879 2356 exponit
904 2264 1056 2358 Magnus
1076 2262 1246 2336 tilbertus
1266 2261 1302 2335 in
1325 2262 1448 2335 multis
1465 2262 1565 2336 libris
1587 2269 1630 2337 et·

344 2407 349 2419 ·
453 2383 551 2456 locis.
579 2384 717 2456 Pheton
742 2389 868 2456 autem
903 2383 1035 2458 cadens
1067 2383 1149 2458 ideo
1178 2383 1327 2480 lingitur
1361 2383 1561 2458 suffocatus
1586 2384 1623 2458 in

453 2502 605 2595 Padum,
631 2502 718 2594 quia
744 2502 906 2577 maxime
931 2502 968 2575 in
994 2502 1094 2577 ltalia
1118 2502 1243 2577 omnia
1272 2501 1422 2577 llumina
1448 2509 1485 2578 et
1516 2524 1624 2598 aquae

452 2630 633 2697 aruerunt
657 2629 791 2717 praeter
815 2623 968 2716 Padurn,
994 2624 1043 2697 ita
1069 2624 1168 2716 quod
1193 2624 1346 2698 extinxit
1369 2624 1509 2698 calores
1525 2624 1624 2718 solis,

451 2743 537 2836 quia
555 2743 653 2817 solus
679 2743 747 2816 luit
771 2743 956 2818 sufficiens
975 2744 1022 2817 ad
1044 2744 1284 2818 resistendum
1306 2745 1439 2837 calori3
1458 2745 1538 2820 ideo
1556 2747 1623 2820 ha-

451 2863 530 2936 buit
546 2883 671 2956 aquas
695 2882 803 2957 pares
828 2864 972 2959 ignibus
997 2864 1188 2958 solaribus,
1207 2872 1248 2938 ut
1268 2865 1352 2940 dicit
1369 2868 1550 2940 Lucanus.
1570 2866 1622 2940 Ad

450 2983 733 3057 declarationem
752 2983 920 3058 secundae
938 2984 1220 3078 comparationis
1236 2992 1291 3060 est
1309 2987 1509 3079 sciendum,
1525 2987 1624 3079 quod

450 3103 618 3196 bodalus,
640 3102 733 3176 sicut
750 3103 873 3177 scribit
899 3105 1069 3199 Virgilius
1091 3111 1195 3179 sexto
1220 3105 1375 3180 Eneidos
1400 3107 1497 3180 circa
1523 3106 1626 3201 prin·

451 3224 599 3317 cipium,
619 3222 762 3318 iugiem
787 3223 833 3297 de
860 3224 1032 3299 Cretaab
1055 3225 1109 3299 ira
1126 3224 1263 3319 Minois,
1281 3226 1386 3299 cuius
1407 3225 1625 3322 indignatio-

450 3363 536 3418 nem
576 3343 783 3417 incurrerat
799 3335 835 3435 (ἵ)
872 3344 958 3437 quia
997 3344 1220 3438 perduxerat
1254 3345 1431 3440 Pasiphen
1466 3366 1621 3420 uxorem

450 3485 555 3537 suam
582 3463 629 3537 ad
655 3470 818 3557 taurum,
837 3463 1004 3558 apposuit
1029 3465 1095 3538 sibi
1109 3455 1147 3556 (³)
1165 3470 1201 3540 et
1227 3467 1329 3539 lcaro
1354 3465 1428 3540 filio
1453 3488 1521 3540 suo
1546 3466 1623 3541 alas

449 3590 604 3676 ceratas,
632 3583 809 3656 mandans
835 3582 907 3657 lilio
934 3604 981 3657 ne
1007 3585 1148 3659 volaret
1179 3584 1285 3659 nimis
1314 3586 1387 3660 alte
1416 3606 1484 3661 uec
1515 3586 1622 3660 nimis

449 3705 566 3798 basse,
585 3703 648 3776 sed
669 3709 811 3778 teneret
837 3703 1010 3778 medium.
1034 3706 1097 3778 lllc
1122 3725 1211 3780 vero
1230 3685 1407 3800 impulsus
1423 3709 1545 3781 calore
1558 3708 1623 3803 ju·

450 3824 557 3899 renili
590 3830 716 3918 petens
745 3825 817 3897 alta
852 3844 989 3919 pennas
1022 3824 1177 3919 perdidit
1205 3834 1242 3900 et
1272 3827 1471 3902 suffocatus
1505 3827 1620 3901 estin

450 3945 553 4019 mari.
581 3944 693 4018 Cuius
718 3944 771 4018 rei
799 3944 934 4018 veritas
954 3944 1032 4038 luit,
1051 3946 1150 4038 quod
1176 3947 1333 4020 Dedalus
1358 3968 1443 4021 cum
1469 3948 1535 4021 alis
1560 3969 1622 4023 ce-

450 4065 549 4158 ratis,
582 4065 673 4140 idest
689 4053 724 4155 (⁸)
762 4064 916 4138 navibus
948 4065 1108 4160 piceatiS,
1135 4067 1284 4142 recessit
1309 4066 1355 4141 de
1381 4069 1508 4161 Creta3
1535 4090 1620 4143 nam

447 4185 550 4259 navis
575 4192 631 4258 est
656 4190 757 4258 recte
781 4185 859 4259 avis
890 4185 1009 4281 lignea
1043 4207 1127 4281 quae
1165 4189 1275 4262 habet
1313 4189 1394 4263 vela
1430 4196 1621 4282 tamquam

447 4307 535 4399 alas,
563 4311 600 4378 et
626 4304 733 4378 babet
759 4325 882 4379 remos
903 4313 1092 4400 tamquam
1116 4308 1236 4402 pedes.
1255 4308 1327 4383 Sed
1347 4309 1539 4384 filiuseius
1557 4309 1621 4402 qui

447 4426 604 4517 volabat,
630 4423 722 4498 idest
747 4425 915 4500 celeriter
941 4426 1137 4522 navigabat
1158 4428 1194 4500 in
1211 4428 1280 4503 alia
1299 4430 1383 4504 navi
1406 4430 1620 4504 recedensa

447 4552 561 4640 patre,
576 4552 613 4619 et
625 4552 753 4639 petens
769 4544 884 4619 altum
903 4547 1075 4642 pelagum
1093 4549 1264 4622 absortus
1287 4556 1341 4625 est
1358 4571 1381 4624 a
1398 4551 1503 4625 mari.
1523 4551 1620 4625 Allo·

449 4665 573 4761 gorice
598 4665 766 4758 Dcdalus,
793 4665 856 4758 qui
883 4666 951 4739 tuit
976 4666 1032 4741 vir
1057 4666 1278 4764 ingeniosus,
1305 4676 1361 4743 est
1385 4671 1504 4743 omnis
1529 4692 1619 4765 pru-

510 4839 538 4900 i')
553 4838 578 4888 S·
597 4844 690 4889 unnim·
1116 4841 1143 4905 (¹)
1159 4843 1190 4893 E.
1209 4843 1368 4895 incitaverat.

510 4913 583 4978 ΟΕ.
600 4915 756 4978 obtineo
1118 4921 1192 4984 tos
1209 4921 1274 4972 usn
1290 4922 1535 4987 marsupiorum
