4154 6546
449 780 521 845 512
840 791 1042 847 COMENTUM
1068 792 1220 845 lNFERNl

448 934 542 1008 sicut
578 934 749 1007 scribitur
781 934 816 1008 in
851 933 1001 1008 historia
1035 932 1129 1009 beati
1163 934 1310 1008 Romuli
1344 956 1456 1029 quem
1493 937 1625 1012 Petrus

448 1053 546 1126 misit
570 1052 616 1126 ad
642 1053 914 1147 predicandum
939 1054 1110 1146 Faesulas,
1136 1052 1300 1127 laesulani
1322 1062 1430 1129 erant
1456 1056 1623 1132 homines

448 1171 614 1266 maligni3
639 1172 702 1246 sed
720 1172 905 1247 destructa
931 1172 1077 1247 civitate
1093 1173 1322 1247 Faesulamm
1343 1193 1410 1269 per
1432 1195 1619 1271 romanos,

447 1310 494 1364 ex
520 1291 580 1364 illo
605 1293 740 1385 populo
766 1298 802 1364 et
829 1291 1048 1386 quibusdam
1074 1294 1237 1366 romanis
1252 1287 1289 1384 (“)
1315 1294 1442 1368 civitas
1472 1294 1626 1371 Floren-

448 1411 506 1483 tiae
532 1410 625 1485 lacta
651 1419 716 1486 est.
743 1412 827 1486 ldeo
842 1391 933 1485 'vult
957 1410 1080 1486 dicere
1104 1418 1213 1485 autor
1234 1411 1339 1505 ¹quod
1364 1414 1545 1488 florentini
1568 1423 1625 1490 te-

426 1535 535 1604 ·nent
559 1531 679 1604 adhuc
705 1551 828 1604 mores
853 1551 1008 1603 suorum
1032 1530 1285 1624 antiquorum,
1317 1539 1355 1605 et
1380 1532 1521 1607 utinam
1548 1553 1622 1609 nou

447 1651 606 1744 peiorem
640 1656 677 1723 et
708 1669 794 1724 ecce
825 1650 986 1724 declarat
1019 1669 1059 1724 se
1091 1648 1236 1725 dicens:
1270 1672 1288 1723 e
1320 1659 1394 1724 terae
1424 1672 1536 1725 ancer
1567 1656 1628 1728 det

447 1778 561 1843 movete
585 1792 604 1842 e
628 1772 686 1843 dat
708 1773 882 1861 mortam,
908 1768 999 1843 idest
1024 1769 1070 1843 de
1095 1768 1190 1843 duro
1216 1789 1325 1844 saxu:
1352 1777 1390 1844 et
1414 1771 1496 1846 vide
1522 1773 1624 1867 quod

447 1892 517 1964 hoc
543 1896 598 1964 est
623 1909 756 1964 verum
783 1887 941 1981 realiter,
969 1888 1055 1982 quia
1080 1888 1262 1962 Florentia
1293 1890 1390 1964 ultra
1415 1890 1558 1965 Arnum
1584 1892 1622 1965 iu

448 2010 680 2084 extremitate
694 2000 731 2100 (²)
768 2015 877 2082 terrae
908 2013 1008 2082 tenet
1041 2014 1183 2103 partem
1218 2008 1264 2083 de
1289 2016 1416 2083 monte
1440 2017 1479 2084 et
1507 2032 1622 2107 saxo;

448 2129 510 2204 sed
543 2129 737 2224 allegorice
768 2129 847 2201 vult
877 2128 999 2202 dicere
1030 2127 1128 2220 quod
1158 2128 1340 2202 Florentia
1372 2136 1472 2203 tenet
1503 2130 1625 2208 adhuc

447 2249 493 2324 de
527 2248 672 2343 duritie,
701 2247 866 2340 audacia,
896 2247 1093 2344 sagacitate
1125 2255 1163 2322 et
1199 2249 1396 2342 rapacitate
1427 2257 1621 2346 montana3

447 2369 546 2442 unde
571 2369 738 2442 videmus
770 2368 868 2462 quod
894 2368 1100 2442 comuniter
1121 2368 1177 2441 isti
1203 2368 1366 2442 montani
1391 2376 1479 2442 sunt
1505 2371 1623 2468 magis

447 2487 606 2562 audaces
633 2496 669 2561 et
694 2488 848 2562 animosi
874 2494 912 2560 et
936 2487 1085 2560 subtiles
1108 2507 1221 2580 quam
1238 2488 1429 2581 palustres,
1449 2489 1536 2580 quia
1553 2490 1621 2565 ha·

446 2607 534 2681 bent
558 2628 683 2680 aerem
705 2607 943 2698 subtiliorem,
961 2607 1060 2679 unde
1085 2613 1170 2678 sunt
1195 2606 1331 2680 similes
1355 2607 1448 2679 ursis
1465 2615 1502 2681 et
1518 2609 1618 2702 apris

448 2728 540 2819 suis;
566 2727 745 2820 palustres
762 2746 851 2799 vero
868 2726 1003 2800 habent
1020 2724 1236 2820 sanguinem
1256 2725 1420 2819 piscium,
1440 2745 1622 2801 ranarum

448 2852 486 2921 et
505 2847 685 2919 bissarum
703 2837 751 2936 (³).
778 2845 964 2941 blacignus
981 2865 1072 2940 ergo
1089 2850 1144 2918 est
1161 2845 1250 2939 lapis
1270 2844 1411 2938 lividus,
1426 2845 1563 2940 aridus,
1584 2852 1623 2921 et

448 2965 583 3062 figurat
596 2965 779 3058 invidiam,
792 2964 885 3038 sicut
902 2963 1071 3044 scribitur
1084 2963 1291 3059 Purgatorii
1309 2964 1469 3058 capitulo
1483 2966 1620 3039 llVllll.

446 3087 538 3160 Dicit
564 3105 673 3180 ergo:
693 3087 717 3156 o·
731 3087 763 3156 st
783 3074 871 3176 sard
893 3105 959 3176 per
985 3089 1041 3155 tuo
1067 3085 1131 3155 ben
1144 3087 1208 3175 sar
1228 3085 1372 3174 nemico,
1391 3089 1428 3157 et
1450 3083 1501 3158 sic
1525 3083 1623 3158 reci·

447 3205 523 3300 pies
548 3224 614 3298 pro
639 3202 816 3278 benelicio
841 3202 1078 3297 supplicium,
1097 3203 1165 3275 hoc
1185 3208 1311 3275 autem
1333 3203 1623 3298 tangiturpleue

448 3323 607 3398 Paradisi
625 3323 783 3418 capitulo
800 3321 918 3393 llVlll.
938 3322 982 3393 Et
998 3320 1118 3394 subdit
1138 3322 1348 3415 Brunettus,
1363 3320 1462 3414 quod
1480 3322 1549 3396 hoc
1566 3328 1623 3396 est

447 3442 669 3518 conveniens
693 3462 759 3536 per
772 3428 809 3532 (⁸)
834 3441 1000 3535 pulcram
1026 3439 1311 3534 similitudinem,
1328 3439 1416 3534 quia
1434 3461 1505 3515 non
1526 3441 1622 3517 bene

447 3561 617 3638 convenit
641 3560 740 3653 quod
764 3560 854 3633 licus
868 3551 904 3650 (⁶)
924 3560 1036 3633 arbor
1054 3559 1187 3634 taciens
1204 3559 1350 3634 dulcem
1368 3559 1531 3633 fructum
1550 3565 1620 3634 stet

448 3683 542 3756 inter
573 3681 700 3754 sorbas
726 3680 898 3754 iacientes
922 3679 1085 3752 fructum
1119 3678 1306 3752 acerbum.
1333 3677 1426 3752 Dicit
1451 3698 1560 3775 ergo:
1586 3686 1622 3752 ct

447 3797 484 3875 ab
514 3822 638 3890 reson,
671 3799 762 3873 idest
788 3799 1003 3873 rationabile
1028 3804 1066 3871 et
1085 3797 1162 3892 juri
1189 3801 1405 3892 consonum,
1434 3801 1505 3889 cte,
1532 3798 1624 3872 idest

447 3921 545 4016 quia,
571 3924 610 3992 at
639 3921 737 3991 dolce
759 3920 829 4009 fico
853 3939 891 3989 se
915 3920 1100 3991 discoum
1123 3920 1270 4010 better,
1303 3917 1393 3992 idest
1407 3907 1445 4008 (⁶)
1469 3916 1622 3992 dedecet

448 4040 678 4131 fructificare,
705 4044 763 4109 tra
786 4039 812 4108 ti
834 4037 932 4109 sorti
956 4039 1063 4127 lazzi,
1090 4035 1182 4110 idest
1208 4035 1386 4130 succidas,
1405 4037 1622 4132 lappam.-

455 4163 605 4234 Veccltia.
639 4158 703 4232 Hic
728 4158 927 4231 Brunettus
951 4156 1144 4231 confirmat
1169 4155 1268 4250 quod
1293 4154 1382 4228 dixit
1409 4176 1476 4250 per
1501 4150 1646 4230 unuml

447 4278 686 4376 proverbium
710 4276 914 4370 antiquum,
937 4274 1036 4368 quod
1052 4273 1185 4348 dicitur
1211 4274 1248 4346 in
1274 4274 1404 4349 Tuscia
1424 4274 1461 4348 in
1478 4274 1619 4373 impro-

447 4401 590 4496 perium
618 4397 908 4490 florentinorum,
936 4395 1022 4489 quia
1039 4395 1175 4469 scilicet
1192 4393 1421 4489 appellantur
1437 4396 1620 4471 llorentini

447 4521 548 4594 ooeci.
576 4519 646 4593 Sed
671 4518 717 4591 ad
743 4516 1016 4612 intelligentiam
1042 4515 1145 4588 istius
1162 4503 1198 4607 (⁷)
1227 4513 1311 4589 lacti
1337 4523 1393 4590 est
1417 4516 1620 4612 sciendum,

509 4747 536 4809 (“)
551 4746 582 4796 Β.
599 4748 712 4796 romanis
727 4745 824 4796 clrlbus
839 4745 937 4796 claim.
1024 4740 1053 4808 (¹)
1069 4743 1099 4795 ll.
1115 4744 1141 4793 ln
1157 4743 1319 4794 extramitatc
1335 4747 1416 4795 uma

508 4821 535 4883 (¹)
552 4827 606 4882 lto,
624 4824 772 4874 bestiarum.
1023 4819 1052 4884 (¹)
1066 4820 1096 4869 lt
1115 4824 1222 4883 propter
1237 4821 1365 4883 pulcram.

509 4900 538 4963 (⁸)
555 4904 608 4960 tlt,
626 4900 690 4950 llcur
705 4899 811 4950 luobus.
1029 4897 1059 4961 (·)
1077 4901 1133 4958 lto,
1150 4896 1216 4946 idest
1231 4909 1283 4947 nou
1300 4895 1384 4948 decet.
1450 4894 1477 4959 (¹)
1492 4894 1524 4946 B.
1537 4894 1624 4946 him.
