4154 6546
872 732 1010 786 caurus
1035 734 1201 788 runrrus.
1554 726 1622 795 127

448 887 578 978 portus
603 878 667 953 uhi
691 876 892 971 quieseant,
912 898 982 968 per
1011 881 1106 951 altro
1136 881 1209 971 oia,
1228 898 1297 970 per
1325 883 1410 953 um
1431 885 1531 971 porti
1556 903 1623 973 per

446 1020 611 1095 passure,
636 996 772 1071 scilieet
796 994 833 1068 in
857 995 1057 1090 lulernum,
1074 1017 1147 1071 oon
1171 1001 1242 1088 qu,
1260 999 1388 1092 supple
1413 993 1623 1094 veniensl¹),

449 1118 535 1215 quia
560 1136 634 1191 oon
661 1114 828 1189 transibis
853 1133 919 1207 per
944 1135 1091 1208 navem,
1114 1110 1238 1206 poene*
1260 1120 1337 1190 vide
1362 1120 1460 1190 clt'io
1481 1139 1553 1190 nora
1570 1140 1625 1191 ore

448 1239 582 1332 portio,
608 1235 696 1328 quia
725 1233 874 1307 omnino
905 1232 1136 1308 intendebam
1172 1235 1338 1311 transire
1371 1236 1416 1309 El
1451 1236 1502 1311 sic
1537 1245 1624 1315 nota

449 1356 509 1430 hio
533 1353 633 1449 qnod
657 1353 792 1427 Dentes
818 1372 1008 1445 nunquam
1031 1353 1197 1427 transivit
1212 1353 1456 1429 Acherontem
1475 1375 1542 1449 per
1557 1377 1625 1431 ua-

452 1494 537 1549 vem
570 1470 755 1547 Charonis.
788 1469 980 1556 Quomodo
1012 1476 1138 1544 nutem
1173 1470 1392 1565 transiverit,
1423 1472 1565 1548 dicetur
1585 1465 1622 1564 (²)

451 1591 561 1688 paulo
585 1595 675 1684 post
701 1587 786 1663 ldeo
810 1587 906 1662 bene
929 1587 1037 1663 dicit:
1060 1585 1123 1679 phi
1140 1592 1223 1662 liene
1243 1594 1343 1679 lepre
1363 1612 1494 1665 conoeo
1517 1595 1624 1667 cleu

448 1713 557 1804 porti,
580 1708 716 1783 scilieet
740 1727 843 1783 mens
870 1712 944 1800 tua,
971 1729 1055 1801 quae
1080 1714 1135 1781 est
1160 1708 1353 1803 levissima,
1378 1730 1464 1785 nam
1490 1712 1623 1787 Dantes

451 1829 599 1905 intravit
624 1827 842 1919 mentaliter,
867 1847 941 1900 non
965 1827 1204 1920 corporaliter
1218 1818 1255 1918 (³)
1281 1828 1318 1901 in
1340 1829 1540 1905 internum.
1559 1835 1626 1907 E'l

450 1950 551 2025 duco
582 1948 647 2021 llio
678 1953 788 2021 autor
821 1945 923 2040 ponit
957 1946 1228 2040 responsionem
1263 1947 1398 2044 Virgilii
1431 1949 1477 2023 ad
1509 1950 1622 2027 verbu

394 2060 398 2068 '
450 2065 625 2143 Charonis
650 2065 795 2140 dicens:
827 2067 888 2138 e'l
915 2066 1007 2137 duco
1037 2085 1062 2137 a
1092 2068 1152 2154 lut,
1182 2065 1318 2140 scilicet
1346 2066 1515 2163 Virgilius
1544 2067 1622 2147 dux

451 2207 556 2263 meus
581 2184 766 2280 respondit
790 2183 879 2257 sihi:
906 2205 929 2257 o
957 2186 1110 2279 Cimon,
1136 2206 1207 2257 nors
1232 2192 1263 2257 te
1287 2190 1458 2278 meuse,
1478 2188 1569 2263 idest
1582 2178 1620 2280 (ἢ

450 2305 522 2381 noli
547 2302 750 2399 indignari,
776 2308 813 2377 et
837 2321 925 2398 ecoe
953 2322 1072 2395 qnare
1106 2323 1179 2376 uon
1210 2303 1320 2378 debes
1350 2305 1510 2399 alterari,
1535 2307 1622 2400 qtsia

450 2426 537 2499 oolei
559 2415 632 2495 eost
656 2410 735 2495 oold
759 2424 847 2494 dove
870 2422 903 2493 si
920 2427 1026 2511 ponte
1056 2413 1110 2493 eid
1138 2423 1199 2493 che
1230 2425 1262 2495 si
1290 2426 1400 2513 vuele,
1425 2425 1560 2501 scilieet
1585 2426 1622 2500 in

448 2543 527 2621 eolo
540 2533 591 2636 (⁶),
609 2540 695 2637 quia
713 2539 812 2615 Deus
828 2538 1001 2633 quiequid
1019 2540 1098 2615 vult
1113 2547 1244 2635 potest,
1261 2542 1364 2635 quasi
1382 2543 1478 2619 dicat
1493 2544 1619 2619 datum

449 2668 504 2739 ost
522 2661 680 2755 desuper
698 2658 799 2754 quod
816 2658 884 2733 iste
902 2659 1027 2733 vivens
1045 2660 1166 2757 veniat
1184 2660 1231 2735 ad
1248 2661 1435 2737 lnleruum
1453 2683 1519 2757 per
1534 2686 1623 2761 gre-

449 2780 548 2874 tiam,
574 2786 616 2854 ut
639 2784 904 2875 preostensum
930 2785 985 2853 est
1004 2779 1040 2852 in
1063 2781 1271 2873 precedenti
1292 2783 1460 2877 capitulo.
1488 2787 1618 2872 emus

450 2897 515 2975 llic
530 2897 629 2992 ponit
648 2897 821 2973 ellectum
838 2897 1081 2991 responsionis
1100 2898 1246 2994 Virgilii,
1261 2901 1347 2994 quis
1365 2902 1500 2977 scilieet
1516 2903 1622 2997 quie·

450 3023 525 3095 tata
548 3005 653 3107 estl⁶l
680 3016 747 3111 ira,
767 3036 886 3111 ¹quam
911 3016 1055 3091 Charon
1081 3018 1295 3092 ostendebat
1329 3019 1365 3093 in
1396 3019 1497 3095 laeie.
1528 3022 1621 3097 llicit

450 3155 563 3231 orgo:
589 3137 717 3226 ᾳαίιιά,
740 3134 876 3211 scilieet
900 3155 947 3208 eu
973 3134 1094 3210 verbis
1119 3135 1267 3230 Virgilii,
1282 3139 1368 3228 faor
1389 3145 1485 3228 quote
1508 3142 1540 3212 le
1564 3141 1621 3213 lu·

449 3274 533 3329 aoso
554 3260 648 3345 pote,
671 3252 805 3329 scilieet
823 3253 1003 3347 barbalae,
1028 3273 1141 3346 cente,
1168 3257 1207 3326 ol
1228 3257 1368 3327 mollier
1394 3256 1487 3329 delta
1511 3258 1620 3331 livido

446 3373 588 3465 polede,
604 3370 740 3447 scilieet
755 3371 924 3465 Charoni,
942 3371 1005 3466 qui
1023 3378 1245 3466 transportat
1260 3373 1403 3448 animas
1419 3393 1485 3467 per
1502 3374 1619 3451 hehe-

449 3498 605 3586 roolem,
630 3491 736 3567 ouius
764 3512 862 3584 equa
895 3497 951 3567 est
982 3490 1100 3567 livida.
1127 3492 1192 3567 Vel
1222 3493 1296 3569 hoe
1324 3492 1421 3587 dicit,
1451 3494 1537 3587 quia
1571 3514 1618 3571 ex

447 3611 651 3689 temronte
675 3611 839 3685 nascitur
862 3610 970 3686 livida
999 3611 1103 3706 palus
1134 3611 1271 3708 Stygia,
1296 3611 1342 3687 de
1372 3634 1445 3706 qua
1477 3613 1618 3692 dioetnr

447 3719 604 3829 plonoU)
628 3729 790 3824 laeuus,
815 3729 867 3805 ita
892 3729 991 3823 quod
1015 3730 1083 3806 iste
1116 3731 1249 3805 lluvius
1282 3753 1437 3828 magnus
1467 3732 1620 3808 inundet

448 3856 487 3926 et
508 3847 641 3925 emittit
670 3869 719 3924 ex
749 3868 789 3923 se
818 3868 992 3944 magnam
1027 3849 1209 3944 paludem,
1239 3850 1334 3925 sient
1367 3851 1504 3929 taeinnt
1531 3872 1619 3946 sepe

450 3974 573 4043 nostra
597 3965 748 4041 llnminn
773 3972 931 4042 terrena.
966 3967 1011 4043 Et
1042 3967 1149 4045 dicit:
1178 3971 1238 4041 cte
1253 3971 1393 4045 'nomm
1422 3973 1497 4061 aue
1524 3974 1620 4049 emti

450 4108 539 4163 aoso
560 4088 600 4161 di
618 4087 760 4178 fimnme
782 4091 873 4176 rote,
897 4085 1033 4161 seilicet
1057 4086 1224 4163 dammas
1242 4088 1556 4184 concupiscentiae,
1577 4097 1619 4169 vt

449 4204 587 4281 dietum
610 4211 666 4281 est
689 4225 825 4299 supra3
850 4205 909 4281 vel
934 4206 1100 4281 dammas
1125 4206 1201 4300 irre,
1223 4209 1311 4301 quia
1337 4216 1418 4284 erat
1442 4231 1618 4287 aooensvs

508 4445 538 4509 (¹)
551 4446 584 4498 R
600 4460 615 4498 s
632 4451 687 4506 11⁸,
704 4447 800 4498 venies.
1045 4446 1073 4511 (¹)
1088 4448 1115 4499 S.
1132 4449 1233 4499 dicetur
1249 4449 1325 4500 inira.
1340 4450 1403 4500 ldeo
1419 4450 1490 4499 dicit.

509 4522 578 4586 (¹18.
595 4522 768 4587 corporaliter
783 4523 927 4574 internum.
1046 4525 1072 4587 (⁸)
1088 4526 1119 4575 ll.
1136 4526 1201 4576 ldsrl
1216 4540 1270 4577 nou
1285 4526 1363 4577 debes
1379 4526 1492 4586 ulterari,
1509 4528 1579 4591 uult.

511 4597 1618 4668 mrtemhoethmmuuunheeponsmdtusmuthoumtsquol

453 4672 536 4725 ‹llour
551 4673 641 4729 &tun
655 4678 762 4729 utto

512 4746 541 4810 (⁸)
556 4748 583 4800 h
599 4754 640 4803 nl
653 4762 727 4803 m
740 4750 806 4803 inlr
822 4748 954 4803 Charonis.
970 4750 1039 4801 Dicit
1054 4763 1133 4816 ergo:
1150 4753 1244 4816 quinci.

511 4824 539 4887 dl
554 4824 585 4875 1³-
601 4824 722 4888 vinm-
