<?xml version="1.0" encoding="UTF-8"?>
<!DOCTYPE html PUBLIC "-//W3C//DTD XHTML 1.0 Transitional//EN"
    "http://www.w3.org/TR/xhtml1/DTD/xhtml1-transitional.dtd">
<html xmlns="http://www.w3.org/1999/xhtml" xml:lang="en" lang="en">
 <head>
  <title>
</title>
<meta http-equiv="Content-Type" content="text/html;charset=utf-8" />
  <meta name='ocr-system' content='tesseract 3.04.00' />
  <meta name='ocr-capabilities' content='ocr_page ocr_carea ocr_par ocr_line ocrx_word'/>
</head>
<body>
  <div class='ocr_page' id='page_1' title='image "./comentumsuperda00benvgoog_0081.png"; bbox 0 0 4154 6546; ppageno 0'>
   <div class='ocr_carea' id='block_1_1' title="bbox 564 781 1342 854">
    <p class='ocr_par' dir='ltr' id='par_1_1' title="bbox 564 781 1342 854">
     <span class='ocr_line' id='line_1_1' title="bbox 564 781 1342 854; baseline -0.003 0"><span class='ocrx_word' id='word_1_1' title='bbox 564 781 611 854; x_wconf 74' lang='lat'>28</span> <span class='ocrx_word' id='word_1_2' title='bbox 962 796 1166 852; x_wconf 71' lang='lat' dir='ltr'>conanum</span> <span class='ocrx_word' id='word_1_3' title='bbox 1190 798 1342 852; x_wconf 73' lang='lat' dir='ltr'>mrum</span> 
     </span>
    </p>
   </div>
   <div class='ocr_carea' id='block_1_2' title="bbox 554 939 1736 3783">
    <p class='ocr_par' dir='ltr' id='par_1_2' title="bbox 554 939 1736 3783">
     <span class='ocr_line' id='line_1_2' title="bbox 561 939 1736 1037; baseline 0.002 -23"><span class='ocrx_word' id='word_1_4' title='bbox 561 960 657 1036; x_wconf 77' lang='lat' dir='ltr'>rusa,</span> <span class='ocrx_word' id='word_1_5' title='bbox 682 941 720 1014; x_wconf 92' lang='lat' dir='ltr'>in</span> <span class='ocrx_word' id='word_1_6' title='bbox 744 961 819 1035; x_wconf 87' lang='lat' dir='ltr'>qna</span> <span class='ocrx_word' id='word_1_7' title='bbox 845 939 931 1014; x_wconf 86' lang='lat' dir='ltr'>nihil</span> <span class='ocrx_word' id='word_1_8' title='bbox 951 945 1007 1014; x_wconf 83' lang='lat' dir='ltr'>est</span> <span class='ocrx_word' id='word_1_9' title='bbox 1025 939 1234 1035; x_wconf 75' lang='lat' dir='ltr'>depictum,</span> <span class='ocrx_word' id='word_1_10' title='bbox 1252 939 1352 1014; x_wconf 91' lang='lat' dir='ltr'>unde</span> <span class='ocrx_word' id='word_1_11' title='bbox 1367 939 1445 1035; x_wconf 90' lang='lat' dir='ltr'>ipse</span> <span class='ocrx_word' id='word_1_12' title='bbox 1460 946 1570 1014; x_wconf 91' lang='lat' dir='ltr'>autor</span> <span class='ocrx_word' id='word_1_13' title='bbox 1593 941 1736 1037; x_wconf 79' lang='lat' dir='ltr'>Purga-</span> 
     </span>
     <span class='ocr_line' id='line_1_3' title="bbox 561 1058 1734 1156; baseline -0.003 -21"><span class='ocrx_word' id='word_1_14' title='bbox 561 1061 644 1135; x_wconf 85' lang='lat' dir='ltr'>borii</span> <span class='ocrx_word' id='word_1_15' title='bbox 669 1061 754 1156; x_wconf 66' lang='lat' dir='ltr'>sap.</span> <span class='ocrx_word' id='word_1_16' title='bbox 772 1059 852 1133; x_wconf 85' lang='lat' dir='ltr'>XVI</span> <span class='ocrx_word' id='word_1_17' title='bbox 875 1058 983 1135; x_wconf 80' lang='lat' dir='ltr'>dicit:</span> <span class='ocrx_word' id='word_1_18' title='bbox 1009 1062 1181 1132; x_wconf 80' lang='lat' dir='ltr'>L&#39;artimu</span> <span class='ocrx_word' id='word_1_19' title='bbox 1212 1061 1421 1152; x_wconf 57' lang='lat' dir='ltr'>&amp;molestia</span> <span class='ocrx_word' id='word_1_20' title='bbox 1448 1060 1509 1132; x_wconf 77' lang='lat' dir='ltr'>ede</span> <span class='ocrx_word' id='word_1_21' title='bbox 1537 1079 1580 1132; x_wconf 78' lang='lat' dir='ltr'>aa</span> <span class='ocrx_word' id='word_1_22' title='bbox 1608 1061 1707 1132; x_wconf 69' lang='lat' dir='ltr'>multo</span> <span class='ocrx_word' id='word_1_23' title='bbox 1718 1084 1734 1152; x_wconf 79' lang='lat'>,-</span> 
     </span>
     <span class='ocr_line' id='line_1_4' title="bbox 559 1171 1732 1277; baseline -0.003 -23"><span class='ocrx_word' id='word_1_24' title='bbox 559 1185 598 1254; x_wconf 85' lang='lat' dir='ltr'>et</span> <span class='ocrx_word' id='word_1_25' title='bbox 621 1180 673 1254; x_wconf 87' lang='lat' dir='ltr'>sie</span> <span class='ocrx_word' id='word_1_26' title='bbox 697 1179 900 1277; x_wconf 79' lang='lat' dir='ltr'>ignorantia</span> <span class='ocrx_word' id='word_1_27' title='bbox 914 1171 952 1271; x_wconf 82' lang='lat'>(¹)</span> <span class='ocrx_word' id='word_1_28' title='bbox 971 1185 1091 1274; x_wconf 84' lang='lat' dir='ltr'>potest</span> <span class='ocrx_word' id='word_1_29' title='bbox 1109 1178 1177 1253; x_wconf 82' lang='lat' dir='ltr'>diei</span> <span class='ocrx_word' id='word_1_30' title='bbox 1199 1198 1362 1253; x_wconf 88' lang='lat' dir='ltr'><strong>somnus.</strong></span> <span class='ocrx_word' id='word_1_31' title='bbox 1382 1177 1515 1272; x_wconf 86' lang='lat' dir='ltr'>Tertio,</span> <span class='ocrx_word' id='word_1_32' title='bbox 1529 1177 1732 1252; x_wconf 85' lang='lat' dir='ltr'>seeundum</span> 
     </span>
     <span class='ocr_line' id='line_1_5' title="bbox 561 1295 1733 1394; baseline -0.002 -23"><span class='ocrx_word' id='word_1_33' title='bbox 561 1298 807 1394; x_wconf 77' lang='lat' dir='ltr'>Augustinum</span> <span class='ocrx_word' id='word_1_34' title='bbox 832 1302 870 1373; x_wconf 93' lang='lat' dir='ltr'>et</span> <span class='ocrx_word' id='word_1_35' title='bbox 893 1297 983 1372; x_wconf 88' lang='lat' dir='ltr'>alios</span> <span class='ocrx_word' id='word_1_36' title='bbox 1008 1298 1196 1394; x_wconf 79' lang='lat' dir='ltr'>theologos</span> <span class='ocrx_word' id='word_1_37' title='bbox 1211 1297 1335 1370; x_wconf 84' lang='lat' dir='ltr'>anima</span> <span class='ocrx_word' id='word_1_38' title='bbox 1351 1303 1499 1371; x_wconf 81' lang='lat' dir='ltr'>creatur</span> <span class='ocrx_word' id='word_1_39' title='bbox 1523 1297 1561 1370; x_wconf 91' lang='lat' dir='ltr'>in</span> <span class='ocrx_word' id='word_1_40' title='bbox 1585 1295 1733 1370; x_wconf 85' lang='lat' dir='ltr'>instanti</span> 
     </span>
     <span class='ocr_line' id='line_1_6' title="bbox 561 1408 1731 1512; baseline -0.004 -19"><span class='ocrx_word' id='word_1_41' title='bbox 561 1418 673 1493; x_wconf 89' lang='lat' dir='ltr'>alleo</span> <span class='ocrx_word' id='word_1_42' title='bbox 686 1417 833 1512; x_wconf 86' lang='lat' dir='ltr'>quando</span> <span class='ocrx_word' id='word_1_43' title='bbox 849 1416 1051 1491; x_wconf 78' lang='lat' dir='ltr'><strong>infunditur</strong></span> <span class='ocrx_word' id='word_1_44' title='bbox 1066 1417 1104 1490; x_wconf 92' lang='lat' dir='ltr'>in</span> <span class='ocrx_word' id='word_1_45' title='bbox 1121 1436 1255 1512; x_wconf 86' lang='lat' dir='ltr'>eorpus</span> <span class='ocrx_word' id='word_1_46' title='bbox 1267 1408 1305 1508; x_wconf 79' lang='lat'>(¹)</span> <span class='ocrx_word' id='word_1_47' title='bbox 1330 1423 1546 1511; x_wconf 83' lang='lat' dir='ltr'>conceptum</span> <span class='ocrx_word' id='word_1_48' title='bbox 1564 1416 1731 1511; x_wconf 80' lang='lat' dir='ltr'>turpiter,</span> 
     </span>
     <span class='ocr_line' id='line_1_7' title="bbox 562 1536 1732 1632; baseline -0.005 -18"><span class='ocrx_word' id='word_1_49' title='bbox 562 1545 600 1614; x_wconf 86' lang='lat' dir='ltr'>et</span> <span class='ocrx_word' id='word_1_50' title='bbox 634 1538 716 1613; x_wconf 86' lang='lat' dir='ltr'>talis</span> <span class='ocrx_word' id='word_1_51' title='bbox 752 1557 904 1612; x_wconf 83' lang='lat' dir='ltr'>somnus</span> <span class='ocrx_word' id='word_1_52' title='bbox 941 1544 996 1612; x_wconf 85' lang='lat' dir='ltr'>est</span> <span class='ocrx_word' id='word_1_53' title='bbox 1032 1543 1249 1632; x_wconf 83' lang='lat' dir='ltr'>peecatum3</span> <span class='ocrx_word' id='word_1_54' title='bbox 1282 1536 1382 1611; x_wconf 93' lang='lat' dir='ltr'>unde</span> <span class='ocrx_word' id='word_1_55' title='bbox 1419 1537 1622 1630; x_wconf 79' lang='lat' dir='ltr'><strong>Propheta:</strong></span> <span class='ocrx_word' id='word_1_56' title='bbox 1657 1546 1732 1608; x_wconf 69' lang='grc' dir='ltr'>εσσε</span> 
     </span>
     <span class='ocr_line' id='line_1_8' title="bbox 561 1660 1732 1752; baseline -0.003 -20"><span class='ocrx_word' id='word_1_57' title='bbox 561 1661 652 1732; x_wconf 74' lang='lat' dir='ltr'>edm</span> <span class='ocrx_word' id='word_1_58' title='bbox 675 1660 907 1752; x_wconf 53' lang='lat' dir='ltr'>boemundus</span> <span class='ocrx_word' id='word_1_59' title='bbox 931 1665 1112 1750; x_wconf 75' lang='lat' dir='ltr'>corwepttu</span> <span class='ocrx_word' id='word_1_60' title='bbox 1128 1679 1217 1750; x_wconf 83' lang='lat' dir='ltr'>sum,</span> <span class='ocrx_word' id='word_1_61' title='bbox 1235 1664 1268 1730; x_wconf 82' lang='lat' dir='ltr'>et</span> <span class='ocrx_word' id='word_1_62' title='bbox 1281 1661 1319 1730; x_wconf 82' lang='lat' dir='ltr'>in</span> <span class='ocrx_word' id='word_1_63' title='bbox 1333 1660 1486 1749; x_wconf 61' lang='lat' dir='ltr'>pacem</span> <span class='ocrx_word' id='word_1_64' title='bbox 1501 1660 1656 1749; x_wconf 78' lang='lat' dir='ltr'>concepit</span> <span class='ocrx_word' id='word_1_65' title='bbox 1677 1675 1732 1729; x_wconf 80' lang='lat' dir='ltr'>me</span> 
     </span>
     <span class='ocr_line' id='line_1_9' title="bbox 562 1776 1731 1873; baseline -0.002 -22"><span class='ocrx_word' id='word_1_66' title='bbox 562 1786 674 1851; x_wconf 70' lang='lat' dir='ltr'>moer</span> <span class='ocrx_word' id='word_1_67' title='bbox 697 1799 785 1851; x_wconf 83' lang='lat' dir='ltr'>mea.</span> <span class='ocrx_word' id='word_1_68' title='bbox 812 1777 865 1851; x_wconf 81' lang='lat' dir='ltr'>nd</span> <span class='ocrx_word' id='word_1_69' title='bbox 891 1777 1115 1872; x_wconf 88' lang='lat' dir='ltr'>propositum</span> <span class='ocrx_word' id='word_1_70' title='bbox 1141 1796 1231 1873; x_wconf 81' lang='lat' dir='ltr'>ergo</span> <span class='ocrx_word' id='word_1_71' title='bbox 1255 1782 1365 1850; x_wconf 86' lang='lat' dir='ltr'>autor</span> <span class='ocrx_word' id='word_1_72' title='bbox 1391 1777 1471 1849; x_wconf 89' lang='lat' dir='ltr'>vult</span> <span class='ocrx_word' id='word_1_73' title='bbox 1495 1776 1639 1851; x_wconf 81' lang='lat' dir='ltr'>dicere:</span> <span class='ocrx_word' id='word_1_74' title='bbox 1657 1795 1731 1851; x_wconf 87' lang='lat' dir='ltr'>nou</span> 
     </span>
     <span class='ocr_line' id='line_1_10' title="bbox 561 1894 1731 1991; baseline -0.002 -20"><span class='ocrx_word' id='word_1_75' title='bbox 561 1918 706 1991; x_wconf 72' lang='lat' dir='ltr'>quaeras</span> <span class='ocrx_word' id='word_1_76' title='bbox 723 1896 908 1990; x_wconf 83' lang='lat' dir='ltr'>quomodo</span> <span class='ocrx_word' id='word_1_77' title='bbox 926 1895 1137 1970; x_wconf 81' lang='lat' dir='ltr'>intraverim</span> <span class='ocrx_word' id='word_1_78' title='bbox 1157 1895 1261 1968; x_wconf 89' lang='lat' dir='ltr'>istam</span> <span class='ocrx_word' id='word_1_79' title='bbox 1281 1896 1435 1990; x_wconf 85' lang='lat' dir='ltr'><strong>sylvam,</strong></span> <span class='ocrx_word' id='word_1_80' title='bbox 1448 1894 1540 1969; x_wconf 81' lang='lat' dir='ltr'>idest</span> <span class='ocrx_word' id='word_1_81' title='bbox 1556 1896 1654 1969; x_wconf 91' lang='lat' dir='ltr'>viam</span> <span class='ocrx_word' id='word_1_82' title='bbox 1675 1895 1731 1969; x_wconf 87' lang='lat' dir='ltr'>vi-</span> 
     </span>
     <span class='ocr_line' id='line_1_11' title="bbox 560 2004 1730 2110; baseline -0.006 -18"><span class='ocrx_word' id='word_1_83' title='bbox 560 2017 714 2109; x_wconf 85' lang='lat' dir='ltr'>ciorum,</span> <span class='ocrx_word' id='word_1_84' title='bbox 732 2016 820 2110; x_wconf 88' lang='lat' dir='ltr'>quia</span> <span class='ocrx_word' id='word_1_85' title='bbox 836 2034 964 2089; x_wconf 92' lang='lat' dir='ltr'>omnes</span> <span class='ocrx_word' id='word_1_86' title='bbox 989 2020 1191 2089; x_wconf 86' lang='lat' dir='ltr'>naseuntur</span> <span class='ocrx_word' id='word_1_87' title='bbox 1207 2013 1293 2087; x_wconf 90' lang='lat' dir='ltr'>mali</span> <span class='ocrx_word' id='word_1_88' title='bbox 1304 2004 1362 2106; x_wconf 83' lang='lat'>(³):</span> <span class='ocrx_word' id='word_1_89' title='bbox 1380 2014 1506 2107; x_wconf 90' lang='lat' dir='ltr'>immo,</span> <span class='ocrx_word' id='word_1_90' title='bbox 1531 2020 1730 2107; x_wconf 84' lang='lat' dir='ltr'>antequam</span> 
     </span>
     <span class='ocr_line' id='line_1_12' title="bbox 560 2132 1730 2229; baseline -0.003 -20"><span class='ocrx_word' id='word_1_91' title='bbox 560 2156 767 2228; x_wconf 85' lang='lat' dir='ltr'>nascamur,</span> <span class='ocrx_word' id='word_1_92' title='bbox 799 2155 929 2207; x_wconf 89' lang='lat' dir='ltr'>sumus</span> <span class='ocrx_word' id='word_1_93' title='bbox 958 2134 995 2206; x_wconf 89' lang='lat' dir='ltr'>in</span> <span class='ocrx_word' id='word_1_94' title='bbox 1025 2132 1229 2229; x_wconf 79' lang='lat' dir='ltr'>ignorantia</span> <span class='ocrx_word' id='word_1_95' title='bbox 1258 2139 1296 2207; x_wconf 90' lang='lat' dir='ltr'>et</span> <span class='ocrx_word' id='word_1_96' title='bbox 1327 2138 1500 2227; x_wconf 82' lang='lat' dir='ltr'>peecato3</span> <span class='ocrx_word' id='word_1_97' title='bbox 1537 2132 1619 2206; x_wconf 92' lang='lat' dir='ltr'>ideo</span> <span class='ocrx_word' id='word_1_98' title='bbox 1656 2150 1730 2205; x_wconf 95' lang='lat' dir='ltr'>non</span> 
     </span>
     <span class='ocr_line' id='line_1_13' title="bbox 559 2252 1728 2349; baseline -0.003 -21"><span class='ocrx_word' id='word_1_99' title='bbox 559 2274 708 2349; x_wconf 90' lang='lat' dir='ltr'>possum</span> <span class='ocrx_word' id='word_1_100' title='bbox 735 2254 915 2328; x_wconf 81' lang='lat' dir='ltr'>reminisci</span> <span class='ocrx_word' id='word_1_101' title='bbox 949 2253 1056 2347; x_wconf 92' lang='lat' dir='ltr'>primi</span> <span class='ocrx_word' id='word_1_102' title='bbox 1088 2253 1267 2326; x_wconf 84' lang='lat' dir='ltr'>introitus.</span> <span class='ocrx_word' id='word_1_103' title='bbox 1296 2253 1401 2326; x_wconf 86' lang='lat' dir='ltr'>Nune</span> <span class='ocrx_word' id='word_1_104' title='bbox 1431 2252 1559 2326; x_wconf 87' lang='lat' dir='ltr'>ordina</span> <span class='ocrx_word' id='word_1_105' title='bbox 1583 2252 1728 2326; x_wconf 88' lang='lat' dir='ltr'>literam</span> 
     </span>
     <span class='ocr_line' id='line_1_14' title="bbox 559 2371 1728 2465; baseline -0.003 -18"><span class='ocrx_word' id='word_1_106' title='bbox 559 2373 632 2448; x_wconf 85' lang='lat' dir='ltr'>sio:</span> <span class='ocrx_word' id='word_1_107' title='bbox 658 2377 796 2446; x_wconf 80' lang='lat' dir='ltr'>Ionon</span> <span class='ocrx_word' id='word_1_108' title='bbox 825 2385 866 2446; x_wconf 76' lang='lat' dir='ltr'>s&#39;o</span> <span class='ocrx_word' id='word_1_109' title='bbox 895 2374 959 2446; x_wconf 82' lang='lat' dir='ltr'>ben</span> <span class='ocrx_word' id='word_1_110' title='bbox 986 2374 1091 2464; x_wconf 67' lang='lat' dir='ltr'>nidd,</span> <span class='ocrx_word' id='word_1_111' title='bbox 1117 2371 1208 2446; x_wconf 82' lang='lat' dir='ltr'>idest</span> <span class='ocrx_word' id='word_1_112' title='bbox 1234 2372 1385 2465; x_wconf 81' lang='lat' dir='ltr'>referre,</span> <span class='ocrx_word' id='word_1_113' title='bbox 1409 2375 1540 2444; x_wconf 81' lang='lat' dir='ltr'>com&#39;rb</span> <span class='ocrx_word' id='word_1_114' title='bbox 1564 2375 1728 2463; x_wconf 73' lang='lat' dir='ltr'>v’enooi,</span> 
     </span>
     <span class='ocr_line' id='line_1_15' title="bbox 557 2479 1729 2588; baseline -0.003 -21"><span class='ocrx_word' id='word_1_115' title='bbox 557 2492 692 2567; x_wconf 85' lang='lat' dir='ltr'>scilicet</span> <span class='ocrx_word' id='word_1_116' title='bbox 711 2493 747 2565; x_wconf 90' lang='lat' dir='ltr'>in</span> <span class='ocrx_word' id='word_1_117' title='bbox 768 2493 883 2588; x_wconf 87' lang='lat' dir='ltr'>ipsam</span> <span class='ocrx_word' id='word_1_118' title='bbox 908 2493 1047 2588; x_wconf 85' lang='lat' dir='ltr'>sylvam</span> <span class='ocrx_word' id='word_1_119' title='bbox 1074 2497 1149 2564; x_wconf 88' lang='lat' dir='ltr'>tam</span> <span class='ocrx_word' id='word_1_120' title='bbox 1174 2510 1352 2585; x_wconf 88' lang='lat' dir='ltr'>asperam.</span> <span class='ocrx_word' id='word_1_121' title='bbox 1380 2491 1423 2564; x_wconf 86' lang='lat' dir='ltr'>Et</span> <span class='ocrx_word' id='word_1_122' title='bbox 1447 2510 1534 2565; x_wconf 86' lang='lat' dir='ltr'>ecce</span> <span class='ocrx_word' id='word_1_123' title='bbox 1547 2479 1585 2582; x_wconf 72' lang='lat'>(⁴)</span> <span class='ocrx_word' id='word_1_124' title='bbox 1612 2509 1729 2583; x_wconf 87' lang='lat' dir='ltr'>quare</span> 
     </span>
     <span class='ocr_line' id='line_1_16' title="bbox 558 2610 1727 2708; baseline -0.002 -22"><span class='ocrx_word' id='word_1_125' title='bbox 558 2631 628 2708; x_wconf 81' lang='lat' dir='ltr'>ego</span> <span class='ocrx_word' id='word_1_126' title='bbox 657 2612 803 2705; x_wconf 84' lang='lat' dir='ltr'>nesoi03</span> <span class='ocrx_word' id='word_1_127' title='bbox 842 2612 927 2705; x_wconf 89' lang='lat' dir='ltr'>quia</span> <span class='ocrx_word' id='word_1_128' title='bbox 957 2618 1052 2684; x_wconf 75' lang='lat' dir='ltr'>tuoto</span> <span class='ocrx_word' id='word_1_129' title='bbox 1080 2632 1144 2684; x_wconf 85' lang='lat' dir='ltr'>ere</span> <span class='ocrx_word' id='word_1_130' title='bbox 1170 2614 1253 2703; x_wconf 72' lang='lat' dir='ltr'>bien</span> <span class='ocrx_word' id='word_1_131' title='bbox 1286 2612 1325 2684; x_wconf 75' lang='lat' dir='ltr'>di</span> <span class='ocrx_word' id='word_1_132' title='bbox 1354 2631 1479 2702; x_wconf 80' lang='lat' dir='ltr'>sonno,</span> <span class='ocrx_word' id='word_1_133' title='bbox 1511 2610 1603 2685; x_wconf 84' lang='lat' dir='ltr'>idest</span> <span class='ocrx_word' id='word_1_134' title='bbox 1634 2610 1727 2684; x_wconf 91' lang='lat' dir='ltr'>adeo</span> 
     </span>
     <span class='ocr_line' id='line_1_17' title="bbox 557 2730 1726 2826; baseline -0.001 -22"><span class='ocrx_word' id='word_1_135' title='bbox 557 2749 661 2804; x_wconf 92' lang='lat' dir='ltr'>eram</span> <span class='ocrx_word' id='word_1_136' title='bbox 691 2731 821 2824; x_wconf 90' lang='lat' dir='ltr'>plenus</span> <span class='ocrx_word' id='word_1_137' title='bbox 851 2750 980 2804; x_wconf 90' lang='lat' dir='ltr'>somno</span> <span class='ocrx_word' id='word_1_138' title='bbox 1014 2731 1243 2826; x_wconf 79' lang='lat' dir='ltr'>ignorantiae3</span> <span class='ocrx_word' id='word_1_139' title='bbox 1273 2737 1311 2804; x_wconf 92' lang='lat' dir='ltr'>et</span> <span class='ocrx_word' id='word_1_140' title='bbox 1340 2730 1425 2806; x_wconf 84' lang='lat' dir='ltr'>dicit</span> <span class='ocrx_word' id='word_1_141' title='bbox 1457 2752 1482 2803; x_wconf 84' lang='lat' dir='ltr'>a</span> <span class='ocrx_word' id='word_1_142' title='bbox 1506 2734 1585 2823; x_wconf 82' lang='lat' dir='ltr'>quel</span> <span class='ocrx_word' id='word_1_143' title='bbox 1602 2738 1726 2824; x_wconf 79' lang='lat' dir='ltr'>punto,</span> 
     </span>
     <span class='ocr_line' id='line_1_18' title="bbox 556 2847 1727 2944; baseline 0.001 -22"><span class='ocrx_word' id='word_1_144' title='bbox 556 2847 648 2923; x_wconf 88' lang='lat' dir='ltr'>idest</span> <span class='ocrx_word' id='word_1_145' title='bbox 674 2855 839 2942; x_wconf 88' lang='lat' dir='ltr'>tempore</span> <span class='ocrx_word' id='word_1_146' title='bbox 863 2848 1125 2942; x_wconf 75' lang='lat' dir='ltr'>adnleseentia,</span> <span class='ocrx_word' id='word_1_147' title='bbox 1150 2851 1222 2940; x_wconf 84' lang='lat' dir='ltr'>rte,</span> <span class='ocrx_word' id='word_1_148' title='bbox 1248 2849 1339 2923; x_wconf 89' lang='lat' dir='ltr'>idest</span> <span class='ocrx_word' id='word_1_149' title='bbox 1363 2848 1400 2922; x_wconf 88' lang='lat' dir='ltr'>in</span> <span class='ocrx_word' id='word_1_150' title='bbox 1425 2869 1500 2943; x_wconf 86' lang='lat' dir='ltr'>quo</span> <span class='ocrx_word' id='word_1_151' title='bbox 1530 2856 1666 2944; x_wconf 82' lang='lat' dir='ltr'>puncto</span> <span class='ocrx_word' id='word_1_152' title='bbox 1691 2850 1727 2922; x_wconf 84' lang='lat' dir='ltr'>la</span> 
     </span>
     <span class='ocr_line' id='line_1_19' title="bbox 557 2967 1728 3060; baseline 0 -20"><span class='ocrx_word' id='word_1_153' title='bbox 557 2989 681 3041; x_wconf 72' lang='lat' dir='ltr'>oerum</span> <span class='ocrx_word' id='word_1_154' title='bbox 711 2971 769 3040; x_wconf 75' lang='lat' dir='ltr'>oro</span> <span class='ocrx_word' id='word_1_155' title='bbox 797 2968 1032 3058; x_wconf 76' lang='lat' dir='ltr'>obbandormi,</span> <span class='ocrx_word' id='word_1_156' title='bbox 1064 2967 1156 3040; x_wconf 89' lang='lat' dir='ltr'>idest</span> <span class='ocrx_word' id='word_1_157' title='bbox 1186 2968 1333 3060; x_wconf 90' lang='lat' dir='ltr'>quando</span> <span class='ocrx_word' id='word_1_158' title='bbox 1358 2967 1503 3042; x_wconf 88' lang='lat' dir='ltr'>deserui</span> <span class='ocrx_word' id='word_1_159' title='bbox 1529 2968 1626 3042; x_wconf 71' lang='lat' dir='ltr'>dam</span> <span class='ocrx_word' id='word_1_160' title='bbox 1652 2967 1728 3040; x_wconf 88' lang='lat' dir='ltr'>vir·</span> 
     </span>
     <span class='ocr_line' id='line_1_20' title="bbox 557 3086 1728 3182; baseline 0 -21"><span class='ocrx_word' id='word_1_161' title='bbox 557 3092 795 3181; x_wconf 73' lang='lat' dir='ltr'>tutumque</span> <span class='ocrx_word' id='word_1_162' title='bbox 820 3093 876 3161; x_wconf 88' lang='lat' dir='ltr'>est</span> <span class='ocrx_word' id='word_1_163' title='bbox 900 3106 1000 3180; x_wconf 88' lang='lat' dir='ltr'>vera,</span> <span class='ocrx_word' id='word_1_164' title='bbox 1026 3086 1135 3160; x_wconf 90' lang='lat' dir='ltr'>etad</span> <span class='ocrx_word' id='word_1_165' title='bbox 1159 3106 1288 3162; x_wconf 87' lang='lat' dir='ltr'>veram</span> <span class='ocrx_word' id='word_1_166' title='bbox 1314 3087 1470 3182; x_wconf 86' lang='lat' dir='ltr'>patriam</span> <span class='ocrx_word' id='word_1_167' title='bbox 1494 3087 1604 3163; x_wconf 85' lang='lat' dir='ltr'>ducit.</span> <span class='ocrx_word' id='word_1_168' title='bbox 1627 3086 1728 3161; x_wconf 88' lang='lat' dir='ltr'>Unde</span> 
     </span>
     <span class='ocr_line' id='line_1_21' title="bbox 556 3206 1728 3302; baseline -0.003 -20"><span class='ocrx_word' id='word_1_169' title='bbox 556 3215 643 3284; x_wconf 87' lang='lat' dir='ltr'>nota</span> <span class='ocrx_word' id='word_1_170' title='bbox 672 3207 731 3281; x_wconf 91' lang='lat' dir='ltr'>bic</span> <span class='ocrx_word' id='word_1_171' title='bbox 762 3206 861 3301; x_wconf 90' lang='lat' dir='ltr'>quod</span> <span class='ocrx_word' id='word_1_172' title='bbox 898 3209 1010 3280; x_wconf 92' lang='lat' dir='ltr'>bomo</span> <span class='ocrx_word' id='word_1_173' title='bbox 1047 3227 1070 3280; x_wconf 96' lang='lat' dir='ltr'>a</span> <span class='ocrx_word' id='word_1_174' title='bbox 1107 3207 1281 3302; x_wconf 84' lang='lat' dir='ltr'>principio</span> <span class='ocrx_word' id='word_1_175' title='bbox 1318 3207 1402 3282; x_wconf 85' lang='lat' dir='ltr'>vitae</span> <span class='ocrx_word' id='word_1_176' title='bbox 1439 3206 1605 3281; x_wconf 90' lang='lat' dir='ltr'>ambulat</span> <span class='ocrx_word' id='word_1_177' title='bbox 1642 3225 1728 3281; x_wconf 86' lang='lat' dir='ltr'>oum</span> 
     </span>
     <span class='ocr_line' id='line_1_22' title="bbox 555 3318 1729 3422; baseline -0.003 -19"><span class='ocrx_word' id='word_1_178' title='bbox 555 3347 686 3403; x_wconf 90' lang='lat' dir='ltr'>somno</span> <span class='ocrx_word' id='word_1_179' title='bbox 711 3326 924 3422; x_wconf 80' lang='lat' dir='ltr'>ignorantiae</span> <span class='ocrx_word' id='word_1_180' title='bbox 950 3332 988 3401; x_wconf 91' lang='lat' dir='ltr'>et</span> <span class='ocrx_word' id='word_1_181' title='bbox 1012 3327 1150 3421; x_wconf 87' lang='lat' dir='ltr'>peoeati</span> <span class='ocrx_word' id='word_1_182' title='bbox 1164 3318 1202 3418; x_wconf 74' lang='lat'>(⁵)</span> <span class='ocrx_word' id='word_1_183' title='bbox 1227 3327 1341 3401; x_wconf 92' lang='lat' dir='ltr'>innati</span> <span class='ocrx_word' id='word_1_184' title='bbox 1365 3347 1487 3420; x_wconf 83' lang='lat' dir='ltr'>usque</span> <span class='ocrx_word' id='word_1_185' title='bbox 1511 3327 1558 3400; x_wconf 92' lang='lat' dir='ltr'>ad</span> <span class='ocrx_word' id='word_1_186' title='bbox 1584 3332 1729 3422; x_wconf 88' lang='lat' dir='ltr'>tempus</span> 
     </span>
     <span class='ocr_line' id='line_1_23' title="bbox 554 3444 1727 3538; baseline -0.003 -17"><span class='ocrx_word' id='word_1_187' title='bbox 554 3445 818 3538; x_wconf 81' lang='lat' dir='ltr'>adolescentia,</span> <span class='ocrx_word' id='word_1_188' title='bbox 857 3444 921 3519; x_wconf 92' lang='lat' dir='ltr'>sed</span> <span class='ocrx_word' id='word_1_189' title='bbox 957 3464 1032 3518; x_wconf 93' lang='lat' dir='ltr'>non</span> <span class='ocrx_word' id='word_1_190' title='bbox 1069 3451 1248 3538; x_wconf 90' lang='lat' dir='ltr'>meretur,</span> <span class='ocrx_word' id='word_1_191' title='bbox 1281 3464 1351 3520; x_wconf 86' lang='lat' dir='ltr'>nec</span> <span class='ocrx_word' id='word_1_192' title='bbox 1388 3445 1611 3537; x_wconf 92' lang='lat' dir='ltr'>demeretur,</span> <span class='ocrx_word' id='word_1_193' title='bbox 1641 3445 1727 3538; x_wconf 87' lang='lat' dir='ltr'>quia</span> 
     </span>
     <span class='ocr_line' id='line_1_24' title="bbox 555 3562 1727 3657; baseline -0.003 -16"><span class='ocrx_word' id='word_1_194' title='bbox 555 3566 718 3642; x_wconf 91' lang='lat' dir='ltr'>nondum</span> <span class='ocrx_word' id='word_1_195' title='bbox 760 3566 870 3639; x_wconf 91' lang='lat' dir='ltr'>babet</span> <span class='ocrx_word' id='word_1_196' title='bbox 911 3584 1022 3637; x_wconf 92' lang='lat' dir='ltr'>usum</span> <span class='ocrx_word' id='word_1_197' title='bbox 1064 3563 1168 3637; x_wconf 91' lang='lat' dir='ltr'>liberi</span> <span class='ocrx_word' id='word_1_198' title='bbox 1209 3564 1365 3657; x_wconf 90' lang='lat' dir='ltr'>arbitrii;</span> <span class='ocrx_word' id='word_1_199' title='bbox 1407 3563 1471 3639; x_wconf 89' lang='lat' dir='ltr'>sed</span> <span class='ocrx_word' id='word_1_200' title='bbox 1512 3562 1727 3638; x_wconf 81' lang='lat' dir='ltr'>adveniente</span> 
     </span>
     <span class='ocr_line' id='line_1_25' title="bbox 555 3682 1726 3783; baseline -0.008 -20"><span class='ocrx_word' id='word_1_201' title='bbox 555 3695 720 3783; x_wconf 84' lang='lat' dir='ltr'>tempore</span> <span class='ocrx_word' id='word_1_202' title='bbox 753 3683 1003 3760; x_wconf 73' lang='lat' dir='ltr'>adolescentiae</span> <span class='ocrx_word' id='word_1_203' title='bbox 1031 3683 1168 3757; x_wconf 91' lang='lat' dir='ltr'>invenit</span> <span class='ocrx_word' id='word_1_204' title='bbox 1197 3682 1348 3777; x_wconf 87' lang='lat' dir='ltr'>bivium,</span> <span class='ocrx_word' id='word_1_205' title='bbox 1374 3691 1411 3758; x_wconf 90' lang='lat' dir='ltr'>et</span> <span class='ocrx_word' id='word_1_206' title='bbox 1442 3691 1530 3758; x_wconf 88' lang='lat' dir='ltr'>tunc</span> <span class='ocrx_word' id='word_1_207' title='bbox 1561 3682 1726 3756; x_wconf 88' lang='lat' dir='ltr'>imminet</span> 
     </span>
    </p>
   </div>
   <div class='ocr_carea' id='block_1_3' title="bbox 416 3793 1726 3904">
    <p class='ocr_par' dir='ltr' id='par_1_3' title="bbox 416 3793 1726 3904">
     <span class='ocr_line' id='line_1_26' title="bbox 416 3793 1726 3904; baseline -0.005 -22"><span class='ocrx_word' id='word_1_208' title='bbox 416 3801 430 3824; x_wconf 76' lang='lat'><em>⁴</em></span> <span class='ocrx_word' id='word_1_209' title='bbox 555 3827 732 3904; x_wconf 79' lang='lat' dir='ltr'>magnum</span> <span class='ocrx_word' id='word_1_210' title='bbox 759 3804 961 3900; x_wconf 88' lang='lat' dir='ltr'>pericnlum</span> <span class='ocrx_word' id='word_1_211' title='bbox 985 3793 1021 3895; x_wconf 53' lang='grc' dir='ltr'>(ὃ)</span> <span class='ocrx_word' id='word_1_212' title='bbox 1055 3821 1102 3876; x_wconf 89' lang='lat' dir='ltr'>ne</span> <span class='ocrx_word' id='word_1_213' title='bbox 1127 3801 1284 3876; x_wconf 87' lang='lat' dir='ltr'>divertat</span> <span class='ocrx_word' id='word_1_214' title='bbox 1315 3802 1361 3877; x_wconf 84' lang='lat' dir='ltr'>ad</span> <span class='ocrx_word' id='word_1_215' title='bbox 1393 3803 1575 3876; x_wconf 90' lang='lat' dir='ltr'>sinistram</span> <span class='ocrx_word' id='word_1_216' title='bbox 1606 3801 1726 3896; x_wconf 89' lang='lat' dir='ltr'>potius</span> 
     </span>
    </p>
   </div>
   <div class='ocr_carea' id='block_1_4' title="bbox 553 3921 1727 4495">
    <p class='ocr_par' dir='ltr' id='par_1_4' title="bbox 553 3921 1727 4495">
     <span class='ocr_line' id='line_1_27' title="bbox 555 3921 1724 4021; baseline -0.007 -19"><span class='ocrx_word' id='word_1_217' title='bbox 555 3948 668 4021; x_wconf 88' lang='lat' dir='ltr'>quam</span> <span class='ocrx_word' id='word_1_218' title='bbox 692 3925 740 4000; x_wconf 87' lang='lat' dir='ltr'>ad</span> <span class='ocrx_word' id='word_1_219' title='bbox 764 3924 977 4016; x_wconf 72' lang='lat' dir='ltr'>dexteram,</span> <span class='ocrx_word' id='word_1_220' title='bbox 1004 3921 1142 3996; x_wconf 82' lang='lat' dir='ltr'>facilius</span> <span class='ocrx_word' id='word_1_221' title='bbox 1167 3922 1265 3996; x_wconf 89' lang='lat' dir='ltr'>enim</span> <span class='ocrx_word' id='word_1_222' title='bbox 1290 3921 1445 3997; x_wconf 87' lang='lat' dir='ltr'>declinat</span> <span class='ocrx_word' id='word_1_223' title='bbox 1468 3922 1514 3996; x_wconf 86' lang='lat' dir='ltr'>ad</span> <span class='ocrx_word' id='word_1_224' title='bbox 1530 3923 1724 4015; x_wconf 88' lang='lat' dir='ltr'>sinistram,</span> 
     </span>
     <span class='ocr_line' id='line_1_28' title="bbox 555 4041 1725 4140; baseline -0.003 -21"><span class='ocrx_word' id='word_1_225' title='bbox 555 4047 641 4140; x_wconf 88' lang='lat' dir='ltr'>quia</span> <span class='ocrx_word' id='word_1_226' title='bbox 665 4051 833 4118; x_wconf 90' lang='lat' dir='ltr'>assuetus</span> <span class='ocrx_word' id='word_1_227' title='bbox 857 4041 1155 4117; x_wconf 83' lang='lat' dir='ltr'>delectationibus</span> <span class='ocrx_word' id='word_1_228' title='bbox 1184 4041 1421 4136; x_wconf 89' lang='lat' dir='ltr'>sensibilibus,</span> <span class='ocrx_word' id='word_1_229' title='bbox 1448 4042 1553 4136; x_wconf 89' lang='lat' dir='ltr'>quasi</span> <span class='ocrx_word' id='word_1_230' title='bbox 1584 4041 1725 4116; x_wconf 88' lang='lat' dir='ltr'>ratione</span> 
     </span>
     <span class='ocr_line' id='line_1_29' title="bbox 554 4159 1725 4259; baseline -0.004 -21"><span class='ocrx_word' id='word_1_231' title='bbox 554 4165 680 4258; x_wconf 88' lang='lat' dir='ltr'>sopita,</span> <span class='ocrx_word' id='word_1_232' title='bbox 707 4161 877 4255; x_wconf 88' lang='lat' dir='ltr'>relinquit</span> <span class='ocrx_word' id='word_1_233' title='bbox 902 4161 999 4235; x_wconf 90' lang='lat' dir='ltr'>viam</span> <span class='ocrx_word' id='word_1_234' title='bbox 1025 4167 1164 4236; x_wconf 85' lang='lat' dir='ltr'>rectam</span> <span class='ocrx_word' id='word_1_235' title='bbox 1189 4159 1382 4254; x_wconf 87' lang='lat' dir='ltr'>virtutum,</span> <span class='ocrx_word' id='word_1_236' title='bbox 1408 4167 1445 4235; x_wconf 93' lang='lat' dir='ltr'>et</span> <span class='ocrx_word' id='word_1_237' title='bbox 1476 4167 1634 4257; x_wconf 83' lang='lat' dir='ltr'>vagatur</span> <span class='ocrx_word' id='word_1_238' title='bbox 1658 4170 1725 4259; x_wconf 82' lang='lat' dir='ltr'>per</span> 
     </span>
     <span class='ocr_line' id='line_1_30' title="bbox 554 4279 1726 4377; baseline -0.003 -20"><span class='ocrx_word' id='word_1_239' title='bbox 554 4282 709 4377; x_wconf 87' lang='lat' dir='ltr'>abrupta</span> <span class='ocrx_word' id='word_1_240' title='bbox 735 4281 924 4355; x_wconf 86' lang='lat' dir='ltr'>viciorum.</span> <span class='ocrx_word' id='word_1_241' title='bbox 942 4281 1027 4354; x_wconf 90' lang='lat' dir='ltr'>ldeo</span> <span class='ocrx_word' id='word_1_242' title='bbox 1051 4280 1146 4355; x_wconf 91' lang='lat' dir='ltr'>bene</span> <span class='ocrx_word' id='word_1_243' title='bbox 1170 4279 1256 4354; x_wconf 82' lang='lat' dir='ltr'>dicit</span> <span class='ocrx_word' id='word_1_244' title='bbox 1278 4285 1389 4354; x_wconf 88' lang='lat' dir='ltr'>autor</span> <span class='ocrx_word' id='word_1_245' title='bbox 1409 4279 1508 4373; x_wconf 86' lang='lat' dir='ltr'>quod</span> <span class='ocrx_word' id='word_1_246' title='bbox 1528 4280 1642 4354; x_wconf 90' lang='lat' dir='ltr'>nescit</span> <span class='ocrx_word' id='word_1_247' title='bbox 1665 4302 1726 4354; x_wconf 81' lang='lat' dir='ltr'>re-</span> 
     </span>
     <span class='ocr_line' id='line_1_31' title="bbox 553 4390 1727 4495; baseline 0 -19"><span class='ocrx_word' id='word_1_248' title='bbox 553 4405 667 4476; x_wconf 80' lang='lat' dir='ltr'>dioere</span> <span class='ocrx_word' id='word_1_249' title='bbox 692 4402 877 4495; x_wconf 88' lang='lat' dir='ltr'>quomodo</span> <span class='ocrx_word' id='word_1_250' title='bbox 903 4400 1091 4475; x_wconf 88' lang='lat' dir='ltr'>intraverit</span> <span class='ocrx_word' id='word_1_251' title='bbox 1107 4390 1142 4493; x_wconf 78' lang='lat'>(⁷)</span> <span class='ocrx_word' id='word_1_252' title='bbox 1171 4401 1276 4475; x_wconf 87' lang='lat' dir='ltr'>istam</span> <span class='ocrx_word' id='word_1_253' title='bbox 1301 4400 1442 4495; x_wconf 88' lang='lat' dir='ltr'>silvam,</span> <span class='ocrx_word' id='word_1_254' title='bbox 1469 4405 1612 4474; x_wconf 87' lang='lat' dir='ltr'>tantum</span> <span class='ocrx_word' id='word_1_255' title='bbox 1647 4409 1727 4476; x_wconf 91' lang='lat' dir='ltr'>erat</span> 
     </span>
    </p>
   </div>
   <div class='ocr_carea' id='block_1_5' title="bbox 615 4671 1723 4961">
    <p class='ocr_par' dir='ltr' id='par_1_5' title="bbox 615 4671 1723 4961">
     <span class='ocr_line' id='line_1_32' title="bbox 616 4671 1592 4737; baseline -0.002 -14"><span class='ocrx_word' id='word_1_256' title='bbox 616 4674 644 4736; x_wconf 79' lang='lat'>(¹)</span> <span class='ocrx_word' id='word_1_257' title='bbox 661 4674 691 4723; x_wconf 87' lang='grc' dir='ltr'>Ε.</span> <span class='ocrx_word' id='word_1_258' title='bbox 708 4674 796 4737; x_wconf 71' lang='lat' dir='ltr'>ignara</span> <span class='ocrx_word' id='word_1_259' title='bbox 812 4678 903 4737; x_wconf 80' lang='lat' dir='ltr'>potest.</span> <span class='ocrx_word' id='word_1_260' title='bbox 1170 4671 1196 4733; x_wconf 82' lang='lat' dir='ltr'>t&#39;t</span> <span class='ocrx_word' id='word_1_261' title='bbox 1213 4672 1244 4722; x_wconf 79' lang='lat' dir='ltr'>ll.</span> <span class='ocrx_word' id='word_1_262' title='bbox 1259 4672 1287 4722; x_wconf 91' lang='lat' dir='ltr'>ln</span> <span class='ocrx_word' id='word_1_263' title='bbox 1302 4685 1413 4735; x_wconf 80' lang='lat' dir='ltr'>corpore</span> <span class='ocrx_word' id='word_1_264' title='bbox 1429 4674 1592 4737; x_wconf 73' lang='lat' dir='ltr'>conseptum.</span> 
     </span>
     <span class='ocr_line' id='line_1_33' title="bbox 615 4745 1723 4813; baseline -0.003 -15"><span class='ocrx_word' id='word_1_265' title='bbox 615 4748 646 4810; x_wconf 63' lang='grc' dir='ltr'>(Ἴ</span> <span class='ocrx_word' id='word_1_266' title='bbox 661 4749 691 4798; x_wconf 84' lang='lat' dir='ltr'>E.</span> <span class='ocrx_word' id='word_1_267' title='bbox 708 4749 734 4797; x_wconf 88' lang='lat' dir='ltr'>ln</span> <span class='ocrx_word' id='word_1_268' title='bbox 750 4747 833 4797; x_wconf 74' lang='lat' dir='ltr'>malis</span> <span class='ocrx_word' id='word_1_269' title='bbox 1167 4747 1196 4807; x_wconf 80' lang='lat'>(¹)</span> <span class='ocrx_word' id='word_1_270' title='bbox 1213 4746 1239 4797; x_wconf 87' lang='lat' dir='ltr'>S.</span> <span class='ocrx_word' id='word_1_271' title='bbox 1256 4761 1359 4799; x_wconf 72' lang='lat' dir='ltr'>mnsam</span> <span class='ocrx_word' id='word_1_272' title='bbox 1375 4759 1456 4813; x_wconf 72' lang='lat' dir='ltr'>quare</span> <span class='ocrx_word' id='word_1_273' title='bbox 1472 4760 1521 4812; x_wconf 72' lang='lat' dir='ltr'>ego</span> <span class='ocrx_word' id='word_1_274' title='bbox 1537 4747 1639 4807; x_wconf 61' lang='lat' dir='ltr'>nescim</span> <span class='ocrx_word' id='word_1_275' title='bbox 1655 4745 1723 4810; x_wconf 71' lang='lat' dir='ltr'>qula.</span> 
     </span>
     <span class='ocr_line' id='line_1_34' title="bbox 617 4822 1602 4961; baseline -0.001 -87"><span class='ocrx_word' id='word_1_276' title='bbox 617 4826 646 4961; x_wconf 39' lang='grc' dir='ltr'>ὃς</span> <span class='ocrx_word' id='word_1_277' title='bbox 662 4824 694 4950; x_wconf 58' lang='grc' dir='ltr'>ξ.</span> <span class='ocrx_word' id='word_1_278' title='bbox 709 4822 851 4949; x_wconf 36' lang='lat' dir='ltr'>mevam</span> <span class='ocrx_word' id='word_1_279' title='bbox 867 4822 998 4874; x_wconf 73' lang='lat' dir='ltr'>nativitate</span> <span class='ocrx_word' id='word_1_280' title='bbox 1014 4834 1104 4886; x_wconf 67' lang='lat' dir='ltr'>umre-</span> <span class='ocrx_word' id='word_1_281' title='bbox 1170 4822 1198 4882; x_wconf 80' lang='lat' dir='ltr'>t&#39;t</span> <span class='ocrx_word' id='word_1_282' title='bbox 1215 4822 1241 4872; x_wconf 85' lang='lat' dir='ltr'>S.</span> <span class='ocrx_word' id='word_1_283' title='bbox 1257 4826 1308 4873; x_wconf 79' lang='lat' dir='ltr'>stat</span> <span class='ocrx_word' id='word_1_284' title='bbox 1323 4822 1350 4872; x_wconf 92' lang='lat' dir='ltr'>ln</span> <span class='ocrx_word' id='word_1_285' title='bbox 1365 4836 1460 4888; x_wconf 74' lang='lat' dir='ltr'>magno</span> <span class='ocrx_word' id='word_1_286' title='bbox 1476 4822 1602 4887; x_wconf 82' lang='lat' dir='ltr'>perlculo.</span> 
     </span>
    </p>
   </div>
   <div class='ocr_carea' id='block_1_6' title="bbox 0 0 2082 6546">
    <p class='ocr_par' dir='ltr' id='par_1_6' title="bbox 0 0 2082 6546">
     <span class='ocr_line' id='line_1_35' title="bbox 0 0 2082 6546; baseline 0 4"><span class='ocrx_word' id='word_1_287' title='bbox 0 0 2082 6546; x_wconf 95' lang='lat' dir='ltr'> </span> 
     </span>
    </p>
   </div>
  </div>
 </body>
</html>
