4154 6546
877 766 1013 824 cinnes
1040 766 1205 824 oremus.
1550 752 1617 824 351

454 911 518 1007 qui
545 911 727 988 nesciebat
751 912 886 1007 aliquid
911 914 957 990 de
971 908 1007 1006 (¹)
1035 915 1108 991 vita
1130 916 1187 990 vel
1205 922 1302 991 statu
1320 914 1504 991 (luidonis.
1526 916 1623 1012 Ergo

451 1040 562 1108 antor
586 1033 766 1128 petiturus
790 1033 837 1108 de
861 1035 930 1109 bac
956 1055 997 1109 re
1022 1041 1142 1130 captat
1165 1035 1446 1110 benivolentiam
1472 1056 1496 1110 a
1520 1035 1624 1109 Fari·

391 1232 394 1238 ,
452 1159 537 1229 note
561 1153 734 1228 adiurans
759 1173 846 1227 eum
872 1173 938 1248 per
963 1153 999 1227 id
1023 1155 1122 1247 qnod
1140 1155 1305 1229 maxime
1321 1155 1464 1229 videtur
1482 1162 1622 1250 optare,

452 1272 550 1348 unde
573 1272 677 1348 dicit:
702 1276 738 1346 io
758 1276 900 1366 pronai,
925 1273 1059 1348 scilicet
1083 1274 1302 1369 Farinatam
1328 1277 1406 1365 del,
1435 1282 1491 1348 est
1514 1274 1623 1349 dictio

312 1436 315 1441 ,
449 1392 691 1487 deprecativa,
716 1394 940 1485 seioolieteme
963 1396 1173 1486 edelnodo,
1199 1394 1289 1469 idest
1318 1394 1447 1469 solvite
1469 1384 1506 1485 (²)
1532 1392 1621 1467 mibi

451 1511 539 1587 illud
563 1511 719 1586 dubium
744 1511 900 1607 difficile,
926 1515 986 1586 olle
1011 1517 1071 1606 qni
1085 1516 1132 1587 lta
1148 1517 1363 1607 inviloppotn
1387 1517 1460 1586 mlo
1484 1520 1621 1611 seroten-¹

451 1635 521 1724 oio,
546 1633 632 1726 quia
657 1633 793 1709 seilicet
816 1633 884 1708 ista
909 1632 1092 1708 derauso
1117 1654 1188 1731 ego
1212 1655 1286 1709 non
1317 1631 1485 1729 respondi
1510 1652 1622 1726 snpra

451 1752 669 1847 Cnvalcnnti,
694 1774 732 1825 se
755 1760 877 1826 vestm
901 1757 1071 1827 semenm’o
1101 1756 1215 1846 robori
1243 1757 1328 1846 mni,
1354 1753 1445 1828 idest
1468 1752 1499 1826 si
1523 1753 1622 1827 Dens

451 1872 514 1947 det
538 1878 688 1949 tantam
702 1872 859 1969 gratiam
884 1872 1185 1948 descendentibus
1214 1873 1344 1949 vestris
1373 1873 1471 1967 quod
1501 1871 1622 1946 adbuc

451 1992 642 2087 quieseant
665 1992 702 2067 in
727 1993 855 2088 patria,
881 1992 944 2086 qni
967 1983 1003 2086 (³)
1032 2013 1131 2068 nnnc
1155 1999 1242 2068 sunt
1264 1993 1414 2090 dispersi
1432 2015 1497 2089 per
1513 2014 1623 2091 mnn7

451 2113 553 2189 dnm.
579 2113 647 2187 Alii
673 2119 797 2188 tamen
822 2119 1011 2208 exponunt
1035 2115 1142 2190 aliter
1158 2121 1196 2190 et
1211 2114 1355 2190 dicunt:
1374 2115 1404 2188 si
1421 2115 1469 2188 illi
1495 2114 1542 2189 de
1557 2134 1623 2210 ge-

451 2254 541 2309 nere
566 2238 630 2309 tno
652 2234 841 2311 salventur
865 2239 902 2309 et
926 2234 1140 2328 perveniant
1156 2235 1201 2309 ad
1219 2234 1331 2310 vitam
1348 2241 1541 2309 aeternam:
1559 2233 1622 2308 sed

451 2353 569 2448 prima
594 2352 771 2448 expositio
796 2359 852 2428 est
876 2353 1007 2428 melior
1031 2359 1069 2428 et
1094 2353 1210 2450 magis
1240 2354 1287 2429 de
1317 2360 1442 2428 mente
1470 2353 1621 2447 ardoris,

451 2473 538 2567 quin
564 2473 637 2548 iam
662 2472 751 2547 dixit
776 2493 887 2569 snpra
913 2473 1081 2549 larinate
1097 2462 1146 2569 (⁸),
1161 2474 1260 2568 quod
1275 2473 1449 2570 dispersio
1466 2494 1620 2549 snorum
1671 2556 1674 2563 ,

451 2593 570 2689 magis
592 2592 780 2668 cruciabat
796 2613 897 2688 eum,
915 2614 1027 2688 quam
1044 2615 1120 2668 sun
1145 2615 1264 2689 poena.
1283 2595 1327 2669 Et
1343 2615 1430 2671 enee
1446 2594 1620 2669 dubium:
1704 2678 1716 2715 Ι

450 2715 484 2786 el
502 2733 575 2804 por
599 2714 659 2785 cle
684 2715 742 2784 voi
765 2714 897 2804 veotote
920 2735 957 2787 se
981 2715 1045 2787 beo
1069 2716 1153 2807 odo,
1170 2714 1274 2809 qnasi
1299 2714 1405 2810 dicet,
1431 2714 1462 2790 si
1487 2735 1618 2788 verum

450 2830 562 2905 audio
587 2851 610 2906 a
634 2831 814 2906 damnatis
831 2824 881 2927 (⁶),
906 2836 1066 2925 dinami,
1100 2834 1191 2910 idest
1223 2834 1368 2910 videtur
1397 2834 1497 2930 quod
1532 2840 1619 2910 ante

452 2949 614 3044 videatis,
639 2950 689 3025 ita
714 2952 813 3044 qnod
838 2951 944 3027 litera
968 2960 1049 3028 onte
1071 2954 1180 3029 debet
1204 2954 1366 3051 praeponi
1395 2955 1481 3029 bnic
1506 2955 1621 3030 rerbo

451 3069 613 3163 ridentis,
639 3073 719 3162 nuel
739 3074 800 3145 obe
816 3073 842 3144 'l
864 3079 975 3165 loono
998 3095 1077 3147 seco
1106 3075 1253 3166 adduce,
1282 3074 1373 3150 idest
1404 3074 1492 3149 illud
1522 3074 1620 3168 qnod

450 3194 506 3262 est
529 3189 697 3263 loturum
724 3190 761 3264 in
785 3197 964 3287 tempore,
986 3214 1005 3265 e
1027 3196 1255 3286 nelpresmo
1270 3197 1485 3268 meteone
1501 3194 1621 3285 modo,

449 3308 553 3401 quasi
570 3308 683 3384 dicat:
701 3319 738 3385 et
763 3331 785 3387 e
809 3319 937 3387 contra
962 3313 1133 3389 videmini
1149 3305 1185 3407 (⁶)
1212 3315 1385 3411 ignorare
1409 3314 1497 3390 illud
1522 3314 1621 3410 qnod

448 3433 504 3502 est
520 3428 557 3501 in
580 3431 749 3524 presenti
774 3436 1093 3526 tempore-Nol.
1121 3435 1185 3508 llic
1210 3442 1320 3510 antor
1344 3435 1445 3530 ponit
1470 3455 1621 3532 respon-

448 3547 587 3623 sionem
609 3549 788 3626 Fnrinatae
812 3551 859 3626 ad
884 3573 936 3647 se,
957 3553 1020 3646 qni
1046 3553 1207 3629 breviter
1231 3555 1326 3649 dicit,
1344 3554 1444 3648 quod
1459 3554 1620 3629 damnati

449 3668 572 3744 rident
597 3669 722 3746 sutura
739 3692 785 3747 eo
805 3673 927 3766 modo,
945 3693 1021 3766 quo
1038 3673 1097 3748 ille
1117 3675 1181 3768 qni
1197 3674 1308 3749 babet
1324 3674 1480 3750 debilem
1498 3675 1618 3750 risum

448 3787 546 3863 videt
578 3809 658 3865 rem
690 3791 863 3884 aliquam.
894 3792 947 3866 Ad
980 3793 1086 3867 cuins
1111 3795 1392 3889 comparationis
1416 3794 1619 3891 intelligen-

448 3909 535 3984 tiam
550 3900 587 4002 (⁷)
616 3916 702 3985 note
727 3912 827 4005 qnod
851 3912 1094 3988 diversimode
1118 3921 1306 4010 exponunt
1331 3915 1473 3990 literam
1500 3915 1617 3989 istam.
1647 3989 1651 3996 .

447 4029 567 4124 Aliqui
592 4031 690 4106 enim
715 4032 841 4107 dicunt
866 4033 965 4126 qnod
991 4033 1040 4108 illi
1070 4034 1132 4128 qni
1163 4035 1298 4110 nabent
1328 4036 1463 4110 malam
1495 4036 1617 4111 lucem
1702 4074 1703 4077 κ

449 4170 522 4223 non
543 4149 667 4225 vident
678 4140 716 4243 (⁸)
741 4151 863 4246 aliqua
881 4152 1053 4248 perfecte,
1072 4154 1137 4228 nisi
1155 4155 1358 4230 secundum
1377 4155 1476 4250 quod
1495 4161 1619 4230 osten·

509 4429 536 4489 (¹)
551 4428 577 4479 S.
593 4428 625 4479 de
642 4429 693 4479 rita
709 4428 748 4478 sul
764 4427 932 4480 Gnidonln-
942 4427 973 4479 lt.
989 4430 1021 4479 de
1038 4430 1088 4479 rita
1104 4431 1146 4483 rel
1162 4435 1230 4482 stetu
1246 4432 1285 4481 sni
1301 4430 1432 4481 Gnldonb.

508 4504 535 4565 (¹)
552 4504 578 4555 S.
594 4503 719 4555 nbsolrlto
734 4505 799 4556 mibi
814 4505 888 4557 illud.
898 4532 929 4544 -
939 4509 993 4567 llo,
1010 4506 1102 4557 solvite
1117 4508 1181 4558 mibi
1197 4508 1275 4565 istud.
1300 4542 1302 4547 ι

507 4581 535 4642 (¹)
552 4586 606 4644 tlt,
622 4582 684 4647 qula
698 4596 777 4634 nuno.
1174 4583 1200 4646 (·)
1217 4585 1247 4635 E.
1265 4584 1334 4637 idom
1350 4584 1476 4635 Fnrlnrtn

506 4657 535 4719 (“)
550 4658 581 4710 Ε.
597 4659 732 4720 dmmtls,
747 4661 783 4711 ltu
798 4660 869 4726 qnod
886 4660 956 4712 boot

506 4733 535 4797 (⁸)
552 4733 582 4785 lt.
599 4734 720 4787 ridentur
734 4736 855 4800 ignorum
870 4735 937 4787 lllnd
953 4736 1023 4800 qnod
1040 4736 1070 4788 tlt
1084 4738 1120 4789 ln.

507 4810 535 4874 (’)
551 4811 581 4862 lt.
598 4811 759 4864 intellsotum
775 4817 836 4864 nott
852 4813 923 4878 qnod
938 4814 1110 4868 dlrertlmode
1122 4815 1200 4866 rnnlll
1210 4817 1456 4880 exponunt-tlt.
1467 4813 1615 4879 intelligen-

446 4888 507 4939 tlrm
523 4893 584 4939 notu
599 4889 669 4953 qnod
685 4890 779 4941 diversi
794 4891 974 4943 dlverolmodo.
1175 4890 1203 4954 (¹)
1218 4896 1275 4954 ns,
1290 4891 1378 4944 rident
1394 4903 1450 4942 rem
1466 4889 1588 4954 nltqmm.
