4154 6546
579 767 627 836 at
977 783 1180 837 counvrou
1207 783 1357 836 turoam

575 927 802 1018 fimtimorum
817 929 968 1016 portum
981 929 1151 1016 emollio,
1165 929 1362 999 proteritate
1376 929 1600 1000 oortsr‘tt'orum
1613 935 1647 1001 et
1659 949 1751 1019 pro-

578 1048 680 1117 ot'tete
702 1046 885 1118 verborum
910 1052 944 1118 et
965 1067 1110 1138 operum
1134 1047 1352 1119 poenorum
1365 1052 1403 1118 ut
1416 1047 1535 1118 orbem
1558 1069 1631 1121 suoe
1655 1049 1750 1121 suoi-

577 1171 694 1236 oerent
708 1167 936 1237 dondtmtooi
947 1157 1276 1256 (¹).—Andoot.llio
1289 1169 1399 1238 autor
1413 1172 1579 1240 removet
1592 1167 1747 1241 alteram

577 1289 720 1378 partem
748 1284 897 1357 rationis
921 1285 998 1358 sive
1023 1284 1278 1378 persuasionis,
1296 1283 1488 1358 ostendens
1514 1284 1748 1378 quodetiam

578 1424 652 1478 non
673 1405 769 1478 valet
786 1405 815 1477 si
832 1405 969 1478 Paulus
986 1405 1050 1478 ivit
1063 1396 1114 1498 ι’),
1140 1404 1226 1499 quia
1251 1404 1361 1479 etiam
1387 1405 1572 1478 maximus
1597 1405 1749 1479 effectus

577 1530 615 1599 et
639 1525 798 1618 optimus
823 1524 964 1598 fructus
989 1532 1137 1599 secutus
1153 1531 1209 1599 est
1224 1544 1271 1599 ex
1291 1545 1347 1618 eo,
1365 1524 1501 1598 scilicet
1522 1524 1750 1600 confirmatio

580 1642 766 1716 catholiea
791 1642 885 1718 fidei.
912 1643 982 1719 Sed
1008 1644 1186 1738 numquid
1211 1643 1346 1717 Paulus
1366 1643 1430 1716 ivit
1451 1643 1557 1719 vivus
1572 1644 1617 1718 ad
1635 1644 1750 1718 lnler·

578 1765 695 1835 numi
720 1762 921 1836 Dicendum
947 1763 1109 1839 breviter
1134 1764 1233 1857 quod
1265 1763 1329 1837 ivit
1356 1763 1404 1836 ad
1431 1763 1631 1857 lnlernum,
1657 1765 1751 1838 Pur-

577 1881 774 1977 galorium,
800 1889 837 1957 et
862 1883 1087 1978 Paradisum,
1112 1882 1259 1977 quando
1285 1889 1410 1976 raptus
1435 1883 1502 1956 luit
1527 1883 1573 1956 ad
1599 1884 1749 1958 tertium

579 2003 728 2095 coelum,
754 2000 800 2076 de
825 2023 900 2097 quo
927 2009 1032 2097 raptu
1061 2002 1204 2077 dicetur
1237 2001 1398 2075 Paradisi
1427 2003 1585 2095 capitulo
1599 1994 1649 2094 (³).
1685 2004 1750 2078 Vel

578 2120 635 2194 dic
660 2126 698 2196 et
723 2121 855 2196 melius
879 2121 978 2215 quod
995 2127 1103 2196 autor
1120 2141 1194 2194 non
1219 2119 1382 2216 intelligit
1401 2121 1558 2194 Paulum
1579 2120 1686 2196 ivisse
1703 2122 1751 2197 ad

578 2239 765 2314 lnlernum
791 2240 855 2315 sed
879 2241 926 2314 ad
952 2240 1177 2313 Paradisum.
1200 2240 1302 2314 Unde
1328 2241 1406 2313 vult
1430 2259 1590 2335 arguere
1614 2240 1685 2315 sic:
1712 2240 1750 2314 Si

577 2361 695 2435 Eneas
721 2361 847 2436 vivens
872 2361 936 2435 ivit
960 2359 1007 2434 ad
1030 2360 1229 2454 lnlernum,
1256 2380 1329 2432 non
1363 2360 1530 2453 sequitur
1561 2360 1660 2454 quod
1684 2360 1751 2435 de-

578 2479 686 2554 beam
712 2479 766 2554 ire
791 2485 940 2574 propter
965 2500 1115 2553 causam
1137 2481 1217 2572 jam
1237 2479 1477 2575 assignatam3
1497 2487 1536 2553 et
1560 2480 1590 2553 si
1616 2480 1751 2554 Paulus

578 2597 704 2671 vivens
730 2597 793 2669 ivit
809 2597 855 2669 ad
872 2597 1099 2690 Paradisum,
1118 2618 1190 2670 non
1208 2598 1375 2690 sequitur
1392 2598 1491 2691 quod
1507 2619 1578 2695 ego
1594 2600 1750 2672 debeam

579 2715 644 2789 ire.
679 2714 793 2787 Cuius
826 2734 977 2787 oausam
1009 2715 1168 2810 assignat
1198 2716 1344 2790 dicens:
1379 2721 1414 2790 lo
1445 2740 1508 2790 ons
1541 2722 1575 2792 d'
1588 2721 1750 2809 eteziom,

579 2833 715 2908 scilicet
740 2834 887 2927 Paulus,
905 2854 1017 2927 quem
1043 2835 1141 2908 Deus
1158 2835 1267 2930 elegit
1284 2837 1350 2910 sibi
1373 2843 1562 2931 tamquam
1580 2858 1644 2911 vas
1661 2836 1751 2931 legis

579 2959 617 3027 et
641 2959 852 3027 sanctarum
878 2954 1143 3048 seripturarum
1178 2956 1394 3050 armarium,
1421 2964 1463 3030 ut
1492 2957 1577 3032 dicit
1609 2957 1752 3031 leroni-

580 3092 664 3145 mus
690 3071 725 3145 in
751 3072 942 3167 prohemio
968 3094 1079 3166 super
1095 3074 1276 3171 Genesim.
1303 3075 1347 3148 Et
1372 3082 1457 3149 nota
1477 3076 1577 3170 quod
1595 3097 1659 3150 vas
1675 3077 1752 3152 ele-

579 3189 706 3264 ctionis
722 3197 841 3284 potest
857 3192 1004 3286 proprie
1020 3193 1194 3287 appellari
1214 3192 1313 3286 illud,
1331 3193 1368 3266 in
1388 3214 1464 3287 quo
1481 3215 1610 3269 cursor
1630 3201 1752 3289 portat

579 3309 702 3383 literas
731 3309 867 3384 domini
900 3311 968 3404 sui,
1004 3312 1040 3383 in
1078 3312 1212 3406 quibus
1249 3312 1456 3389 continetur
1491 3315 1630 3408 electio,
1662 3315 1752 3390 idest

578 3430 747 3502 voluntas
772 3429 934 3524 Domini,
961 3435 998 3506 et
1024 3431 1104 3504 talis
1130 3431 1197 3505 luit
1221 3432 1367 3525 Paulus,
1395 3432 1481 3524 quia
1497 3421 1535 3523 (⁴)
1560 3440 1751 3527 tamquam

579 3548 728 3621 nuntius
752 3549 921 3642 portabat
946 3555 983 3623 et
1007 3549 1227 3644 praedicabat
1252 3551 1480 3645 electionem,
1503 3552 1595 3626 idest
1621 3554 1753 3626 volun·

579 3670 692 3741 tatem
709 3667 852 3740 Domini
878 3668 945 3740 sui.
972 3668 1025 3742 lta
1051 3669 1147 3763 capit
1163 3669 1403 3764 Philosophus
1422 3670 1638 3745 electionem
1657 3670 1750 3743 libro

578 3786 803 3879 Ethieorum,
821 3793 858 3860 et
878 3786 955 3860 lere
977 3786 1124 3881 ubique.
1150 3790 1290 3861 Audooi
1302 3791 1379 3880 poi,
1404 3787 1507 3881 idest,
1533 3787 1595 3864 ivit
1620 3794 1748 3882 postea

577 3906 624 3980 ad
649 3907 876 4001 Paradisum,
906 3908 965 3981 vel
979 3898 1017 3999 (⁵)
1050 3912 1262 4001 utrumque.
1297 3907 1340 3980 m
1373 3907 1468 3982 bene
1497 3907 1581 3981 dicit
1610 3913 1748 4002 postea,

579 4025 666 4118 quia
691 4026 768 4100 iere
792 4046 858 4121 por
884 4025 982 4100 mille
1006 4046 1122 4100 annos
1141 4033 1228 4100 ante
1244 4024 1312 4100 luit
1328 4027 1446 4101 Eneas
1462 4047 1575 4121 quam
1601 4027 1748 4102 Paulus.

578 4144 621 4217 Et
646 4144 753 4218 dicit:
773 4168 843 4238 per
867 4167 1015 4220 reeorne
1038 4150 1211 4240 rotperto,
1236 4145 1339 4240 idest,
1358 4153 1399 4220 ut
1414 4146 1615 4222 adduceret
1639 4146 1750 4221 robo-

579 4264 770 4360 rationem,
788 4287 812 4337 o
829 4270 941 4358 puolo
960 4269 1052 4361 sede,
1076 4265 1447 4360 scilicetehristianae,
1470 4259 1555 4338 cl’e'
1574 4268 1751 4359 mindpio

578 4407 601 4457 o
626 4389 663 4458 lo
688 4389 745 4459 om
770 4388 808 4459 di
830 4389 1046 4478 satvoziono,
1071 4385 1158 4480 quia
1183 4386 1262 4461 sine
1279 4385 1350 4461 fide
1369 4394 1425 4461 est
1442 4386 1661 4481 impossihile
1678 4386 1752 4460 sal·

640 4586 665 4644 (¹)
684 4590 738 4646 llo,
754 4587 852 4635 ditioni.
869 4587 924 4636 Lib.
937 4587 969 4647 V,
986 4601 1042 4650 cap.
1054 4587 1109 4638 Vll.

639 4665 667 4727 (Ἴ
683 4666 713 4714 R.
730 4667 752 4714 si
769 4664 865 4715 Paulus
881 4667 927 4715 ivit
943 4668 975 4716 nd
991 4666 1126 4716 lolarnum
1143 4669 1224 4725 virus,
1241 4669 1309 4731 quia.
