4154 6546
460 798 530 866 tao
710 887 719 905 ἱ
848 813 1053 869 conburunt
1078 815 1228 871 rursum

458 957 595 1032 Deinde
624 965 733 1032 autor
766 958 937 1033 describit
962 960 1106 1054 harpias
1132 960 1169 1033 in
1194 958 1405 1054 particulari
1430 957 1478 1032 ab
1502 958 1632 1032 babitu

457 1078 619 1171 corporis
643 1079 788 1152 dicens:
807 1082 857 1152 oli
880 1083 998 1152 lmrrrro
1024 1084 1120 1173 lutc,·
1139 1080 1216 1153 istae
1241 1099 1329 1152 aves
1346 1077 1633 1151 benedicuntur

456 1198 593 1271 babere
624 1198 700 1271 alas
717 1192 754 1290 (¹)
786 1206 824 1272 et
856 1200 1007 1293 amplas,
1042 1200 1128 1293 quia
1160 1199 1284 1273 volant
1312 1217 1378 1292 per
1413 1197 1631 1271 uuiversum

457 1318 513 1391 vel
529 1311 565 1410 (ξ)
586 1325 715 1414 tegunt
739 1326 857 1394 totum
883 1340 1022 1413 aerem,
1046 1321 1132 1413 quia
1158 1319 1349 1393 obfuscant
1374 1324 1491 1392 totum
1519 1337 1635 1390 mun-

455 1438 563 1532 dum,
589 1461 608 1511 a
632 1442 711 1511 cotti
734 1461 753 1511 a
777 1442 842 1513 vrri
865 1445 997 1531 oomni,
1024 1440 1114 1514 idest
1139 1439 1373 1532 seminarum,
1399 1439 1492 1512 sicut
1508 1438 1631 1513 Hora-

457 1558 527 1631 tius
556 1559 652 1653 capit
686 1560 890 1632 humanum
927 1560 963 1633 in
999 1559 1171 1633 iemiuino
1204 1578 1353 1655 genere,
1391 1578 1478 1630 cum
1517 1557 1627 1631 dicit:

454 1681 606 1751 trurauno
631 1682 736 1770 cubiti
750 1670 785 1771 (³)
812 1686 872 1752 etc.
899 1679 964 1753 llic
988 1686 1075 1753 nota
1095 1679 1195 1772 quod
1220 1678 1347 1772 barpia
1364 1678 1460 1751 bene
1475 1676 1630 1772 lingitur

457 1799 592 1872 babere
622 1800 766 1871 vultum
799 1799 1031 1895 virgineum3
1058 1800 1163 1895 virgo
1188 1799 1285 1874 enim
1315 1798 1449 1872 decora
1474 1804 1624 1891 aspectu

455 1939 523 1992 suo
551 1919 661 1993 allicit
692 1919 878 1993 bominem
911 1919 958 1993 ad
990 1919 1189 1993 amandum
1223 1939 1273 2011 se,
1300 1919 1348 1992 ita
1383 1917 1460 2011 ipsa
1484 1917 1626 2011 rapina,

454 2039 539 2132 quia
564 2039 672 2113 dulce
704 2038 848 2113 videtur
880 2039 1017 2112 bomini
1044 2039 1169 2113 vivere
1194 2058 1241 2112 er
1270 2037 1396 2112 alienis
1427 2036 1626 2131 laboribus,

452 2158 546 2230 sicut
574 2158 663 2231 dixit
698 2159 757 2232 sur
783 2159 931 2252 quidam
958 2160 1047 2232 dum
1073 2158 1272 2232 duceretur
1296 2157 1344 2231 ad
1376 2156 1628 2250 suspendium,-

452 2284 489 2350 ct
514 2277 766 2372 increparetur
790 2279 837 2353 de
862 2301 929 2352 sua
955 2278 1080 2352 infami
1107 2278 1191 2352 vita.
1211 2277 1321 2372 Virgo
1347 2276 1470 2370 etiam,
1492 2297 1629 2370 quam·-

452 2396 511 2468 diu
540 2398 657 2493 virgo,
684 2405 739 2473 est
764 2399 906 2493 steriliS,
934 2420 1001 2473 uec
1026 2400 1187 2472 fructum
1219 2398 1311 2492 parit
1324 2385 1376 2491 (⁴),
1401 2397 1452 2471 ita
1477 2407 1515 2472 et
1538 2416 1630 2471 ava

452 2516 553 2608 ritia;
574 2514 635 2608 pie*
660 2539 726 2590 cort
760 2522 893 2610 arripit,
922 2518 1018 2592 bene
1051 2518 1146 2610 dicit,
1173 2538 1258 2591 nam
1290 2516 1463 2590 dicuntur
1487 2516 1628 2589 babere

451 2635 559 2729 podes
583 2637 824 2731 gallinaceos3
850 2639 943 2710 sicut
969 2637 1064 2711 enim
1093 2656 1296 2728 numquam
1330 2636 1449 2731 gallus
1472 2641 1627 2708 conten·

452 2761 550 2829 tatur
568 2776 651 2829 esca
677 2757 837 2830 exhibita
856 2757 921 2830 sibi
948 2757 1025 2830 sine
1051 2777 1169 2850 raspa,
1187 2756 1237 2829 ita
1261 2775 1397 2828 avarus
1417 2776 1622 2848 numquam

451 2881 682 2949 contentatur
707 2876 907 2950 substantia
941 2876 1006 2949 sibi
1033 2876 1158 2953 relicta
1188 2875 1245 2950 vel
1279 2875 1468 2968 acquisita,
1493 2874 1522 2947 si
1549 2895 1623 2949 non

451 3015 595 3088 semper
628 2996 673 3070 de
703 3016 800 3069 noro
832 2996 934 3090 rapit.
966 2997 1051 3069 ldeo
1080 2995 1175 3070 bene
1200 2994 1370 3090 Virgilius
1399 2995 1461 3068 dat
1485 2994 1621 3089 harpiis

450 3136 581 3188 manus
613 3136 736 3208 uncas,
762 3122 803 3188 ut
828 3136 894 3210 per
920 3117 989 3190 boc
1013 3116 1161 3190 denotet
1186 3135 1319 3188 manus
1347 3115 1449 3189 avari
1474 3134 1621 3209 curvas,

450 3244 552 3330 aptas
584 3242 686 3309 natas
717 3236 763 3309 ad
799 3236 1026 3329 rapiendum,
1059 3258 1078 3308 c
1104 3242 1258 3327 perram
1295 3238 1321 3308 il
1356 3256 1453 3325 pron
1490 3241 1622 3325 ambe,

450 3358 535 3450 quia
554 3357 800 3432 insatiabiliter
818 3357 1016 3452 ingurgitat
1033 3357 1157 3430 omnia
1183 3363 1220 3429 et
1245 3356 1370 3450 sepelit
1387 3363 1424 3429 et
1444 3363 1568 3430 servat
1580 3347 1618 3447 (⁶)

448 3485 485 3552 et
512 3479 624 3553 nescit
655 3478 735 3570 cui,
761 3478 843 3550 ideo
875 3479 969 3551 bene
999 3477 1083 3550 dicit
1109 3476 1288 3572 Virgilius,
1322 3475 1421 3569 quod
1455 3466 1618 3568 babetl⁶l

449 3605 614 3673 ventrem
641 3597 800 3691 palidum
828 3598 935 3689 lame,
961 3598 1046 3691 quia
1074 3604 1116 3669 ut
1145 3597 1282 3670 dictum
1316 3604 1371 3671 est
1401 3598 1416 3669 l
1441 3597 1619 3691 capitulo:

448 3721 541 3810 Dipo
565 3721 591 3791 ’t
616 3725 721 3810 posto
745 3719 793 3788 bo
814 3713 876 3809 pail
897 3722 993 3810 sume
1015 3721 1076 3790 ebe
1097 3721 1206 3810 prio5
1232 3726 1269 3792 et
1293 3718 1400 3792 dicit:
1424 3722 1538 3812 [mmo
1563 3720 1621 3791 la-

447 3842 552 3910 menti
574 3860 616 3910 su
641 3841 665 3910 li
690 3839 964 3928 dehortatum,
992 3837 1087 3910 sicut
1118 3844 1203 3910 sunt
1234 3844 1419 3912 extraneae
1444 3858 1543 3931 aveS,
1569 3837 1620 3911 ita

447 3957 630 4030 nidificant
656 3957 691 4029 in
717 3956 901 4030 extraneis
925 3956 1130 4050 arboribus,
1149 3963 1185 4031 et
1211 3956 1347 4030 iaciunt
1367 3956 1620 4031 lamentabiles

446 4084 586 4170 cautus,
624 4078 682 4149 vel
717 4076 891 4169 elliciunt,
918 4076 1003 4170 quia
1036 4077 1199 4150 lacerant
1232 4076 1313 4150 lolia
1351 4076 1541 4170 arborum,
1579 4083 1619 4150 et

445 4196 610 4270 cruciant
640 4195 783 4268 animas
815 4196 972 4269 inclusas
998 4217 1081 4289 quae
1106 4217 1152 4270 err
1177 4196 1306 4270 dolore
1338 4203 1618 4290 oouqueruntur

445 4324 483 4390 et
507 4318 677 4409 clamant,
706 4322 745 4389 ut
771 4316 892 4389 statim
918 4315 1070 4390 dicetur.

519 4444 551 4509 a
569 4441 594 4510 ’t
616 4439 707 4510 buon
733 4446 895 4510 meestro.
922 4439 992 4510 lsta
1020 4444 1075 4511 est
1100 4437 1258 4511 secunda
1277 4458 1362 4531 pars
1378 4437 1559 4533 generalis
1577 4436 1614 4510 in

503 4695 531 4757 (¹)
541 4695 572 4745 ὃ.
590 4696 642 4745 alu
658 4697 765 4759 amplas.
1171 4697 1199 4759 (¹)
1214 4697 1240 4746 S.
1256 4710 1272 4747 e
1288 4697 1319 4747 Β.
1336 4702 1363 4749 et
1378 4701 1478 4761 legum.

503 4773 529 4830 (⁸)
546 4771 575 4820 Ε.
592 4773 670 4834 cupiti
685 4775 805 4824 mroicem
819 4776 901 4838 pictor
916 4774 1044 4838 equinam.
1170 4773 1197 4834 (⁸)
1214 4774 1239 4824 S.
1256 4773 1326 4824 lacit

502 4848 530 4908 (¹)
546 4847 572 4897 S.
589 4861 604 4896 e
621 4849 651 4898 E.
668 4854 695 4898 et
711 4857 846 4902 conservat
860 4857 887 4902 et
904 4852 993 4901 nescit.
1004 4878 1034 4889 -
1045 4857 1099 4913 tta,
1116 4857 1202 4902 serrat
1217 4858 1243 4902 ct
1259 4852 1374 4902 nescitur
1389 4851 1440 4903 cui.

503 4923 531 4987 (⁸)
546 4924 578 4975 E.
593 4925 662 4988 quod
679 4926 773 4977 babent
790 4934 916 4979 ventrem.
926 4933 1021 4990 -tta,
1036 4928 1106 4993 quod
1123 4928 1199 4980 babet
1214 4943 1244 4981 oe
1255 4929 1384 4995 palidum.
