4154 6546
785 785 923 841 cnutus
950 784 1106 839 nncruus
1131 746 1311 837 rennos(
1548 766 1618 832 llo

446 930 640 1024 loquentis
655 929 810 1004 finaliter
827 929 953 1004 videns
978 930 1079 1003 illum
1107 934 1242 1021 tacere,
1260 925 1381 1020 incipit
1407 925 1482 1019 ipse
1500 922 1619 1016 loqui3

447 1050 529 1125 ideo
555 1050 663 1124 dicit:
690 1072 709 1122 e
733 1053 798 1142 poi
827 1053 918 1123 disse
941 1054 969 1123 il
986 1057 1093 1144 poeto
1118 1072 1142 1120 o
1167 1071 1245 1121 me:
1268 1067 1337 1119 non
1358 1048 1492 1139 perdor
1516 1047 1621 1116 loro

447 1171 498 1245 do
522 1173 597 1244 olel
618 1174 650 1243 si
673 1178 760 1260 tuce,
780 1173 863 1242 olr’o
884 1174 1015 1263 perdor
1041 1177 1151 1262 tempo
1169 1192 1193 1240 o
1209 1170 1263 1241 ciri
1273 1161 1337 1259 piri
1353 1188 1396 1239 so
1409 1161 1469 1258 pici
1485 1166 1622 1256 spiooe;

448 1310 510 1364 mo
529 1293 642 1383 porlo
666 1312 685 1362 e
708 1293 819 1363 cltmdi
842 1311 865 1361 o
891 1293 939 1362 lot
962 1312 999 1362 se
1017 1285 1081 1381 piri
1098 1292 1124 1361 ti
1137 1292 1252 1381 piace,
1271 1286 1374 1380 quasi
1399 1285 1517 1360 dicut:
1538 1282 1623 1357 satis

448 1411 595 1487 videtur
620 1413 687 1485 isle
712 1410 925 1485 satisfecisse
950 1409 1111 1507 petitioni
1147 1431 1258 1502 quum
1289 1406 1355 1482 sibi
1382 1406 1460 1498 leci,
1487 1403 1622 1479 scilicet

448 1532 531 1626 quis
550 1538 647 1626 erut3
664 1532 746 1607 ideo
772 1538 811 1605 tu
833 1537 916 1626 pete
942 1531 1051 1605 modo
1068 1531 1098 1604 si
1124 1530 1178 1604 vis
1194 1529 1323 1603 audire
1347 1527 1456 1601 uliud.
1474 1528 1519 1600 Et
1535 1526 1624 1599 sun

448 1650 502 1725 dit
525 1651 711 1744 quomodo
737 1650 962 1725 commiserit
988 1650 1106 1724 vicem
1132 1670 1238 1722 snam
1266 1647 1414 1744 Virgilio
1444 1667 1623 1721 excusans

448 1791 490 1846 se
514 1772 612 1865 quod
638 1771 714 1866 ipse
739 1792 813 1845 non
839 1778 969 1866 posset.
988 1770 1079 1845 Dicit
1105 1791 1216 1866 ergo:
1248 1772 1330 1842 mrd’
1342 1772 1377 1842 io
1402 1790 1427 1841 o
1450 1772 1511 1860 lot,
1536 1789 1624 1862 sup-

448 1892 510 1987 ple
537 1892 634 1966 dixi:
660 1895 847 1966 dimoodol
878 1899 913 1964 tu
943 1913 1054 1964 oncor
1087 1893 1126 1964 di
1156 1894 1235 1982 quel
1257 1893 1317 1963 cle
1340 1891 1437 1963 credi
1460 1891 1547 1961 clr'o
1572 1910 1626 1961 me

449 2012 673 2105 mdtssoccio,
692 2013 796 2107 quasi
822 2012 939 2087 dicat:
960 2019 996 2086 tu
1025 2012 1094 2086 scis
1120 2011 1357 2086 intentionem
1384 2029 1506 2084 meam
1532 2009 1626 2083 sicut

451 2139 490 2208 et
505 2151 593 2229 eg03
611 2132 693 2208 ideo
717 2139 801 2228 pete
821 2133 867 2207 de
893 2133 948 2205 his
966 2154 1049 2227 quae
1074 2133 1294 2207 satisfaciant
1311 2138 1396 2206 voto
1414 2151 1509 2224 meo,
1528 2132 1579 2202 clt'
1591 2133 1626 2202 io

451 2273 525 2326 non
543 2256 672 2345 potrei,
690 2253 824 2329 scilicet
849 2261 975 2349 petere
1000 2253 1151 2348 aliquid3
1170 2260 1207 2327 et
1232 2273 1318 2328 ecoe
1334 2273 1505 2327 causam:
1527 2258 1624 2324 tuoto

448 2363 545 2467 nield
574 2376 772 2447 m'ocooro.
800 2375 844 2447 Et
876 2374 934 2448 hic
965 2380 1049 2447 nota
1084 2372 1182 2467 quod
1207 2379 1315 2446 autor
1340 2373 1435 2448 bene
1461 2370 1562 2469 fingit
1587 2392 1627 2445 se

454 2493 611 2588 compati
638 2493 706 2587 isti,
732 2493 819 2588 qnia
845 2493 950 2567 multi
976 2493 1043 2568 viri
1070 2493 1226 2568 illustres
1258 2493 1383 2587 armis,
1408 2493 1565 2568 scientiis
1590 2499 1627 2567 et

455 2612 651 2688 virtutibus
676 2614 906 2689 devenerunt
929 2615 975 2689 ad
1001 2617 1082 2708 hoc,
1108 2616 1206 2709 quod
1220 2607 1257 2707 (¹)
1284 2635 1324 2689 so
1357 2621 1485 2710 sponte
1510 2615 1624 2691 inter-

454 2732 633 2827 fecerunt,
651 2754 812 2828 qnorum
839 2735 1048 2809 multisunt
1072 2735 1207 2810 laudati
1227 2756 1250 2809 n
1275 2735 1399 2809 multis
1423 2735 1624 2810 autoribus.

453 2852 590 2928 Deinde
607 2861 716 2927 autor
732 2854 832 2948 ponit
849 2855 1050 2929 orationem
1071 2855 1205 2950 Virgilii
1227 2855 1274 2929 nd
1290 2855 1427 2929 dictum
1445 2855 1626 2950 spiritum,

455 2973 518 3067 qui
536 2973 624 3068 petit
640 2972 686 3048 de
702 2974 847 3048 duobus
863 2975 1035 3049 adiurans
1055 2995 1141 3049 enm
1165 2973 1282 3068 perid
1300 2974 1398 3068 quod
1424 2974 1483 3048 ille
1508 2974 1627 3047 maxi-

455 3112 518 3168 me
542 3092 734 3167 videbatur
759 3100 906 3189 optare3
932 3095 1033 3169 unde
1057 3094 1161 3169 dicit:
1184 3085 1272 3187 perd
1296 3087 1511 3184 rt'oominotd,
1537 3093 1627 3168 idest

457 3214 627 3310 Virgilius
657 3215 766 3309 coepit
795 3215 929 3291 iterum
962 3216 1099 3309 alloqui
1134 3215 1236 3288 illum
1267 3215 1446 3309 spiritum,
1480 3214 1625 3288 dicens:

454 3355 492 3408 se
515 3337 638 3426 duom,
657 3334 747 3409 idest
772 3335 801 3408 si
828 3335 894 3410 iste
918 3338 1052 3411 llantcs
1076 3336 1183 3410 vivus
1199 3328 1235 3429 (¹)
1254 3336 1440 3410 rediturus
1456 3335 1502 3409 nd
1520 3356 1630 3408 mun·

455 3455 557 3548 dum,
575 3455 624 3528 itu
642 3455 740 3548 quod
758 3462 813 3529 est
838 3456 958 3530 adhuc
975 3458 1098 3550 homo,
1116 3477 1186 3552 ego
1204 3476 1294 3530 vero
1312 3476 1385 3529 non
1404 3476 1487 3529 sum
1505 3457 1629 3548 homo,

456 3574 551 3650 sicut
574 3574 710 3648 dictum
737 3582 791 3650 cst
817 3577 831 3649 l
856 3577 1013 3672 capitulo
1037 3578 1181 3672 Inferni,
1208 3579 1271 3652 ubi
1297 3577 1405 3652 dixit:
1423 3598 1495 3650 non
1510 3598 1628 3670 omno,

456 3715 560 3769 conto
584 3686 646 3786 oid
666 3700 721 3790 sui
732 3722 744 3769 .·
760 3738 810 3751 —
826 3701 852 3770 o·
885 3702 1000 3792 soccia
1024 3700 1245 3772 liberamento
1270 3694 1323 3773 oid
1356 3701 1415 3772 cite
1431 3702 1457 3772 'l
1480 3707 1537 3773 too
1570 3702 1628 3774 dir

453 3837 581 3909 prena,
607 3815 697 3890 idest
727 3817 894 3892 restituat
923 3818 986 3891 tibi
1016 3818 1151 3892 bonam
1179 3819 1313 3894 lamam
1348 3819 1549 3893 inmundo
1575 3819 1629 3894 vi·

458 3937 634 4031 rentium,
660 3937 755 4011 sicut
780 3949 819 4014 tu
846 3938 954 4033 paulo
983 3946 1069 4014 ante
1099 3941 1260 4036 petebas,
1286 3963 1308 4014 o
1332 3944 1443 4033 spirto
1472 3943 1629 4014 imorce-

457 4066 550 4150 roto,
568 4077 697 4132 omncs
714 4059 861 4153 spiritus
885 4059 1145 4135 damnatorum
1172 4069 1257 4135 sunt
1280 4061 1469 4155 carcerati,
1488 4061 1551 4137 sed
1572 4062 1626 4135 isti

456 4177 635 4274 desperati
650 4168 688 4270 (³)
705 4199 771 4274 per
796 4180 1048 4255 excellentiam
1075 4190 1227 4277 possunt
1252 4181 1320 4255 dici
1346 4182 1537 4276 carcerali,
1562 4204 1630 4255 on·

415 4359 418 4364 .
455 4318 520 4371 cor
544 4301 733 4391 moloonia
757 4302 795 4372 dt
818 4303 933 4391 dirm,
950 4301 1054 4395 qnasi
1079 4302 1186 4396 dicat,
1205 4322 1277 4375 non
1302 4301 1479 4399 graveris,
1498 4322 1630 4396 quam-

455 4417 511 4493 vis
538 4425 679 4494 crescat
707 4419 812 4494 dolor
849 4428 936 4495 tuus
965 4443 1010 4496 ex
1044 4425 1125 4517 hoc,
1155 4445 1251 4495 come
1287 4425 1457 4513 domimo,
1495 4417 1630 4497 scilicet

455 4538 616 4617 alicuius,
634 4539 922 4634 desperantem·
946 4544 1024 4631 leon
1048 4545 1086 4614 in
1111 4547 1219 4633 questi
1241 4544 1373 4633 coccii,
1399 4541 1491 4617 idest
1505 4531 1542 4634 (⁸)
1567 4564 1630 4617 ar-

457 4658 608 4733 boribus
633 4659 787 4754 nodosis,
814 4661 974 4756 spinosis.
994 4661 1055 4733 Est
1078 4681 1170 4757 ergo
1196 4661 1313 4756 prima
1338 4661 1486 4757 petitio:
1512 4663 1631 4757 qnali-

519 4832 547 4894 0)
562 4831 595 4881 ll.
609 4831 708 4882 sellloet
724 4833 793 4896 quod
809 4846 837 4882 sc
852 4838 951 4896 sponte.
985 4833 1012 4895 (¹)
1031 4839 1084 4893 tlt,
1101 4834 1197 4885 virens.

520 4905 595 4969 (nrt
611 4910 745 4959 armti.
986 4907 1630 4969 elsmuroarrnuuurnorruurnoomum
