4154 6546
647 802 785 859 munus
809 803 964 860 DECIMUS
987 803 1170 858 samatus.
1420 789 1488 855 561

321 947 415 1020 ciam
448 948 557 1023 babet
589 947 665 1042 ipsa
698 947 809 1042 trans,
832 948 931 1043 quod
963 947 1113 1023 inermis
1146 947 1258 1022 vincit
1291 954 1490 1040 armatum,

321 1088 460 1161 pauper
491 1068 652 1162 divitem,
683 1089 820 1162 parvus
851 1088 1040 1165 magnum.
1067 1068 1286 1162 Exemplum
1312 1068 1494 1140 babemus

320 1185 538 1282 llannibaliS,
573 1189 635 1282 qui
671 1189 737 1261 luit
772 1188 1137 1280 fraudulentissimus,
1164 1193 1201 1261 et
1228 1188 1334 1281 plura
1365 1186 1493 1259 fraude

323 1327 434 1399 quarn
461 1307 599 1381 viribus
624 1309 718 1402 lecit,
737 1315 779 1382 ut
799 1329 896 1403 saepe
913 1315 1014 1404 patet
1031 1308 1128 1404 apud
1147 1306 1267 1380 Titum
1285 1305 1427 1381 Livium
1444 1305 1492 1380 de

321 1426 481 1501 secundo
494 1427 589 1503 bello
601 1429 745 1523 punico.
762 1429 939 1502 Hannibal
957 1447 1119 1522 namque
1131 1448 1218 1501 cum
1231 1426 1345 1501 semel
1364 1433 1492 1520 captus

320 1553 415 1621 esset
439 1567 462 1621 a
486 1549 598 1623 Fabio
624 1550 787 1623 maximo
810 1550 951 1625 artibus
971 1550 1059 1641 suis,
1077 1549 1163 1643 qnia
1180 1549 1317 1623 scilicet
1332 1548 1492 1622 circum-

319 1679 450 1745 ventus
467 1678 548 1744 erat
564 1670 698 1743 insidiis
724 1670 967 1766 inexcogitata
984 1670 1125 1763 fraude,
1139 1669 1292 1744 Fabium
1310 1668 1439 1742 clausit
1453 1661 1489 1760 ζ’)

320 1797 357 1864 et
382 1790 507 1864 evasit.
527 1791 679 1886 Collegit
704 1791 801 1865 enim
828 1810 958 1865 omnes
982 1791 1096 1865 boves
1120 1797 1157 1864 et
1181 1798 1309 1865 tauros
1335 1789 1398 1883 qui
1423 1809 1492 1883 po-

321 1917 475 1985 tuerunt
509 1911 662 1986 inveniri
688 1911 725 1985 in
749 1931 880 2005 campo
913 1932 993 2005 suo,
1024 1912 1087 2004 qui
1117 1913 1267 1985 luerunt
1294 1911 1392 1984 circa
1417 1910 1492 1985 duo

321 2031 432 2105 millia
458 2052 626 2124 numero,
653 2037 692 2106 et
716 2031 799 2106 iecit
824 2032 870 2105 ad
894 2051 1034 2105 cornua
1051 2031 1219 2106 omnium
1236 2030 1377 2127 alligari
1394 2029 1492 2105 laces

321 2152 491 2228 ardentes
516 2159 553 2227 et
577 2153 744 2226 llammas
769 2130 906 2249 igneas,
925 2162 962 2226 et
985 2152 1082 2226 circa
1106 2152 1249 2226 initium
1273 2151 1387 2226 noctis
1409 2150 1493 2224 iecit

321 2293 385 2345 eos
409 2273 492 2346 duci
526 2293 654 2347 versus
687 2281 840 2366 montes,
875 2293 968 2367 quos
997 2280 1267 2366 occupaverant
1294 2273 1427 2366 hostes,
1454 2277 1491 2344 et

323 2393 435 2466 boves
460 2392 562 2466 duris
586 2392 803 2468 verberibus
828 2399 865 2467 et
889 2392 1006 2466 acutis
1031 2393 1185 2466 bimulis
1206 2391 1330 2487 urgeri
1358 2398 1395 2465 ct
1420 2391 1491 2463 im-

324 2512 406 2606 pelli
437 2519 565 2586 contra
591 2523 749 2606 montem
775 2532 822 2588 ex
848 2534 923 2606 qno
951 2513 1064 2588 bores
1089 2513 1201 2587 celeri
1231 2513 1324 2587 saltn
1359 2531 1494 2606 perve-

325 2634 464 2708 nientes
483 2633 529 2706 ad
546 2633 739 2707 cacumina
758 2634 951 2728 montium,
975 2634 1168 2730 instigante
1185 2632 1308 2709 calore
1328 2634 1391 2727 qui
1409 2654 1493 2728 per-

325 2761 477 2828 venerat
501 2754 548 2828 ad
572 2754 701 2848 capita,
727 2754 994 2848 precipitanter
1010 2747 1047 2846 (²)
1074 2753 1328 2828 discurrebant
1354 2754 1493 2848 furiosi,

325 2873 373 2946 ita
398 2873 496 2966 quod
523 2881 620 2948 totus
644 2893 711 2947 aer
735 2872 867 2947 ardere
892 2873 1095 2949 videbatur.
1120 2873 1227 2961 Quod
1243 2873 1406 2949 ridentes
1432 2894 1494 2948 ro-

324 2993 422 3067 mani
440 2993 504 3087 qui
521 2993 679 3067 latebant
696 2993 733 3066 in
749 2993 895 3088 insidiis,
920 3001 1143 3088 putaverunt
1161 3016 1202 3069 se
1223 2995 1494 3069 circumventos

322 3114 370 3186 ab
395 3115 606 3207 Hannibale,
632 3114 731 3188 unde
755 3114 870 3188 armis
898 3114 1047 3189 abiectis
1080 3115 1261 3189 dederunt
1291 3136 1332 3190 se
1362 3135 1492 3190 omnes

321 3233 419 3329 sugas
444 3234 625 3328 benefitio,
650 3240 687 3308 et
712 3234 763 3308 sic
788 3235 965 3309 Hannibal
998 3235 1112 3310 libere
1143 3236 1257 3310 evasit
1286 3256 1332 3310 ex
1358 3235 1494 3310 monti-

322 3354 402 3447 bus,
428 3354 523 3428 intra
549 3375 643 3447 quos
668 3361 749 3429 orat
773 3355 945 3429 inclusus,
972 3356 1030 3430 Sic
1055 3356 1286 3453 igiturpatet
1306 3357 1494 3449 quomodo

323 3472 423 3546 trans
448 3474 556 3569 tregit
588 3494 694 3549 arma
728 3495 813 3567 qnae
843 3475 897 3550 ris
927 3476 1076 3551 vincere
1105 3498 1178 3552 nou
1209 3484 1363 3573 poterat,
1389 3482 1427 3551 et
1451 3487 1494 3553 ut

322 3594 393 3666 cito
418 3593 557 3667 dicam:
582 3600 673 3668 Ecco
697 3599 782 3668 colet
805 3597 865 3668 cle
891 3603 973 3669 ordo
996 3599 1025 3669 il
1048 3600 1176 3670 mondo
1202 3619 1381 3690 oppuzzo,
1405 3598 1492 3690 quia

323 3713 524 3809 corrumpit
549 3734 698 3788 omnem
724 3715 833 3790 tidem
860 3723 897 3790 et
921 3716 1098 3811 depravat
1115 3707 1153 3810 (³)
1180 3737 1329 3792 omnem
1356 3718 1494 3793 verita·

323 3841 410 3927 tem,
443 3841 479 3908 et
509 3835 560 3908 sic
588 3841 707 3909 totum
737 3836 918 3910 mundum
952 3837 1123 3911 maculat.
1143 3877 1193 3893 -
1210 3844 1243 3911 Ε
1273 3842 1396 3932 quello.
1427 3838 1493 3912 llic

321 3960 430 4027 autor
446 3953 615 4028 describit
631 3975 821 4030 accessum
839 3957 1005 4031 Gerionis
1021 3959 1067 4032 ad
1089 3958 1216 4053 ripam,
1236 3965 1387 4056 tangens
1406 3959 1492 4033 bre-

321 4075 416 4152 viter
439 4076 653 4179 allegoriam
679 4077 790 4170 ipsius
809 4066 860 4170 (⁴),
878 4078 1020 4153 dicens:
1047 4100 1066 4151 e
1090 4084 1204 4172 mlada
1228 4102 1339 4153 cozzo
1364 4082 1491 4153 immo-

320 4199 400 4287 911)
423 4197 461 4269 dt
481 4199 605 4289 frodo,
631 4196 722 4270 idest
746 4196 880 4270 Gerion
912 4198 1032 4293 ligura
1066 4201 1183 4294 turpis
1216 4200 1400 4295 triformis,
1429 4222 1492 4274 sen

321 4337 441 4409 venne,
461 4317 596 4391 scilicet
619 4338 642 4391 a
666 4317 803 4393 dextris
828 4317 923 4391 illins
948 4318 1028 4414 rivi,
1053 4327 1087 4393 ct
1105 4314 1230 4393 mntod
1247 4324 1284 4394 lo
1301 4329 1399 4413 testu,
1418 4322 1489 4397 sci-

322 4436 405 4511 licet
428 4448 538 4532 caput
562 4438 662 4530 quod
686 4437 879 4514 videbatur
903 4439 1122 4533 humanum,
1148 4444 1209 4514 c’l
1227 4443 1339 4533 busto,
1355 4443 1493 4519 scilicet

322 4557 505 4650 reliquum
531 4578 665 4652 corpus
690 4558 788 4654 quod
814 4565 894 4633 erat
918 4560 1187 4655 serpentinum,
1205 4584 1264 4636 mo
1288 4584 1360 4637 non
1380 4571 1493 4638 unare

384 4785 410 4846 (¹)
426 4782 460 4844 S,
479 4785 509 4835 ll.
525 4799 540 4836 a
557 4789 610 4845 tta,
627 4785 713 4837 elusit.

383 4861 411 4922 Ρ)
428 4864 482 4921 nt,
499 4863 692 4926 proclpltabant
706 4866 734 4913 et
748 4861 1009 4915 discumbunt-s,
1026 4864 1219 4928 pmclpltnnter
1234 4865 1382 4919 metant

385 4935 412 4999 (⁸)
428 4937 458 4989 B.
473 4939 585 4989 damnat.
995 4940 1022 5003 (¹)
1039 4941 1070 4991 E.
1086 4941 1149 4992 clun.

453 5044 471 5087 1.
1330 5051 1359 5096 ὅ
