4154 6546
789 805 928 862 caurus
952 805 1110 861 uncinos
1134 803 1295 869 rennos.
1553 795 1624 863 aba

452 952 539 1046 suis,
565 951 652 1045 quia
678 951 771 1025 sieut
796 971 930 1026 cervus
954 961 1010 1027 est
1034 950 1170 1024 animal
1195 948 1368 1044 pavidum
1386 942 1422 1041 (¹)
1445 957 1482 1025 et
1498 951 1626 1048 lugan,

451 1071 502 1146 ita
534 1069 676 1145 debitor
707 1069 840 1144 timore
869 1068 1094 1144 creditorum
1125 1074 1181 1142 est
1205 1089 1352 1163 semper
1377 1069 1563 1166 fugitivus,
1589 1080 1627 1148 et

451 1192 522 1265 boc
550 1189 704 1264 faciente
737 1181 945 1283 Diana*l²),
971 1188 1062 1263 idest
1087 1189 1291 1281 venatione,
1318 1188 1405 1282 quia
1430 1190 1545 1264 lliana
1570 1199 1628 1267 est

451 1310 521 1385 dea
536 1301 573 1402 (³)
601 1309 814 1402 venationis,
841 1309 927 1403 quia
948 1309 1094 1403 juvenis
1114 1308 1288 1404 prodigus
1305 1309 1458 1385 intendit
1474 1311 1627 1385 canibus

450 1437 488 1506 et
512 1413 765 1505 venationibus
791 1428 939 1522 quando
958 1428 1068 1503 debet
1084 1448 1218 1503 vacare
1238 1429 1314 1503 suis
1334 1429 1437 1506 lactis
1452 1436 1490 1504 et
1510 1431 1626 1505 bone-

449 1550 514 1624 stis
542 1548 687 1642 studiis3
719 1548 817 1622 unde
847 1548 1020 1622 Horatius
1044 1548 1081 1621 in
1107 1569 1176 1622 sua
1200 1549 1340 1642 poetria
1365 1549 1412 1624 de
1432 1549 1573 1643 juvene
1587 1539 1625 1643 (⁸)

449 1670 551 1747 dicit:
574 1671 826 1762 duodecennis
850 1671 1058 1760 oombnsque
1081 1676 1141 1742 eto.
1168 1669 1273 1743 Nunc
1294 1669 1341 1743 ad
1365 1669 1510 1744 literam
1539 1670 1625 1744 dicit

449 1797 577 1865 autor:
603 1796 638 1862 et
656 1808 736 1861 ecco
755 1791 842 1881 dom
868 1787 925 1861 isti
951 1788 1027 1863 duo
1051 1793 1157 1863 erant
1183 1787 1332 1882 quidam
1350 1787 1472 1863 Lanus
1492 1809 1625 1864 senen·

449 1909 510 2003 sis,
539 1914 578 1982 et
609 1907 758 2002 qnidam
792 1907 948 1981 Jaeobus
982 1905 1184 2002 paduanus,
1210 1908 1260 1979 do
1284 1911 1321 1980 lo
1345 1911 1490 1981 dunno
1514 1915 1624 2000 costo,

449 2028 542 2103 idest
573 2027 663 2121 ripa,
696 2026 783 2120 quia
811 2046 958 2122 semper
984 2047 1051 2121 per
1074 2027 1261 2102 internum
1287 2028 1442 2102 tendunt
1466 2029 1513 2103 ad
1537 2029 1624 2104 sini-

373 2181 382 2200 ·
449 2153 575 2241 stram,
600 2150 697 2239 nudi,
723 2146 810 2239 quia
834 2146 892 2218 isti
917 2146 1157 2220 violentantes
1182 2146 1278 2220 bona
1303 2167 1371 2222 sna
1396 2167 1493 2243 saepe
1513 2149 1625 2223 deve-

451 2267 557 2340 niunt
571 2258 608 2357 (⁵)
635 2264 682 2338 ad
707 2270 846 2338 tanmm
873 2263 1075 2338 nuditatem
1093 2255 1129 2356 (⁶)
1157 2271 1194 2338 et
1219 2265 1503 2360 mendicitatem,
1524 2267 1622 2361 quod

451 2406 525 2460 non
549 2390 700 2479 possunt
725 2383 792 2457 sibi
818 2389 966 2479 tergere
981 2372 1018 2476 (⁷)
1046 2384 1185 2477 culum,
1211 2407 1230 2457 e
1253 2389 1421 2477 mamati,
1447 2386 1623 2461 sciliceta

451 2505 617 2599 canibus,
634 2506 694 2577 alte
715 2506 759 2577 de
780 2508 817 2577 lo
832 2508 929 2577 selvo
954 2525 1147 2597 rompeono
1164 2507 1249 2595 opni
1263 2513 1385 2598 rosto;
1411 2506 1505 2580 sieut
1528 2527 1624 2602 saepe

447 2625 486 2698 in
512 2623 652 2697 mundo
685 2624 754 2698 isto
785 2623 930 2719 lugiunt
955 2623 1002 2697 de
1027 2624 1138 2697 domo
1163 2624 1201 2697 in
1225 2625 1377 2698 domurn
1405 2632 1619 2720 rumpentes

448 2745 576 2822 turbas
592 2744 831 2834 obviantium,
844 2749 911 2817 aut
927 2743 1175 2818 resistentium
1193 2744 1313 2818 eis—
1329 2748 1422 2833 Quot.
1434 2745 1499 2819 llic
1510 2753 1621 2821 autor

448 2864 614 2957 ostendit,
635 2864 821 2956 quomodo
838 2883 878 2937 se
895 2863 1091 2937 habuerint
1101 2853 1137 2955 (⁸)
1157 2863 1213 2936 isti
1230 2863 1305 2938 duo
1321 2862 1502 2960 fugientes
1523 2888 1621 2941 nnus

447 2989 529 3079 post
553 2984 693 3077 alium,
719 2989 756 3057 et
780 2984 900 3078 primo
926 2983 1126 3076 deprimo.
1160 2982 1215 3056 nd
1246 2983 1352 3056 cuius
1377 2971 1628 3079 cognitionem

448 3113 504 3179 est
528 3103 691 3178 breviter
715 3100 994 3197 praesciendum,
1012 3102 1110 3193 quod
1132 3102 1169 3173 in
1186 3100 1378 3176 millesimo
1396 3103 1626 3179 CCLXXVlll

448 3223 628 3298 llorentini
648 3243 735 3297 cum
757 3222 835 3297 aliis
854 3222 962 3296 terris
979 3221 1147 3317 guelpbis
1172 3221 1309 3314 tusoiae,
1331 3222 1504 3318 videntes,
1522 3227 1622 3319 qnod
1712 3202 1718 3223 ’

447 3342 690 3438 Guiglielmus
703 3333 740 3434 (⁹)
767 3342 814 3416 de
844 3340 1026 3415 Ubertinis
1050 3340 1097 3415 de
1128 3341 1264 3434 bretio,
1290 3341 1480 3437 episeopus
1502 3346 1623 3419 areti-

448 3458 529 3555 nus,
555 3463 612 3535 vir
637 3461 917 3554 valentissimus,
943 3460 1097 3535 iaciebat
1122 3466 1231 3555 caput
1256 3459 1293 3533 in
1318 3462 1442 3536 stratio
1460 3483 1546 3537 cum
1564 3486 1623 3541 se·

448 3582 627 3678 quaoibus
657 3580 860 3676 ghibellinis
890 3580 936 3655 de
965 3580 1093 3674 tuscia,
1119 3581 1165 3655 de
1191 3582 1428 3676 romandiola,
1457 3585 1621 3660 marcbia

447 3711 486 3779 et
513 3703 671 3795 dnoatu3
702 3701 777 3795 qui·
799 3705 1022 3796 oongregata
1059 3707 1170 3795 gente
1199 3701 1361 3794 equestri
1390 3709 1429 3776 et
1462 3704 1621 3798 pedestri

448 3823 711 3919 belligerabant
743 3841 855 3915 super
887 3820 1101 3897 comitatum
1136 3819 1330 3894 Florentiae
1360 3831 1396 3897 et
1425 3823 1619 3919 Senarum,

448 3942 745 4020 deliberaverunt
770 3941 940 4016 resistere
964 3940 1128 4014 audaciae
1147 3940 1388 4034 aretinorum,
1406 3948 1445 4015 et
1461 3944 1620 4040 college·

449 4069 536 4136 runt
567 4082 696 4136 omnes
712 4055 824 4135 ‘vires
853 4081 962 4154 suas3
989 4080 1056 4134 neo
1083 4081 1261 4155 umquam
1287 4060 1449 4135 lecerant
1474 4069 1617 4138 tantum

448 4173 676 4277 apparatum,
707 4187 900 4276 postquam
926 4188 1011 4274 pa'rs
1036 4181 1195 4275 guelpba
1221 4181 1390 4275 viguerat
1414 4182 1616 4260 Florentiae.

449 4304 664 4378 llabuerunt
684 4302 782 4377 enim
800 4301 874 4375 duo
892 4301 989 4375 milia
1016 4320 1061 4374 ne
1087 4301 1241 4395 equites,
1254 4306 1291 4376 et
1308 4300 1501 4377 duodecim
1519 4304 1618 4379 milia

510 4530 538 4592 (“)
555 4534 609 4589 llo.
627 4531 782 4580 naturaliter
798 4531 928 4593 pavidum.

509 4603 537 4668 (²)
553 4607 645 4657 Maura
661 4608 703 4656 nel
719 4606 813 4656 codiee
828 4607 935 4657 linense
951 4613 1047 4670 quanto
1063 4610 1079 4656 d
1094 4619 1231 4668 comprssu
1247 4606 1287 4655 ira
1303 4607 1312 4655 l
1328 4607 1379 4656 due
1395 4607 1536 4658 asterlsebl.

508 4681 582 4746 (¹)1l.
598 4683 694 4733 dicitnr
710 4684 772 4734 lisa.
830 4683 856 4745 (¹)
873 4684 903 4733 ll.
920 4683 952 4732 de
964 4685 1061 4747 juvene
1077 4684 1194 4746 loquens,
1212 4683 1283 4733 dlclt.
1335 4683 1363 4746 (⁵)
1381 4688 1435 4745 llo,
1452 4685 1619 4736 devenerunt.

509 4759 535 4821 (·)
551 4759 576 4808 S.
593 4761 745 4819 nuditatem,
762 4760 832 4824 quod
848 4774 900 4810 nou
917 4767 1023 4823 possunt
1039 4766 1128 4825 tegere
1144 4759 1191 4809 sibl
1207 4759 1306 4809 culum.

507 4835 534 4896 (²)
553 4840 597 4886 llo
613 4849 629 4885 e
645 4837 676 4886 ll.
694 4843 782 4901 legera
798 4837 846 4887 sibi
862 4838 960 4889 culum.
1185 4835 1212 4898 (¹)
1229 4837 1258 4886 E
1275 4837 1431 4888 babuerunt.

509 4911 606 4975 (’)111,
624 4914 842 4965 aldrovandinus
