4154 6546
786 800 925 855 usurus
950 801 1105 856 nuuuus
1130 801 1290 856 ranrrus.
1552 787 1622 855 439

454 948 565 1023 vitam
593 954 631 1020 et
655 947 790 1020 bonam
817 946 952 1019 lamam
979 952 1016 1020 et
1040 946 1165 1021 omnia
1185 947 1292 1020 bona.
1312 946 1404 1021 Dicit
1420 950 1626 1042 ergozsedc

448 1072 570 1161 portal
595 1071 634 1140 ut
648 1069 804 1158 glorioso
821 1069 942 1158 officio,
962 1067 1096 1140 scilicet
1113 1066 1400 1140 cancellariatus.
1419 1067 1624 1141 Gloriosum

450 1189 549 1262 enirn
576 1193 657 1261 erat
681 1187 747 1260 sibi
774 1207 854 1260 csse
869 1178 905 1277 (¹)
925 1186 1183 1260 cancellarium
1211 1193 1248 1260 et
1273 1187 1514 1261 secretarium
1533 1187 1622 1260 tanti

452 1308 631 1403 principis,
650 1314 687 1381 et
703 1308 808 1381 dicit:
836 1315 931 1380 tanto
956 1309 1007 1379 clt'
1020 1311 1055 1380 io
1080 1329 1124 1380 ne
1142 1311 1278 1399 perdea
1304 1311 1335 1380 le
1360 1329 1443 1381 oeae
1459 1330 1478 1380 e
1494 1311 1625 1400 ipotsi,

451 1430 542 1503 idest
567 1450 652 1503 cum
682 1435 781 1502 tanta
806 1426 989 1524 diligentia
1015 1435 1053 1500 el
1077 1427 1273 1524 vigilantia,
1299 1428 1398 1522 quod
1423 1428 1622 1523 perdebam

451 1551 613 1644 quietem
641 1555 678 1623 et
702 1547 906 1621 sanitatem.
933 1548 1003 1621 Per
1029 1548 1175 1641 pulsum
1194 1550 1292 1623 enim
1310 1549 1541 1644 cognoscitur
1564 1569 1624 1622 sa·

452 1671 545 1744 nitas
569 1676 606 1744 et
632 1667 822 1751 infirmitas
847 1667 1013 1760 bominis,
1032 1668 1095 1761 qui
1112 1668 1444 1763 distemperabatur
1460 1669 1497 1741 in
1515 1669 1623 1743 Petro

451 1797 600 1885 propter
639 1789 769 1861 nimios
811 1794 848 1861 et
885 1787 1109 1861 inordinatos
1148 1789 1305 1882 iabores,
1336 1790 1421 1883 quia
1452 1788 1624 1884 vigilabat

453 1911 515 1984 ubi
541 1908 696 1984 debebat
722 1907 896 2000 dormire,
917 1907 1109 2003 jeiunabat
1142 1908 1205 1982 ubi
1234 1909 1390 1983 debebat
1415 1909 1622 2002 comedere,

452 2052 522 2105 nec
547 2029 712 2104 cessabat
737 2029 847 2102 etiam
877 2028 938 2101 ubi
964 2029 1157 2102 videbatur
1186 2029 1353 2104 deiicere.
1381 2030 1508 2104 Merito
1533 2049 1623 2125 ergo

453 2172 556 2226 eram
591 2151 745 2224 dilectus
782 2149 930 2222 domino
966 2168 1062 2241 meo,
1087 2149 1150 2222 sed
1180 2148 1312 2222 invidia
1344 2148 1621 2244 malignantium

453 2272 664 2345 emulorum
684 2269 864 2343 convertit
888 2288 1057 2341 amorem
1083 2269 1120 2340 in
1146 2267 1291 2361 odium;
1309 2290 1393 2361 quae
1410 2268 1543 2342 invidia
1569 2275 1625 2341 est

454 2392 628 2488 generale
655 2391 793 2464 malurn
820 2388 1023 2481 curiarum,
1041 2408 1152 2481 quam
1174 2394 1283 2462 autor
1308 2390 1465 2483 appellat
1492 2389 1624 2463 merito

455 2511 700 2603 meretricem,
726 2510 811 2603 quia
844 2509 938 2582 sicut
968 2508 1141 2582 meretrix
1175 2515 1246 2582 stat
1275 2529 1421 2603 semper
1452 2516 1620 2603 prompta

451 2640 489 2705 el
514 2632 650 2705 intenta
677 2651 763 2704 curu
789 2628 904 2703 oculis
936 2628 1038 2722 vagis
1069 2628 1113 2701 ad
1146 2628 1376 2723 occupandas
1404 2629 1502 2704 vices
1530 2629 1620 2703 alia-

452 2772 548 2843 rum,
575 2759 617 2823 ut
641 2757 860 2843 extorqueat
885 2749 951 2822 sibi
977 2751 1081 2822 lucra
1112 2769 1159 2823 ex
1189 2750 1362 2842 avaritia;
1396 2751 1446 2825 ita
1475 2752 1623 2825 curialis

450 2891 596 2964 semper
633 2878 704 2946 stat
740 2877 932 2964 promptus
968 2876 1006 2943 et
1043 2871 1203 2943 intentus
1240 2871 1435 2964 respiciens
1467 2871 1621 2946 comoda

451 2992 620 3084 aliorum,
661 2999 702 3064 ut
738 2990 849 3084 possit
886 3010 1068 3084 occupare
1106 2997 1144 3063 et
1181 2990 1396 3064 lucrifacere
1415 2983 1452 3080 ι’)
1490 3011 1622 3065 eorum

451 3111 571 3184 ollicia
596 3117 633 3185 et
658 3111 817 3185 honores
851 3130 897 3183 ex
931 3108 1137 3203 cupiditate.
1172 3108 1264 3182 llicit
1293 3129 1407 3204 ergo:
1442 3113 1478 3182 lo
1512 3131 1623 3182 mere-

451 3237 546 3323 tm'ce,
573 3232 709 3305 scilieet
733 3230 877 3323 invidia,
897 3249 1080 3304 venenosa
1106 3229 1283 3303 meretrix
1309 3220 1414 3320 cstd)
1440 3230 1518 3324 ista,
1540 3250 1625 3323 quoe

449 3353 499 3425 ita
524 3359 680 3425 conatur
706 3350 879 3424 mordere
904 3351 997 3425 vitas
1023 3350 1214 3423 homiuum
1241 3349 1351 3423 etiam
1374 3350 1623 3444 innocentum,

450 3478 491 3546 ut
505 3472 616 3566 possit
632 3472 833 3546 absorbere
853 3472 952 3544 bona
972 3491 1125 3563 eornm;
1147 3470 1245 3544 unde
1265 3470 1370 3544 dicit:
1388 3474 1448 3543 cde
1464 3474 1537 3544 moi
1553 3493 1625 3544 non

449 3590 554 3684 torsa,
580 3593 672 3666 idest
698 3592 865 3685 removit,
890 3595 940 3681 pti
969 3593 1065 3663 occdi
1091 3595 1192 3682 padi,
1219 3590 1309 3665 idest
1339 3612 1464 3687 vagoS,
1493 3593 1624 3690 invigi-

448 3716 564 3788 lantes
596 3714 642 3787 ad
672 3712 938 3806 acquirendum
977 3732 1091 3786 avare
1128 3712 1301 3805 alienum,
1335 3706 1418 3785 datt’
1432 3717 1561 3804 ospicio
1586 3717 1625 3787 di

452 3842 591 3925 cesare,
616 3834 707 3907 idest
732 3854 755 3906 a
781 3834 913 3927 palatio
940 3833 1182 3927 imperatoris.
1201 3833 1292 3906 Nam
1319 3835 1438 3907 omnis
1463 3834 1623 3928 impera-

448 3965 506 4030 tor
532 3962 686 4029 vocatur
711 3954 833 4027 Caesar
857 3973 879 4026 a
906 3954 1049 4028 Caesare
1080 3953 1200 4046 primo
1227 3951 1468 4047 imperatore,
1494 3961 1532 4028 et
1557 3973 1622 4047 per

449 4076 642 4170 hospitium
678 4074 831 4148 Caesaris
864 4073 1011 4148 intende
1045 4093 1194 4147 omnem
1230 4075 1353 4146 aulam
1387 4074 1621 4172 dominorum

445 4196 691 4294 generaliter3
722 4195 804 4270 ideo
835 4193 920 4269 dicit
952 4194 1174 4289 appositive:
1214 4203 1325 4268 morte
1357 4217 1501 4271 comum
1531 4199 1623 4270 cizic

446 4321 489 4392 de
515 4321 671 4407 lacerti,
698 4323 788 4410 quot
814 4315 1004 4409 sapientes,
1022 4322 1113 4407 quot
1138 4323 1314 4410 polentes,
1333 4322 1423 4409 quot
1447 4317 1623 4391 innocen-

448 4445 503 4512 tes
538 4437 604 4511 ista
635 4436 780 4530 publica
810 4434 919 4530 pestis
949 4434 1058 4508 morti
1090 4435 1256 4509 tradiditl
1290 4428 1470 4527 ι’νιραηιηιό
1497 4444 1624 4511 contra

447 4578 501 4629 nte
533 4554 960 4647 pecuniosorum
996 4554 1160 4628 accendit
1192 4554 1228 4626 in
1262 4575 1323 4630 me
1354 4555 1621 4633 animositatem

509 4852 537 4914 (¹)
553 4853 578 4903 S.
595 4867 623 4903 se
638 4866 701 4903 csse.
716 4879 741 4891 -
753 4858 807 4914 lle,
823 4854 871 4905 sibl
886 4867 943 4906 esse
959 4853 1144 4905 cancellarium
1163 4855 1234 4904 tanti.

510 4925 538 4988 ι’)
554 4927 580 4979 S.
595 4928 752 4981 luorillonre.
1078 4928 1105 4991 ι’)
1120 4927 1145 4979 S.
1162 4941 1208 4978 es.
1226 4930 1277 4981 ltu
1293 4932 1327 4982 lt·
1343 4935 1462 4982 cuntur.
