4154 6546
451 785 520 853 182
837 789 1041 847 couunrnnr
1066 789 1220 843 mnenon

447 958 596 1016 omnem
622 946 759 1014 sectum
787 934 883 1028 fidei,
914 933 1021 1010 cuius
1054 932 1279 1008 eontrarium
1311 932 1394 1010 tecit
1417 935 1613 1028 tricem,

448 1059 511 1152 qui
538 1058 624 1133 dicit
652 1056 751 1150 quod
782 1054 1036 1149 uuusquisque
1066 1051 1176 1129 debet
1206 1052 1327 1127 oolere
1356 1052 1463 1129 tidem
1496 1075 1613 1131 suem.

447 1181 517 1257 Sed
550 1182 608 1258 trie
636 1180 757 1256 statim
788 1179 968 1254 obicitur:
1000 1174 1186 1271 quomodo
1217 1185 1327 1252 autor
1358 1179 1480 1270 posuit
1502 1180 1613 1254 istum

447 1302 525 1376 sine
549 1320 654 1396 pena,
679 1301 743 1393 qui
768 1309 842 1375 tam
869 1297 1100 1392 impudenter
1121 1307 1158 1373 et
1177 1297 1287 1390 impie
1304 1297 1494 1374 blasfemat
1513 1298 1617 1372 Chri-

448 1432 544 1497 stum
564 1413 601 1510 (¹)
625 1419 760 1512 dicens,
790 1417 888 1511 quod
920 1427 995 1493 tres
1024 1416 1175 1495 luerunt
1206 1416 1396 1493 bardores
1412 1409 1451 1508 (²)
1477 1416 1616 1509 muudi,

447 1540 581 1617 sedioet
593 1538 766 1631 Christus,
779 1540 929 1632 Moyses,
943 1546 982 1615 et
992 1537 1241 1631 Mnoomettus,
1259 1557 1421 1629 quorum
1439 1538 1614 1628 Christus,

449 1660 536 1754 quia
555 1659 702 1754 juvenis
726 1668 763 1734 et
786 1658 949 1753 ignaru,
974 1655 1172 1732 crucifixus
1196 1657 1288 1733 tuiti
1304 1657 1505 1733 Dicendum
1531 1658 1617 1731 bre·

450 1780 542 1856 viter
567 1778 666 1872 quod
690 1789 798 1853 autor
830 1776 991 1871 loquitur
1021 1776 1079 1850 hic
1107 1776 1154 1850 de
1184 1775 1328 1850 interno
1357 1777 1499 1870 morali
1525 1776 1618 1852 sicut

450 1904 486 1973 et
510 1898 548 1973 iu
567 1897 698 1974 eeteris
714 1897 802 1971 viris
819 1896 1019 1972 illustribus
1038 1895 1104 1988 qui
1122 1901 1311 1988 ponuntur
1329 1896 1397 1969 hic.
1416 1896 1501 1969 Vult
1518 1897 1616 1971 enim

450 2038 516 2112 per
540 2019 610 2092 hoe
634 2016 827 2091 ostendere
847 2015 946 2108 quod
968 2015 1004 2088 in
1021 2015 1089 2088 isto
1107 2020 1232 2088 nostro
1252 2014 1397 2088 interno
1414 2015 1616 2088 viventium

451 2136 508 2211 isti
530 2136 693 2231 gaudent
712 2134 900 2229 privilegio
917 2133 1077 2225 lionoris,
1095 2132 1223 2225 laudis,
1240 2139 1278 2206 et
1292 2152 1450 2207 summae
1466 2152 1616 2207 comeu-

450 2254 603 2330 dationis
628 2254 722 2328 inter
739 2253 839 2326 alios.
857 2252 902 2324 Et
917 2250 1003 2359 dicit
1022 2257 1214 2324 notanter:
1231 2254 1291 2323 cle
1304 2254 1330 2323 'l
1343 2271 1439 2340 wan
1462 2259 1616 2324 tomento

448 2379 519 2468 seo,
535 2375 581 2449 ad
605 2373 850 2448 differentiam
867 2370 1051 2445 Themistii
1071 2360 1120 2462 (³),
1139 2369 1203 2462 qui
1221 2370 1288 2442 tuit
1308 2370 1449 2464 primus
1465 2391 1616 2445 comen·

451 2498 546 2567 tator
570 2492 770 2565 Aristotelis
793 2479 841 2582 (⁴).
868 2490 968 2564 Fecit
991 2489 1102 2563 dnm
1125 2487 1297 2563 dverrois
1313 2489 1464 2562 Librum
1482 2490 1518 2562 in
1536 2510 1616 2564 me-

449 2610 579 2701 dicina,
605 2610 669 2703 qui
692 2610 826 2683 dicitur
852 2608 1039 2703 Colligettt
1065 2608 1102 2680 in
1127 2627 1203 2700 quo
1228 2614 1282 2682 est
1302 2609 1418 2683 multu
1438 2610 1616 2683 subtilitas

452 2735 488 2802 et
505 2727 970 2823 magnitudines-10.
989 2727 1054 2800 Hic
1071 2733 1181 2799 autor
1198 2747 1238 2801 se
1254 2734 1406 2803 excusat
1421 2729 1520 2820 quod
1540 2748 1613 2803 non

453 2853 568 2941 potest
590 2848 717 2941 plures
738 2847 930 2920 nominare
945 2851 1095 2939 propter
1114 2846 1266 2940 tongum
1288 2847 1423 2939 theme,
1440 2846 1540 2939 quod
1556 2867 1617 2920 us·

452 2966 605 3060 sumpsit
629 2964 920 3041 describendum.
946 2964 1048 3038 Unde
1071 2963 1179 3039 dicit:
1207 2970 1249 3037 Io
1277 2986 1350 3037 tren
1373 2986 1482 3057 poseo
1504 2970 1620 3038 rr'trar

453 3088 490 3159 dt'
512 3089 586 3158 tutti
610 3106 634 3157 a
656 3089 788 3176 pieno;
814 3104 900 3157 nam
920 3083 967 3159 de
988 3085 1041 3160 rei
1060 3084 1214 3159 veritate
1231 3086 1366 3159 multos
1381 3086 1515 3159 dimuil
1531 3107 1620 3181 poe-

452 3210 518 3296 tas,
543 3203 784 3297 philosophos
809 3208 846 3276 et
871 3202 969 3277 viros
995 3203 1164 3295 illustres,
1189 3203 1264 3277 imo
1288 3204 1525 3296 paucissimos
1550 3225 1619 3278 no-

454 3323 614 3396 minarit.
640 3322 684 3394 lit
707 3322 866 3417 assigned
885 3313 921 3412 (⁵)
952 3342 1103 3396 eausam
1134 3322 1280 3396 dicens:
1301 3314 1393 3414 perd
1422 3326 1482 3395 cle
1511 3317 1541 3395 d
1566 3345 1619 3396 nte

453 3445 569 3515 euecta
592 3444 620 3514 tl
642 3445 748 3532 luteo
771 3448 875 3530 wrm,
892 3441 983 3514 idest
1001 3460 1135 3536 magna
1152 3441 1318 3532 materia,
1335 3444 1394 3514 cle
1410 3446 1511 3515 molle
1533 3447 1620 3517 volte

452 3563 552 3634 ildir
571 3563 649 3632 olen
667 3580 768 3631 metro
785 3562 824 3632 al
838 3564 940 3651 salte,
958 3559 1045 3650 quia
1062 3578 1148 3652 sepe
1163 3560 1245 3653 plus
1262 3566 1316 3633 est
1333 3560 1370 3632 in
1390 3560 1485 3633 tacto
1501 3582 1616 3654 quarn

453 3680 562 3773 possit
587 3677 758 3772 explicari
779 3678 874 3751 dicto
890 3679 949 3752 vel
966 3679 1110 3773 scripto,
1129 3679 1276 3770 quando
1293 3680 1404 3754 homo
1416 3681 1495 3774 iarn
1514 3703 1619 3755 men-

454 3798 593 3874 suravit
617 3797 810 3872 materiam
835 3803 973 3872 certam
1001 3804 1038 3871 et
1063 3797 1266 3890 limitatam,
1291 3799 1378 3891 quia
1405 3820 1477 3872 non
1501 3807 1619 3894 potest

454 3916 649 4010 aliquando
672 3915 825 3990 dilatare
851 3916 1044 3989 materiam
1062 3917 1230 4009 pulcram
1247 3918 1306 3991 vel
1323 3938 1507 4014 magnam,
1525 3920 1620 3993 sieut

453 4043 563 4111 autor
587 4056 673 4130 sepe
697 4034 851 4111 ostendit
876 4036 913 4108 in
938 4036 1006 4109 isto
1031 4056 1100 4109 suo
1125 4043 1420 4129 poemate-Lu
1435 4047 1537 4112 sesto.
1555 4040 1620 4113 Hie

455 4156 608 4233 finaliter
633 4163 742 4230 autor
767 4154 843 4231 finit
867 4154 1076 4249 Capitulum
1106 4156 1213 4248 istud,
1239 4156 1276 4230 in
1300 4178 1377 4251 quo
1401 4165 1477 4233 tum
1504 4160 1621 4233 multa

454 4283 491 4353 et
514 4276 659 4371 copiose
678 4266 713 4366 (⁶)
740 4275 840 4367 dixit,
866 4280 905 4349 et
930 4274 1008 4347 linit
1039 4276 1250 4350 societatem
1282 4283 1508 4353 contractam
1534 4300 1620 4353 curn

515 4512 543 4573 (¹)
559 4514 589 4563 E.
606 4513 826 4576 pretiosissimum
843 4512 1002 4565 spissiorem
1019 4519 1139 4565 nostrum
1155 4515 1296 4566 Domtnum
1311 4516 1401 4566 lesum
1416 4515 1557 4567 Christum.

516 4588 542 4648 (¹)
558 4588 584 4637 S.
601 4588 767 4639 brrtlrtores.
1041 4590 1068 4652 (⁸)
1086 4595 1139 4648 tlt.
1157 4590 1307 4642 Alexandri.
1320 4592 1384 4641 -S.
1400 4591 1528 4642 Chemtsti.

515 4661 541 4723 (⁸)
559 4666 612 4720 tlt,
629 4663 785 4723 Aristotelis,
801 4670 828 4715 el
843 4671 954 4730 uterque
971 4666 1046 4717 nimis
1056 4668 1385 4732 commurmurat«
1395 4668 1543 4721 madar
1558 4667 1622 4719 duit

453 4737 523 4800 quod
538 4736 685 4787 intellectus
701 4752 752 4788 nou
769 4740 856 4793 tillut
871 4757 885 4793 ι
902 4755 987 4801 mutu,
1004 4741 1131 4793 Arerrois
1147 4756 1209 4794 vero
1225 4745 1289 4794 dixit
1304 4745 1373 4807 quod
1390 4757 1457 4795 unus
1470 4749 1529 4794 erut
1543 4744 1621 4795 tutel-

455 4813 537 4862 lerlus
551 4825 661 4862 numero
676 4814 703 4861 iu
719 4816 848 4871 omuibus.
865 4818 937 4869 Fecit
952 4818 1031 4869 edam
1047 4824 1097 4867 etc.

517 4889 543 4952 (³)
561 4891 614 4950 111,
631 4889 729 4941 uerit
1041 4893 1068 4954 (⁸)
1087 4899 1140 4956 rto,
1157 4900 1184 4946 et
1199 4902 1252 4947 lom
1268 4896 1453 4960 coptu-8.
1469 4901 1497 4948 et
1512 4896 1620 4961 copon.
