4154 6546
451 788 519 853 166
840 793 1043 850 ΕΟΜΕΝΤΙΙΜ
1068 791 1218 847 musam

445 947 553 1014 autor
569 939 670 1035 ponit
690 938 897 1013 Lucretiam
916 939 995 1014 siue
1010 957 1103 1033 pens
1119 956 1204 1030 qum
1221 935 1392 1031 seipsam
1409 936 1617 1015 interfecit?

446 1059 543 1134 unde
568 1059 794 1156 Augustinus
817 1058 937 1154 primo
961 1057 1008 1132 de
1032 1056 1185 1134 Ciuitate
1218 1055 1285 1131 oet
1308 1056 1435 1150 pulcre
1459 1057 1616 1153 disputat

445 1187 681 1255 contrusam
707 1185 744 1257 et
770 1181 929 1254 multum
946 1198 1028 1254 eam
1050 1177 1173 1273 arguit
1185 1200 1196 1271 ;
1216 1175 1313 1252 unde
1331 1177 1436 1253 dicit:
1459 1183 1491 1253 at
1513 1168 1618 1255 amt-

446 1310 535 1393 teru,
566 1322 631 1375 eur
659 1303 836 1376 mudum?
864 1302 1065 1393 eptatico,
1095 1319 1159 1372 cur
1182 1301 1339 1390 pleuto?
1365 1301 1502 1392 ptmtuit
1527 1304 1619 1376 erim

446 1423 596 1495 alierum
618 1423 729 1494 scelus
751 1422 790 1493 lo
812 1441 850 1493 ae
872 1421 962 1512 ipsu
979 1418 1181 1495 Dicendum
1205 1417 1368 1494 breviter
1387 1419 1487 1513 quod
1508 1427 1619 1497 autor

447 1541 609 1635 loquitur
631 1540 678 1615 de
701 1539 847 1615 luteruo
873 1539 1071 1633 moraliter,
1089 1544 1130 1613 ut
1148 1537 1238 1613 alias
1253 1537 1392 1613 dictum
1409 1545 1477 1634 est,
1502 1546 1540 1614 et
1562 1539 1620 1617 ‹li-

447 1667 562 1737 cetur.
589 1661 673 1734 Post
696 1658 905 1734 Lucretiam
930 1657 1090 1733 nobilem
1108 1663 1145 1732 et
1161 1656 1330 1752 pudicam
1347 1656 1534 1734 domiuum
1556 1680 1620 1736 ro·

378 1798 382 1806 ·
448 1799 608 1872 manum,
633 1797 718 1872 quae
751 1797 793 1852 se
819 1777 950 1860 occidit
979 1796 1110 1851 amore
1138 1776 1277 1872 glorie,
1308 1777 1471 1852 nominat
1495 1779 1618 1874 alium,

448 1922 532 1995 qum
557 1905 704 1974 mortus
728 1905 784 1973 est
808 1896 1023 1970 laudabilius
1048 1916 1177 1972 amore
1202 1896 1281 1988 viri,
1299 1897 1436 1973 seilicet
1460 1899 1618 1994 Julium3

449 2023 547 2096 unde
570 2020 676 2096 dicit:
701 2021 808 2092 tuta.
834 2017 920 2091 llaec
943 2015 1051 2109 Julia,
1071 2016 1118 2090 de
1142 2037 1217 2109 qua
1234 2016 1292 2090 hic
1308 2016 1472 2108 loquitur
1495 2025 1618 2112 autor,

448 2142 515 2216 luit
547 2139 618 2214 tilia
648 2138 732 2212 Julii
765 2136 917 2212 Gaesaris
947 2142 984 2210 et
1019 2155 1113 2209 uxor
1146 2134 1319 2229 Pompeii,
1345 2155 1440 2228 qum,
1467 2142 1508 2210 ut
1533 2135 1617 2213 dicit

448 2262 626 2353 Valerius,
650 2266 750 2334 stans
773 2256 924 2354 gravida
950 2255 997 2330 ad
1020 2255 1229 2348 fenestram,
1251 2254 1328 2330 risa
1350 2260 1451 2331 veste
1475 2255 1544 2331 viri
1560 2259 1619 2333 sui

449 2380 737 2478 sanguinolenta,
763 2376 944 2472 suspicata
976 2375 1192 2469 Pompeium
1223 2374 1302 2450 iore
1332 2382 1536 2471 mortuum,
1561 2379 1619 2453 vel
1735 2396 1744 2408 ·

449 2502 698 2593 vulneratum,
723 2496 845 2570 subito
870 2494 990 2569 emisit
1014 2500 1162 2588 partum
1187 2500 1225 2569 et
1255 2493 1435 2589 spiritum.
1464 2496 1508 2570 Et
1532 2504 1618 2572 uota

449 2622 548 2715 quod
574 2619 700 2693 multae
720 2616 801 2690 alim
818 2614 969 2689 luerunt
985 2614 1090 2687 Juliae
1107 2613 1234 2688 Romae
1251 2605 1302 2708 (¹),
1319 2615 1414 2689 sicut
1429 2616 1525 2692 lulla
1539 2618 1620 2692 aui·

451 2749 548 2817 mata
563 2731 600 2833 (²)
626 2737 738 2834 ipsius
762 2733 925 2828 Cassiis,
952 2741 989 2809 et
1014 2734 1108 2808 lulla
1134 2754 1240 2819 soror
1264 2733 1432 2831 Augusti,
1461 2743 1501 2813 et
1525 2738 1621 2814 Julia

450 2863 521 2936 filia
546 2857 712 2956 Augusti,
738 2853 959 2930 nobilissima
985 2853 1173 2948 meretrix,
1199 2862 1236 2930 et
1260 2855 1341 2930 alim
1373 2859 1510 2934 multae.
1536 2858 1621 2935 Post

450 2982 583 3056 Juliam
608 2977 720 3052 liliam
747 2974 899 3051 cesaris
925 2973 1090 3049 nominat
1107 2995 1266 3050 uxorem
1284 2976 1429 3052 Catonis
1449 2979 1621 3057 inimicis-

451 3101 531 3174 simi
557 3097 710 3175 cesaris
726 3101 764 3170 et
779 3093 1077 3188 euntemporsnei
1094 3094 1186 3188 ejus,
1208 3094 1354 3173 diosus:
1372 3103 1518 3175 Mareu.
1537 3099 1622 3195 istu,

452 3222 597 3295 vivente
621 3216 742 3293 adhuc
766 3215 904 3291 Caluus
929 3220 967 3289 et
991 3214 1137 3289 volente
1150 3205 1199 3308 (³¹),
1226 3216 1347 3310 nupsit
1363 3220 1542 3314 Augusto,
1568 3219 1622 3295 vi·

453 3346 559 3414 vente
584 3337 705 3412 adhuc
729 3335 848 3431 primo
878 3333 968 3408 viro.
1000 3333 1070 3407 Ista
1100 3334 1226 3408 Martia
1260 3334 1327 3408 iuit
1357 3337 1622 3432 honestissima,

451 3459 570 3553 qualis
586 3444 623 3548 (⁴)
650 3453 889 3531 conveniebat
915 3452 995 3526 viro
1020 3451 1274 3527 honestissimo
1304 3454 1443 3552 Catoni,
1473 3457 1519 3533 de
1549 3480 1624 3555 qua

451 3578 594 3652 dicetur
621 3575 729 3669 plene
759 3569 964 3665 Purgatorii
1003 3569 1123 3662 primo
1157 3570 1325 3665 capitulo.
1359 3575 1498 3650 Tamen
1529 3576 1624 3653 torte

452 3706 560 3774 autor
589 3693 720 3767 melius
749 3689 927 3784 posuisset
952 3687 1112 3761 Portiam
1138 3688 1248 3765 liliam
1275 3693 1419 3767 tamnu
1444 3694 1622 3788 eiusdem,

453 3838 536 3911 qum
560 3809 684 3887 audita
710 3814 830 3882 morte
856 3806 924 3880 viri
948 3806 1006 3881 sui
1035 3806 1150 3902 Bruti,
1178 3829 1350 3902 quereus
1380 3812 1623 3907 ferrumque

453 3957 493 4011 se
516 3931 711 4024 occideret,
737 3948 804 4003 uec
822 3927 1022 4022 inveniens,
1040 3928 1198 4002 recurrit
1213 3928 1260 4004 ad
1277 3930 1413 4027 iguem,
1431 3940 1468 4009 et
1485 3954 1624 4029 prunus

452 4072 625 4128 accensas
650 4048 797 4124 immisit
822 4048 859 4122 in
883 4068 925 4122 os
950 4068 1073 4142 suum,
1099 4053 1136 4122 et
1161 4048 1213 4124 sic
1237 4071 1277 4125 se
1302 4053 1445 4128 uemvit
1462 4053 1624 4132 inaudito

453 4193 590 4272 genere
627 4170 765 4245 mortis.
799 4169 885 4244 Post
912 4169 1052 4262 aliquot
1080 4168 1279 4246 laudabiles
1310 4192 1482 4249 romanas
1515 4182 1626 4253 autor

454 4297 583 4371 ultimo
608 4291 717 4369 tlectit
731 4283 769 4384 (⁵)
795 4310 835 4365 se
858 4288 906 4365 ad
923 4288 1117 4366 mulierem
1136 4310 1330 4367 romanum
1348 4295 1624 4390 magnanimum

455 4416 571 4510 valde,
587 4412 729 4489 dieeus:
755 4434 774 4485 e
802 4412 992 4502 contem
1010 4410 1066 4485 ld
1088 4410 1196 4487 euius
1219 4403 1548 4508 intelligentiam&
1570 4420 1624 4491 est

519 4685 546 4743 '¹)
564 4689 618 4744 tte,
633 4683 757 4736 'romum
1139 4682 1165 4744 (¹)
1182 4683 1216 4740 8..
1235 4689 1280 4734 tro
1295 4697 1311 4735 ο
1326 4685 1357 4734 Β.
1375 4685 1467 4736 amia.

518 4761 543 4823 .⁸)
560 4762 599 4821 E,
618 4765 663 4811 tlt
678 4773 694 4810 e
710 4759 735 4811 S.
751 4759 855 4812 roisute
864 4758 951 4824 muodt
961 4759 1036 4810 alteri
1046 4759 1111 4818 viro,
1129 4758 1227 4810 mllloet
1242 4760 1391 4821 Hortensio.
1402 4761 1469 4813 ιω
1480 4759 1559 4823 puls
1569 4767 1625 4823 port

458 4840 528 4890 Liria
544 4839 631 4902 nupsit
646 4837 775 4902 Angusto.
1135 4834 1164 4898 (¹)
1179 4835 1206 4887 S.
1222 4838 1344 4901 multer.

521 4917 547 4978 ς’)
565 4919 618 4975 its,
636 4913 753 4965 umetis.
1138 4912 1164 4973 (⁸)
1181 4912 1206 4962 s.
1223 4915 1378 4967 arsamum
1394 4919 1435 4967 ast
1451 4913 1592 4967 ιοῑωιιι.
