4154 6546
779 805 917 860 cunnus
943 803 1098 860 nncnrus
1123 803 1305 859 snrnuus.
1553 788 1622 858 563

454 953 649 1029 consimilis
664 945 700 1045 (¹)
720 951 803 1048 pelli
821 951 923 1025 istius
940 951 1045 1045 lerae;
1064 950 1145 1024 ideo
1162 949 1268 1024 dicit:
1287 952 1417 1023 tortori
1432 942 1478 1022 nd
1498 951 1621 1041 turchi,

456 1075 519 1168 qui
545 1074 681 1147 iaciunt
706 1092 844 1168 pannos
870 1071 1025 1144 mirabili
1051 1077 1151 1164 arte3
1176 1069 1341 1144 similiter
1358 1089 1426 1144 nec
1447 1069 1624 1160 saraceni,

457 1194 550 1266 sicut
573 1192 793 1286 damasceni,
815 1213 887 1264 mm
903 1196 973 1286 scr,
996 1191 1087 1266 idest
1112 1211 1185 1265 non
1206 1191 1383 1284 lecerunt,
1401 1192 1474 1261 moi
1492 1191 1623 1280 droppi

455 1334 521 1385 con
531 1308 594 1404 piri
613 1316 736 1404 colon,
754 1333 938 1384 commosse
954 1333 973 1384 e
988 1318 1231 1404 sopropposte,
1258 1311 1344 1404 quia
1370 1315 1624 1405 superponunt

454 1453 572 1504 unum
591 1432 708 1525 alteri,
735 1452 859 1524 quam,
881 1432 1019 1526 supple,
1038 1438 1159 1505 essent
1183 1432 1219 1504 in
1250 1437 1381 1505 trunco
1407 1430 1517 1504 huius
1543 1451 1622 1504 ser-

453 1553 584 1647 pentis:
611 1560 648 1627 et
673 1552 888 1645 benedicit,
915 1552 1001 1645 quia
1015 1543 1052 1644 (²)
1072 1552 1189 1625 omnis
1216 1551 1366 1626 minima
1383 1572 1445 1624 ars
1462 1557 1499 1624 et
1516 1571 1624 1624 merx

454 1674 564 1747 babet
597 1673 752 1747 infinitos
786 1673 927 1747 colores
953 1673 1086 1766 quibus
1116 1672 1239 1767 palliat
1263 1672 1426 1746 delectus
1455 1692 1560 1764 suos3
1588 1676 1624 1744 et

452 1794 551 1867 addit
567 1794 675 1867 aliam
694 1793 1019 1888 comparationem,
1036 1793 1178 1867 dicens:
1200 1788 1246 1865 nd
1259 1795 1309 1865 toi
1327 1795 1389 1864 tole
1402 1795 1464 1885 sor
1480 1795 1625 1882 imposte

451 1935 517 2006 per
542 1920 696 2005 Araque.
724 1915 766 1986 Et
792 1914 849 1987 bic
872 1920 958 1987 nota
983 1913 1082 2006 quod
1098 1913 1210 2007 aliqui
1236 1913 1374 2005 volunt,
1397 1912 1495 2006 quod
1515 1922 1624 1987 autor

454 2035 626 2128 loquatur
652 2035 711 2107 bic
740 2035 785 2108 de
810 2055 941 2109 verme
965 2055 1113 2128 aranea,
1141 2054 1224 2126 quae
1249 2053 1339 2107 vere
1364 2033 1519 2106 mirabili
1544 2039 1625 2107 arte

343 2219 344 2223 t
443 2144 595 2228 ‘naturae
621 2156 710 2228 texit
735 2176 841 2228 suam
868 2156 989 2229 telam.
1017 2155 1083 2227 Alii
1114 2175 1204 2228 vero
1237 2155 1362 2229 dicunt
1388 2154 1487 2247 quod
1501 2145 1539 2246 (³)
1570 2155 1624 2228 lo-

453 2275 579 2367 quitur
596 2275 642 2348 de
659 2274 803 2369 Aragne
821 2274 977 2348 muliere
999 2274 1284 2369 ingeniosissima
1304 2274 1468 2368 textrice,
1486 2274 1532 2347 de
1549 2295 1624 2368 qua

452 2394 585 2467 dicitur
598 2383 635 2485 (⁴)
663 2394 869 2490 Purgatorii
894 2395 1052 2489 capitulo
1078 2395 1152 2488 llll,
1169 2394 1241 2466 ibi:
1260 2415 1281 2466 ο
1303 2397 1387 2487 folle
1411 2400 1568 2486 Arana,
1587 2400 1624 2468 et

451 2520 541 2608 puto
571 2513 669 2608 quod
695 2514 762 2588 ista
787 2514 832 2586 sit
857 2514 1007 2589 intentio
1031 2516 1182 2609 autoris,
1204 2514 1290 2607 quia
1316 2515 1541 2610 companatio
1565 2522 1621 2589 est

453 2635 569 2730 magis
586 2635 732 2730 propria
757 2635 803 2710 de
829 2635 899 2710 tela
924 2636 1099 2712 artificiali
1120 2637 1167 2710 ad
1183 2636 1352 2711 fraudem
1369 2636 1615 2729 artificialem,

452 2763 489 2831 et
514 2757 601 2850 quia
619 2757 690 2831 tela
713 2756 907 2830 artificialis
928 2757 1084 2852 dragnae
1106 2757 1173 2830 luit
1190 2757 1420 2831 diversorum
1437 2758 1617 2850 colorum,

452 2876 533 2950 ideo
559 2877 689 2951 melius
715 2877 885 2970 exprimit
910 2876 1020 2950 telam
1046 2877 1123 2950 sive
1139 2877 1270 2972 pellem
1289 2878 1545 2951 adumbratam
1568 2884 1622 2951 tot

451 2997 635 3070 coloribus
665 3004 702 3071 et
732 2997 892 3090 floribus,
914 3017 1026 3089 quam
1059 2997 1130 3070 tela
1162 2997 1337 3069 naturalis
1365 3018 1511 3071 araneae
1537 3017 1621 3090 quae

451 3122 507 3190 est
532 3122 675 3190 tantum
694 3116 801 3190 unius
826 3115 1149 3191 coloris-Come.
1181 3117 1284 3189 Nunc
1309 3123 1417 3191 autor
1442 3118 1621 3212 descripta

450 3237 568 3310 forma
594 3235 770 3330 Gerionis,
796 3236 966 3311 describit
991 3237 1147 3311 sormam
1169 3237 1332 3311 stationis
1356 3239 1435 3312 eius
1459 3259 1526 3333 per
1551 3239 1621 3313 du·

449 3357 579 3451 plicem
595 3357 918 3451 comparationem,
937 3378 1098 3451 quarum
1111 3358 1228 3431 altera
1241 3364 1297 3431 est
1313 3359 1424 3452 clara,
1442 3359 1512 3432 alia
1531 3380 1621 3434 vero

449 3476 606 3569 subtilis;
633 3483 669 3550 ct
694 3476 778 3550 dicit
803 3477 839 3550 in
865 3497 1012 3552 summa
1044 3478 1143 3571 quod
1172 3477 1307 3552 Geriou
1339 3478 1457 3552 stabat
1488 3479 1620 3575 partim

450 3599 486 3671 in
512 3605 623 3691 terra,
649 3597 781 3691 partim
809 3597 846 3671 in
870 3617 970 3692 aere,
997 3598 1128 3693 partim
1162 3599 1232 3672 sub
1260 3621 1369 3693 aqua,
1403 3600 1496 3674 sicut
1525 3608 1621 3675 stant

450 3738 563 3791 naves
580 3718 626 3792 ad
648 3717 765 3811 ripam
787 3719 920 3813 partim
945 3718 982 3791 in
1007 3739 1117 3812 aqua,
1135 3719 1266 3813 partim
1285 3725 1390 3794 extra
1407 3740 1561 3814 aquam;
1583 3728 1621 3795 et

449 3837 543 3910 sicut
567 3837 702 3912 animal
728 3835 860 3931 *quod
885 3838 1016 3912 dicitur
1041 3839 1200 3912 bivarus.
1227 3839 1280 3913 nd
1310 3839 1419 3913 buius
1450 3842 1619 3915 secundae

450 3958 731 4052 comparationis
757 3959 1029 4056 intelligentiam
1056 3965 1111 4033 est
1135 3959 1335 4054 sciendum,
1361 3967 1399 4034 et
1422 3960 1619 4059 diligentis-

308 4064 310 4068 ’
449 4078 541 4152 sime
570 4079 837 4153 advertendum
863 4079 962 4171 quod
987 4079 1137 4155 bivarus
1168 4087 1224 4154 est
1251 4081 1418 4155 animal*
1441 4073 1478 4174 (⁵)
1505 4085 1620 4159 mira-

448 4199 520 4272 bile
545 4198 669 4292 nimis3
696 4205 752 4272 est
777 4198 873 4272 enim
900 4220 1068 4294 parvum,
1095 4221 1278 4296 grossum,
1304 4202 1418 4277 breve
1442 4204 1547 4296 quasi
1572 4205 1618 4278 ad

448 4318 720 4393 similitudinem
739 4319 829 4413 taxi,
848 4319 957 4394 babet
982 4320 1092 4415 pedes
1116 4321 1336 4416 posteriores
1360 4324 1547 4399 anserinos
1572 4326 1618 4399 ad

448 4439 649 4514 natandum
676 4459 742 4533 per
766 4461 915 4534 aquam,
941 4447 978 4514 et
1003 4441 1206 4516 anteriores
1236 4449 1278 4516 ut
1301 4442 1412 4539 canis,
1432 4446 1517 4538 quia
1543 4447 1618 4522 ire-

508 4703 537 4766 (¹)
554 4709 608 4766 ¹¹⁰,
626 4705 724 4757 timuit·
1121 4707 1150 4774 (¹)
1166 4710 1196 4760 Ε.
1213 4711 1283 4774 quod
1298 4711 1389 4762 omnis.

507 4780 534 4842 (⁸)
551 4782 582 4832 Ε.
597 4783 667 4847 quod
683 4789 760 4835 autor
776 4785 905 4849 loquatur.
1121 4787 1147 4850 (¹)
1163 4787 1188 4839 S.
1207 4787 1314 4838 dicetur.

507 4856 534 4922 (¹)
551 4861 587 4909 Le
603 4862 692 4924 parole
708 4862 748 4912 ira
765 4865 773 4914 i
789 4864 839 4913 due
855 4865 987 4915 asteriscbi
1004 4879 1128 4917 mnncauo
1144 4867 1187 4918 nel
1203 4871 1294 4919 nostro
1310 4871 1389 4930 testo;
1400 4880 1465 4918 sono
1476 4873 1543 4919 state
1552 4882 1617 4933 sop—

447 4935 510 5001 plitc
526 4935 594 4986 dalla
610 4936 708 4990 lezionc
724 4939 795 5005 degli
810 4939 872 4993 altri
885 4939 981 4993 (iodbi.
