4154 6546
450 780 521 848 378
849 790 1053 846 couuuruu
1078 790 1229 845 tuream

449 937 534 1030 mili,
566 938 596 1011 si
634 939 717 1031 quis
752 938 911 1031 diceret3
950 937 1016 1012 iste
1054 937 1203 1012 violavit
1239 935 1349 1010 liliam
1392 936 1475 1012 lilioe
1513 957 1621 1033 mere,

448 1078 538 1153 ergo
569 1057 717 1132 offendit
748 1057 858 1130 liliam
892 1077 1025 1151 meam,
1061 1057 1178 1151 *quoe
1217 1064 1335 1130 mater
1366 1057 1446 1131 eius
1477 1065 1551 1152 est3
1583 1065 1624 1133 et

448 1179 476 1250 si
504 1178 652 1251 offendit
677 1177 787 1251 liliam
814 1173 1033 1271 meam*t¹l‚
1060 1199 1150 1274 ergo
1168 1197 1230 1252 me
1249 1184 1392 1272 patrem
1420 1179 1481 1270 qui
1507 1178 1621 1275 genui

448 1299 559 1392 illam,
596 1304 633 1372 et
668 1298 778 1394 diligo
817 1298 1010 1391 purissime
1028 1291 1066 1390 (²)
1104 1299 1286 1372 illam-
1304 1303 1363 1371 Do
1397 1306 1520 1391 quesn.
1557 1298 1624 1373 llic

448 1417 618 1513 Virgilius
638 1417 733 1491 lacta
752 1416 892 1491 ratione
917 1419 1088 1511 naturali,
1115 1436 1213 1491 nunc
1238 1418 1368 1511 probat
1392 1418 1620 1513 propositum

448 1558 514 1631 per
539 1537 716 1612 rationem
744 1539 935 1633 moralem,
965 1538 1186 1613 confirmans
1211 1538 1348 1612 dictum
1375 1559 1486 1611 suum
1511 1546 1621 1613 auto-

448 1658 555 1733 ritate
584 1679 698 1732 sacrae
728 1659 935 1753 scripturae3
968 1665 1006 1733 et
1039 1659 1200 1733 breviter
1232 1659 1311 1733 vult
1339 1659 1481 1733 dicere:
1508 1661 1622 1734 homo

447 1779 557 1852 habet
589 1798 669 1852 esse
698 1799 720 1852 a
751 1785 895 1872 natura,
927 1779 975 1852 ab
1007 1784 1088 1851 arte
1118 1798 1208 1853 vero
1242 1779 1352 1854 habet
1385 1778 1480 1853 bene
1517 1798 1619 1874 esse3

447 1899 528 1972 ideo
554 1898 649 1972 bene
673 1898 781 1972 debet
806 1897 1014 1972 satisfacere
1039 1899 1198 1993 utrique,
1224 1899 1311 1993 quia
1337 1899 1497 1992 primum
1523 1920 1621 1994 pre-

446 2019 542 2113 cepit
555 2009 591 2110 (³)
619 2020 717 2092 Deus
746 2038 831 2092 cum
862 2018 969 2092 dicit:
1005 2022 1149 2092 Crescite
1177 2027 1210 2093 et
1238 2023 1531 2112 multiplicamini:
1560 2040 1621 2095 se-

446 2138 608 2211 cuudum
635 2158 721 2211 cum
739 2138 840 2214 dicit:
867 2142 1054 2212 Incedere
1075 2143 1185 2212 vultus
1202 2143 1250 2211 tui
1266 2147 1325 2211 etc.
1353 2140 1457 2213 Nunc
1474 2158 1619 2233 expone

447 2257 497 2331 sic
523 2257 663 2331 literam
692 2278 776 2350 quae
801 2265 856 2331 est
880 2258 1003 2331 tortis:
1030 2261 1066 2330 to
1090 2266 1200 2349 gente,
1228 2259 1318 2332 idest
1342 2278 1460 2354 genus
1486 2260 1620 2332 huma·

449 2399 549 2471 num,
568 2382 712 2451 contrito
723 2382 879 2470 prender
895 2383 1057 2470 silonita,
1075 2379 1166 2453 idest
1178 2401 1287 2452 suum
1302 2398 1393 2471 esse,
1407 2385 1445 2453 et
1462 2386 1619 2473 oportet,

448 2501 634 2589 oooocior,
658 2499 750 2572 idest
774 2499 908 2572 lucrari
934 2499 980 2571 ad
1001 2500 1300 2573 sustentationem
1320 2499 1431 2594 ipsius
1448 2500 1543 2592 vite,
1568 2503 1618 2573 do

448 2625 561 2708 queste
577 2620 656 2708 duc,
670 2619 804 2692 scilicet
822 2640 843 2691 a
862 2625 992 2692 natura
1011 2624 1048 2692 et
1064 2618 1111 2691 ab
1128 2625 1219 2711 arte,
1233 2639 1394 2711 quorum
1414 2629 1619 2713 utrumque

449 2727 692 2831 confirmatl‘)
718 2738 913 2812 autoritate
938 2738 1013 2812 Dei.
1041 2739 1093 2813 De
1118 2739 1236 2833 primo
1261 2739 1357 2813 enim
1391 2739 1522 2813 dicitur
1546 2739 1618 2814 Ge·

451 2856 545 2930 nesis
570 2858 701 2952 primo,
718 2864 754 2931 et
779 2859 826 2933 de
850 2859 1011 2932 secundo
1024 2851 1080 2951 (5);
1099 2859 1179 2932 ideo
1204 2859 1308 2932 dicit:
1334 2880 1371 2931 se
1387 2866 1423 2932 tu
1441 2863 1466 2932 ti
1484 2862 1578 2933 reoli
1592 2881 1639 2933 o-

451 2985 570 3071 mento,
597 2978 688 3052 idest
712 2978 740 3051 si
768 2999 920 3053 revocas
949 2979 1011 3052 tibi
1038 2980 1084 3053 ad
1105 2979 1335 3073 memoriam,
1354 2983 1388 3053 to
1407 2984 1536 3071 gerrem,
1553 2979 1617 3072 qui

449 3104 504 3172 est
521 3098 661 3192 primus
685 3098 776 3172 liber
794 3098 916 3172 Bibliae
933 3099 1120 3173 continens
1139 3099 1393 3195 generationes
1414 3099 1618 3193 hominum,

448 3222 511 3292 dot
520 3221 708 3311 penetro,
726 3210 860 3312 quia(⁶)
874 3219 970 3293 circa
985 3220 1201 3314 principium
1219 3220 1313 3292 illius
1335 3220 1415 3293 libri
1437 3220 1619 3293 habentur

449 3343 515 3415 ista
546 3342 620 3414 duo
652 3347 832 3435 praecepta
864 3341 1045 3435 praedicta.
1067 3381 1116 3394 -
1139 3337 1324 3432 Epercte‘.
1358 3341 1423 3414 llic
1447 3339 1619 3435 Virgilius

448 3482 493 3535 ex
519 3460 621 3534 dictis
652 3461 834 3534 concludit
863 3461 1099 3555 propositum,
1131 3460 1267 3534 scilicet
1296 3461 1394 3553 quod
1426 3459 1618 3534 usurarius

447 3581 595 3655 offendit
619 3580 778 3653 divinam
805 3581 1017 3673 bonitatem,
1034 3580 1121 3673 quia
1138 3580 1286 3655 ostendit
1304 3588 1476 3655 naturam
1501 3581 1618 3655 olien-

447 3699 565 3775 dendo
590 3706 730 3792 artem3
756 3699 842 3772 dicit
865 3719 975 3794 ergo:
1002 3721 1021 3771 c
1048 3703 1243 3772 tuenticro
1276 3703 1455 3792 tepreoto
1487 3708 1618 3774 natira

444 3845 510 3914 per
535 3824 571 3893 to
596 3842 661 3893 cuo
685 3840 842 3912 sequace,
868 3820 959 3893 idest
984 3841 1050 3915 per
1073 3827 1192 3893 artem
1220 3840 1304 3914 quae
1321 3821 1487 3914 sequitur
1509 3831 1617 3897 natu·

448 3962 540 4034 ram,
572 3945 636 4032 poi
668 3943 727 4013 cie
760 3944 798 4013 in
829 3943 922 4012 altro
948 3961 1023 4032 pon
1053 3944 1090 4012 ta
1120 3960 1236 4031 spone,
1269 3940 1403 4016 scilicet
1433 3960 1545 4032 quam
1579 3941 1616 4013 iu

447 4069 538 4155 arte,
562 4065 677 4154 porclt'
695 4066 727 4133 el
750 4064 836 4134 tiotc
871 4063 967 4132 oltra
997 4063 1055 4132 rio
1086 4081 1155 4151 per
1190 4082 1239 4150 sci,
1271 4059 1406 4133 scilicet
1433 4060 1615 4134 diversam

448 4183 495 4256 ab
520 4182 620 4256 omni
646 4187 736 4255 arte.
764 4181 854 4252 Nam
882 4200 954 4252 non
981 4186 1036 4252 est
1052 4179 1239 4253 artificiale
1256 4179 1354 4272 quod
1372 4179 1543 4254 denarius
1564 4181 1619 4255 la-

449 4301 519 4375 ciat
545 4300 749 4395 denarium,
776 4300 870 4373 sicut
893 4299 1087 4372 usurarius
1113 4300 1202 4392 vult,
1228 4299 1291 4392 qui
1319 4300 1418 4393 ponit
1445 4301 1618 4375 usumin

451 4442 505 4516 re,
531 4422 566 4493 in
591 4441 664 4513 qua
691 4440 762 4493 nou
788 4425 843 4493 est
863 4419 953 4492 dare
973 4438 1093 4492 usum.
1112 4418 1148 4492 Si
1165 4418 1263 4492 euim
1282 4426 1415 4513 praesto
1432 4418 1495 4493 tibi
1512 4440 1619 4495 man-

507 4682 534 4743 (¹)
551 4683 586 4730 Le
603 4679 692 4742 parole
707 4678 747 4728 ira
765 4678 772 4728 i
789 4679 840 4729 due
855 4679 988 4730 unterlochi
1004 4694 1068 4729 sono
1084 4679 1126 4728 ‹lel
1142 4679 1235 4729 Codice
1253 4683 1305 4729 llo.

507 4758 535 4819 (¹)
551 4758 581 4807 E.
598 4757 717 4819 piissime.
1053 4756 1079 4817 (⁸)
1097 4756 1122 4805 S.
1139 4757 1201 4806 eli.
1219 4757 1343 4819 prmlpit.

508 4836 534 4895 (¹)
552 4835 581 4883 li.
599 4834 776 4883 confirmatur.
1056 4832 1083 4893 t'l
1100 4834 1130 4883 E.
1147 4835 1179 4884 dc
1195 4834 1308 4885 secundo
1323 4836 1415 4896 cliam;
1431 4834 1498 4885 loeo.

509 4910 535 4970 (⁸)
551 4910 582 4958 li.
599 4910 658 4972 quia
675 4910 772 4959 scilicet
786 4910 860 4972 juxta
877 4909 1030 4971 principium
1046 4908 1113 4960 libri.
