<?xml version="1.0" encoding="UTF-8"?>
<!DOCTYPE html PUBLIC "-//W3C//DTD XHTML 1.0 Transitional//EN"
    "http://www.w3.org/TR/xhtml1/DTD/xhtml1-transitional.dtd">
<html xmlns="http://www.w3.org/1999/xhtml" xml:lang="en" lang="en">
 <head>
  <title>
</title>
<meta http-equiv="Content-Type" content="text/html;charset=utf-8" />
  <meta name='ocr-system' content='tesseract 3.04.00' />
  <meta name='ocr-capabilities' content='ocr_page ocr_carea ocr_par ocr_line ocrx_word'/>
</head>
<body>
  <div class='ocr_page' id='page_1' title='image "./comentumsuperda00benvgoog_0601.png"; bbox 0 0 4154 6546; ppageno 0'>
   <div class='ocr_carea' id='block_1_1' title="bbox 449 780 1227 845">
    <p class='ocr_par' dir='ltr' id='par_1_1' title="bbox 449 780 1227 845">
     <span class='ocr_line' id='line_1_1' title="bbox 449 780 1227 845; baseline -0.005 -1"><span class='ocrx_word' id='word_1_1' title='bbox 449 780 519 845; x_wconf 75' lang='lat'><strong>552</strong></span> <span class='ocrx_word' id='word_1_2' title='bbox 846 787 1049 844; x_wconf 80' lang='lat' dir='ltr'><strong>couuuuuu</strong></span> <span class='ocrx_word' id='word_1_3' title='bbox 1074 787 1227 841; x_wconf 75' lang='lat' dir='ltr'><strong>rursum</strong></span> 
     </span>
    </p>
   </div>
   <div class='ocr_carea' id='block_1_2' title="bbox 447 927 1619 2834">
    <p class='ocr_par' dir='ltr' id='par_1_2' title="bbox 447 927 1619 2834">
     <span class='ocr_line' id='line_1_2' title="bbox 447 927 1617 1028; baseline -0.001 -21"><span class='ocrx_word' id='word_1_4' title='bbox 447 935 483 1009; x_wconf 89' lang='lat' dir='ltr'><strong>in</strong></span> <span class='ocrx_word' id='word_1_5' title='bbox 499 927 536 1026; x_wconf 78' lang='lat'><strong>(¹)</strong></span> <span class='ocrx_word' id='word_1_6' title='bbox 562 936 642 1008; x_wconf 87' lang='lat' dir='ltr'><strong>ioco</strong></span> <span class='ocrx_word' id='word_1_7' title='bbox 668 935 773 1007; x_wconf 83' lang='lat' dir='ltr'><strong>basso</strong></span> <span class='ocrx_word' id='word_1_8' title='bbox 798 941 835 1007; x_wconf 88' lang='lat' dir='ltr'><strong>et</strong></span> <span class='ocrx_word' id='word_1_9' title='bbox 861 933 989 1007; x_wconf 78' lang='lat' dir='ltr'><strong>transit</strong></span> <span class='ocrx_word' id='word_1_10' title='bbox 1013 953 1080 1028; x_wconf 91' lang='lat' dir='ltr'><strong>per</strong></span> <span class='ocrx_word' id='word_1_11' title='bbox 1104 931 1261 1006; x_wconf 86' lang='lat' dir='ltr'><strong>circutos</strong></span> <span class='ocrx_word' id='word_1_12' title='bbox 1285 931 1617 1027; x_wconf 77' lang='lat' dir='ltr'><strong>fraudulentorum,</strong></span> 
     </span>
     <span class='ocr_line' id='line_1_3' title="bbox 447 1054 1617 1150; baseline -0.003 -21"><span class='ocrx_word' id='word_1_13' title='bbox 447 1061 485 1129; x_wconf 91' lang='lat' dir='ltr'><strong>et</strong></span> <span class='ocrx_word' id='word_1_14' title='bbox 509 1054 663 1128; x_wconf 84' lang='lat' dir='ltr'><strong>finaliter</strong></span> <span class='ocrx_word' id='word_1_15' title='bbox 683 1054 768 1128; x_wconf 81' lang='lat' dir='ltr'><strong>iecit</strong></span> <span class='ocrx_word' id='word_1_16' title='bbox 785 1055 984 1150; x_wconf 86' lang='lat' dir='ltr'>Cocytum:</span> <span class='ocrx_word' id='word_1_17' title='bbox 1007 1054 1113 1130; x_wconf 88' lang='lat' dir='ltr'><strong>etsie</strong></span> <span class='ocrx_word' id='word_1_18' title='bbox 1130 1055 1197 1127; x_wconf 78' lang='lat' dir='ltr'><strong>istu</strong></span> <span class='ocrx_word' id='word_1_19' title='bbox 1218 1074 1316 1147; x_wconf 83' lang='lat' dir='ltr'><strong>aqua</strong></span> <span class='ocrx_word' id='word_1_20' title='bbox 1342 1060 1462 1127; x_wconf 79' lang='lat' dir='ltr'><strong>mutet</strong></span> <span class='ocrx_word' id='word_1_21' title='bbox 1481 1074 1617 1128; x_wconf 88' lang='lat' dir='ltr'><strong>nomen</strong></span> 
     </span>
     <span class='ocr_line' id='line_1_4' title="bbox 447 1175 1617 1271; baseline -0.003 -20"><span class='ocrx_word' id='word_1_22' title='bbox 447 1178 533 1271; x_wconf 85' lang='lat' dir='ltr'><strong>quia</strong></span> <span class='ocrx_word' id='word_1_23' title='bbox 559 1182 678 1249; x_wconf 86' lang='lat' dir='ltr'><strong>mutat</strong></span> <span class='ocrx_word' id='word_1_24' title='bbox 703 1176 837 1249; x_wconf 88' lang='lat' dir='ltr'><strong>iocum.</strong></span> <span class='ocrx_word' id='word_1_25' title='bbox 864 1177 939 1250; x_wconf 90' lang='lat' dir='ltr'><strong>Nec</strong></span> <span class='ocrx_word' id='word_1_26' title='bbox 965 1176 1109 1250; x_wconf 91' lang='lat' dir='ltr'><strong>mireris</strong></span> <span class='ocrx_word' id='word_1_27' title='bbox 1129 1177 1159 1249; x_wconf 91' lang='lat' dir='ltr'><strong>si</strong></span> <span class='ocrx_word' id='word_1_28' title='bbox 1176 1175 1257 1249; x_wconf 86' lang='lat' dir='ltr'><strong>dico</strong></span> <span class='ocrx_word' id='word_1_29' title='bbox 1275 1175 1373 1269; x_wconf 88' lang='lat' dir='ltr'><strong>quod</strong></span> <span class='ocrx_word' id='word_1_30' title='bbox 1390 1175 1492 1269; x_wconf 74' lang='lat' dir='ltr'><strong>uque</strong></span> <span class='ocrx_word' id='word_1_31' title='bbox 1506 1175 1617 1249; x_wconf 84' lang='lat' dir='ltr'><strong>inser-</strong></span> 
     </span>
     <span class='ocr_line' id='line_1_5' title="bbox 450 1296 1618 1391; baseline -0.003 -19"><span class='ocrx_word' id='word_1_32' title='bbox 450 1299 541 1373; x_wconf 84' lang='lat' dir='ltr'><strong>naiis</strong></span> <span class='ocrx_word' id='word_1_33' title='bbox 566 1297 664 1371; x_wconf 85' lang='lat' dir='ltr'><strong>vadit</strong></span> <span class='ocrx_word' id='word_1_34' title='bbox 685 1316 749 1391; x_wconf 91' lang='lat' dir='ltr'><strong>per</strong></span> <span class='ocrx_word' id='word_1_35' title='bbox 766 1296 846 1370; x_wconf 79' lang='lat' dir='ltr'><strong>loca</strong></span> <span class='ocrx_word' id='word_1_36' title='bbox 865 1304 1050 1390; x_wconf 77' lang='lat' dir='ltr'><strong>montane,</strong></span> <span class='ocrx_word' id='word_1_37' title='bbox 1069 1298 1155 1390; x_wconf 81' lang='lat' dir='ltr'><strong>quia</strong></span> <span class='ocrx_word' id='word_1_38' title='bbox 1172 1297 1257 1370; x_wconf 88' lang='lat' dir='ltr'><strong>licet</strong></span> <span class='ocrx_word' id='word_1_39' title='bbox 1276 1297 1439 1371; x_wconf 79' lang='lat' dir='ltr'><strong>internus</strong></span> <span class='ocrx_word' id='word_1_40' title='bbox 1455 1297 1501 1369; x_wconf 94' lang='lat' dir='ltr'><strong>sit</strong></span> <span class='ocrx_word' id='word_1_41' title='bbox 1521 1303 1618 1371; x_wconf 89' lang='lat' dir='ltr'><strong>totus</strong></span> 
     </span>
     <span class='ocr_line' id='line_1_6' title="bbox 449 1416 1619 1510; baseline -0.003 -18"><span class='ocrx_word' id='word_1_42' title='bbox 449 1418 588 1509; x_wconf 82' lang='lat' dir='ltr'><strong>bassus,</strong></span> <span class='ocrx_word' id='word_1_43' title='bbox 607 1424 731 1490; x_wconf 85' lang='lat' dir='ltr'><strong>tamen</strong></span> <span class='ocrx_word' id='word_1_44' title='bbox 749 1437 846 1489; x_wconf 91' lang='lat' dir='ltr'><strong>unus</strong></span> <span class='ocrx_word' id='word_1_45' title='bbox 863 1417 1024 1490; x_wconf 85' lang='lat' dir='ltr'><strong>circulus</strong></span> <span class='ocrx_word' id='word_1_46' title='bbox 1044 1427 1099 1493; x_wconf 91' lang='lat' dir='ltr'><strong>est</strong></span> <span class='ocrx_word' id='word_1_47' title='bbox 1116 1417 1255 1490; x_wconf 85' lang='lat' dir='ltr'><strong>bassior</strong></span> <span class='ocrx_word' id='word_1_48' title='bbox 1270 1416 1399 1509; x_wconf 83' lang='lat' dir='ltr'><strong>altero,</strong></span> <span class='ocrx_word' id='word_1_49' title='bbox 1417 1416 1503 1510; x_wconf 85' lang='lat' dir='ltr'><strong>quia</strong></span> <span class='ocrx_word' id='word_1_50' title='bbox 1520 1435 1619 1490; x_wconf 83' lang='lat' dir='ltr'><strong>sern-</strong></span> 
     </span>
     <span class='ocr_line' id='line_1_7' title="bbox 449 1527 1619 1637; baseline -0.002 -24"><span class='ocrx_word' id='word_1_51' title='bbox 449 1561 515 1637; x_wconf 94' lang='lat' dir='ltr'><strong>per</strong></span> <span class='ocrx_word' id='word_1_52' title='bbox 540 1538 772 1614; x_wconf 80' lang='lat' dir='ltr'><strong>descenditur</strong></span> <span class='ocrx_word' id='word_1_53' title='bbox 798 1537 966 1630; x_wconf 84' lang='lat' dir='ltr'><strong>interius3</strong></span> <span class='ocrx_word' id='word_1_54' title='bbox 992 1538 1067 1612; x_wconf 87' lang='lat' dir='ltr'><strong>imo</strong></span> <span class='ocrx_word' id='word_1_55' title='bbox 1091 1559 1188 1611; x_wconf 90' lang='lat' dir='ltr'><strong>unus</strong></span> <span class='ocrx_word' id='word_1_56' title='bbox 1218 1538 1378 1614; x_wconf 79' lang='lat' dir='ltr'><strong>circulus</strong></span> <span class='ocrx_word' id='word_1_57' title='bbox 1402 1527 1521 1631; x_wconf 78' lang='lat' dir='ltr'><strong>potest</strong></span> <span class='ocrx_word' id='word_1_58' title='bbox 1550 1537 1619 1611; x_wconf 87' lang='lat' dir='ltr'><strong>dici</strong></span> 
     </span>
     <span class='ocr_line' id='line_1_8' title="bbox 450 1656 1619 1753; baseline -0.001 -19"><span class='ocrx_word' id='word_1_59' title='bbox 450 1660 659 1751; x_wconf 70' lang='lat' dir='ltr'><strong>altissimus²</strong></span> <span class='ocrx_word' id='word_1_60' title='bbox 684 1658 779 1730; x_wconf 84' lang='lat' dir='ltr'><strong>aiter</strong></span> <span class='ocrx_word' id='word_1_61' title='bbox 799 1656 1027 1730; x_wconf 84' lang='lat' dir='ltr'><strong>bassissimus</strong></span> <span class='ocrx_word' id='word_1_62' title='bbox 1046 1658 1257 1753; x_wconf 72' lang='lat' dir='ltr'>respective,</span> <span class='ocrx_word' id='word_1_63' title='bbox 1275 1664 1312 1732; x_wconf 91' lang='lat' dir='ltr'><strong>et</strong></span> <span class='ocrx_word' id='word_1_64' title='bbox 1327 1656 1449 1731; x_wconf 80' lang='lat' dir='ltr'><strong>emnia</strong></span> <span class='ocrx_word' id='word_1_65' title='bbox 1467 1657 1619 1733; x_wconf 86' lang='lat' dir='ltr'><strong>iiuminu</strong></span> 
     </span>
     <span class='ocr_line' id='line_1_9' title="bbox 450 1778 1619 1871; baseline -0.003 -16"><span class='ocrx_word' id='word_1_66' title='bbox 450 1779 639 1855; x_wconf 79' lang='lat' dir='ltr'>infernalia</span> <span class='ocrx_word' id='word_1_67' title='bbox 665 1787 750 1852; x_wconf 90' lang='lat' dir='ltr'><strong>sunt</strong></span> <span class='ocrx_word' id='word_1_68' title='bbox 775 1797 820 1850; x_wconf 85' lang='lat' dir='ltr'><strong>ex</strong></span> <span class='ocrx_word' id='word_1_69' title='bbox 848 1799 922 1851; x_wconf 84' lang='lat' dir='ltr'><strong>una</strong></span> <span class='ocrx_word' id='word_1_70' title='bbox 942 1798 1050 1871; x_wconf 83' lang='lat' dir='ltr'><strong>aqua,</strong></span> <span class='ocrx_word' id='word_1_71' title='bbox 1069 1784 1107 1852; x_wconf 93' lang='lat' dir='ltr'><strong>et</strong></span> <span class='ocrx_word' id='word_1_72' title='bbox 1127 1786 1277 1852; x_wconf 84' lang='lat' dir='ltr'><strong>manant</strong></span> <span class='ocrx_word' id='word_1_73' title='bbox 1292 1778 1339 1851; x_wconf 84' lang='lat' dir='ltr'><strong>ab</strong></span> <span class='ocrx_word' id='word_1_74' title='bbox 1357 1778 1486 1852; x_wconf 87' lang='lat' dir='ltr'><strong>eodem</strong></span> <span class='ocrx_word' id='word_1_75' title='bbox 1508 1778 1619 1871; x_wconf 85' lang='lat' dir='ltr'><strong>sente,</strong></span> 
     </span>
     <span class='ocr_line' id='line_1_10' title="bbox 453 1897 1619 1993; baseline -0.003 -18"><span class='ocrx_word' id='word_1_76' title='bbox 453 1902 534 1975; x_wconf 89' lang='lat' dir='ltr'><strong>iicet</strong></span> <span class='ocrx_word' id='word_1_77' title='bbox 552 1899 712 1972; x_wconf 83' lang='lat' dir='ltr'><strong>habeant</strong></span> <span class='ocrx_word' id='word_1_78' title='bbox 730 1897 878 1970; x_wconf 83' lang='lat' dir='ltr'><strong>nomina</strong></span> <span class='ocrx_word' id='word_1_79' title='bbox 894 1897 1070 1973; x_wconf 79' lang='lat' dir='ltr'><strong>distincta.</strong></span> <span class='ocrx_word' id='word_1_80' title='bbox 1088 1898 1141 1971; x_wconf 84' lang='lat' dir='ltr'><strong>Ex</strong></span> <span class='ocrx_word' id='word_1_81' title='bbox 1159 1898 1262 1971; x_wconf 90' lang='lat' dir='ltr'><strong>dictis</strong></span> <span class='ocrx_word' id='word_1_82' title='bbox 1279 1917 1368 1993; x_wconf 86' lang='lat' dir='ltr'><strong>erge</strong></span> <span class='ocrx_word' id='word_1_83' title='bbox 1385 1904 1484 1991; x_wconf 80' lang='lat' dir='ltr'><strong>patet</strong></span> <span class='ocrx_word' id='word_1_84' title='bbox 1500 1918 1619 1991; x_wconf 83' lang='lat' dir='ltr'><strong>quau-</strong></span> 
     </span>
     <span class='ocr_line' id='line_1_11' title="bbox 451 2017 1617 2112; baseline -0.004 -16"><span class='ocrx_word' id='word_1_85' title='bbox 451 2031 530 2097; x_wconf 90' lang='lat' dir='ltr'><strong>tum</strong></span> <span class='ocrx_word' id='word_1_86' title='bbox 548 2018 774 2112; x_wconf 79' lang='lat' dir='ltr'><strong>comparatio</strong></span> <span class='ocrx_word' id='word_1_87' title='bbox 791 2017 962 2112; x_wconf 79' lang='lat' dir='ltr'><strong>predicta</strong></span> <span class='ocrx_word' id='word_1_88' title='bbox 979 2018 1025 2090; x_wconf 96' lang='lat' dir='ltr'><strong>sit</strong></span> <span class='ocrx_word' id='word_1_89' title='bbox 1041 2017 1299 2112; x_wconf 81' lang='lat' dir='ltr'><strong>propriissime,</strong></span> <span class='ocrx_word' id='word_1_90' title='bbox 1317 2017 1404 2111; x_wconf 81' lang='lat' dir='ltr'><strong>quin</strong></span> <span class='ocrx_word' id='word_1_91' title='bbox 1422 2038 1496 2091; x_wconf 86' lang='lat' dir='ltr'><strong>una</strong></span> <span class='ocrx_word' id='word_1_92' title='bbox 1520 2039 1617 2111; x_wconf 82' lang='lat' dir='ltr'><strong>aqua</strong></span> 
     </span>
     <span class='ocr_line' id='line_1_12' title="bbox 448 2138 1618 2233; baseline -0.005 -18"><span class='ocrx_word' id='word_1_93' title='bbox 448 2140 671 2215; x_wconf 88' lang='lat' dir='ltr'><strong>descendeus</strong></span> <span class='ocrx_word' id='word_1_94' title='bbox 696 2138 743 2210; x_wconf 82' lang='lat' dir='ltr'><strong>ab</strong></span> <span class='ocrx_word' id='word_1_95' title='bbox 763 2138 838 2212; x_wconf 81' lang='lat' dir='ltr'><strong>aito</strong></span> <span class='ocrx_word' id='word_1_96' title='bbox 856 2145 980 2212; x_wconf 87' lang='lat' dir='ltr'><strong>monte</strong></span> <span class='ocrx_word' id='word_1_97' title='bbox 997 2139 1114 2213; x_wconf 83' lang='lat' dir='ltr'><strong>Cretae</strong></span> <span class='ocrx_word' id='word_1_98' title='bbox 1131 2138 1250 2233; x_wconf 88' lang='lat' dir='ltr'><strong>primo</strong></span> <span class='ocrx_word' id='word_1_99' title='bbox 1268 2144 1421 2211; x_wconf 78' lang='lat' dir='ltr'><strong>vocatur</strong></span> <span class='ocrx_word' id='word_1_100' title='bbox 1438 2138 1618 2231; x_wconf 78' lang='lat' dir='ltr'>Acheron,</span> 
     </span>
     <span class='ocr_line' id='line_1_13' title="bbox 449 2258 1618 2355; baseline -0.002 -20"><span class='ocrx_word' id='word_1_101' title='bbox 449 2267 574 2355; x_wconf 81' lang='lat' dir='ltr'><strong>postea</strong></span> <span class='ocrx_word' id='word_1_102' title='bbox 601 2259 811 2354; x_wconf 82' lang='lat' dir='ltr'><strong>Phlegeton‚</strong></span> <span class='ocrx_word' id='word_1_103' title='bbox 838 2266 875 2333; x_wconf 94' lang='lat' dir='ltr'><strong>et</strong></span> <span class='ocrx_word' id='word_1_104' title='bbox 900 2266 956 2332; x_wconf 92' lang='lat' dir='ltr'><strong>est</strong></span> <span class='ocrx_word' id='word_1_105' title='bbox 980 2259 1073 2334; x_wconf 89' lang='lat' dir='ltr'><strong>sicut</strong></span> <span class='ocrx_word' id='word_1_106' title='bbox 1098 2279 1295 2352; x_wconf 76' lang='lat' dir='ltr'><strong>uncaque</strong></span> <span class='ocrx_word' id='word_1_107' title='bbox 1320 2258 1542 2333; x_wconf 89' lang='lat' dir='ltr'><strong>descendens</strong></span> <span class='ocrx_word' id='word_1_108' title='bbox 1570 2259 1618 2333; x_wconf 84' lang='lat' dir='ltr'><strong>ab</strong></span> 
     </span>
     <span class='ocr_line' id='line_1_14' title="bbox 448 2379 1617 2474; baseline -0.002 -19"><span class='ocrx_word' id='word_1_109' title='bbox 448 2383 523 2455; x_wconf 84' lang='lat' dir='ltr'><strong>uite</strong></span> <span class='ocrx_word' id='word_1_110' title='bbox 540 2387 666 2455; x_wconf 86' lang='lat' dir='ltr'><strong>urente</strong></span> <span class='ocrx_word' id='word_1_111' title='bbox 682 2379 929 2454; x_wconf 82' lang='lat' dir='ltr'><strong>Romandioiae</strong></span> <span class='ocrx_word' id='word_1_112' title='bbox 955 2380 1074 2474; x_wconf 88' lang='lat' dir='ltr'><strong>primo</strong></span> <span class='ocrx_word' id='word_1_113' title='bbox 1094 2385 1248 2453; x_wconf 78' lang='lat' dir='ltr'><strong>vocetur</strong></span> <span class='ocrx_word' id='word_1_114' title='bbox 1267 2379 1371 2472; x_wconf 78' lang='lat' dir='ltr'><strong>Aque</strong></span> <span class='ocrx_word' id='word_1_115' title='bbox 1387 2379 1529 2473; x_wconf 75' lang='lat' dir='ltr'><strong>Quieta,</strong></span> <span class='ocrx_word' id='word_1_116' title='bbox 1551 2401 1617 2474; x_wconf 86' lang='grc' dir='ltr'><strong>ρο-</strong></span> 
     </span>
     <span class='ocr_line' id='line_1_15' title="bbox 448 2499 1616 2575; baseline -0.003 0"><span class='ocrx_word' id='word_1_117' title='bbox 448 2508 526 2575; x_wconf 80' lang='lat' dir='ltr'><strong>stea</strong></span> <span class='ocrx_word' id='word_1_118' title='bbox 543 2503 746 2574; x_wconf 87' lang='lat' dir='ltr'><strong>Mentonus.</strong></span> <span class='ocrx_word' id='word_1_119' title='bbox 765 2500 869 2572; x_wconf 92' lang='lat' dir='ltr'><strong>Nunc</strong></span> <span class='ocrx_word' id='word_1_120' title='bbox 889 2506 1061 2572; x_wconf 75' lang='lat' dir='ltr'><strong>construe</strong></span> <span class='ocrx_word' id='word_1_121' title='bbox 1078 2499 1129 2572; x_wconf 90' lang='lat' dir='ltr'><strong>sic</strong></span> <span class='ocrx_word' id='word_1_122' title='bbox 1148 2499 1314 2573; x_wconf 79' lang='lat' dir='ltr'><strong>literam:</strong></span> <span class='ocrx_word' id='word_1_123' title='bbox 1335 2502 1403 2572; x_wconf 86' lang='lat' dir='ltr'><strong>Noi</strong></span> <span class='ocrx_word' id='word_1_124' title='bbox 1419 2507 1616 2572; x_wconf 69' lang='lat' dir='ltr'><strong>notumne</strong></span> 
     </span>
     <span class='ocr_line' id='line_1_16' title="bbox 448 2618 1617 2715; baseline -0.002 -22"><span class='ocrx_word' id='word_1_125' title='bbox 448 2625 594 2693; x_wconf 74' lang='lat' dir='ltr'><strong>nscnar</strong></span> <span class='ocrx_word' id='word_1_126' title='bbox 619 2623 837 2712; x_wconf 76' lang='lat' dir='ltr'><strong>quett’acqua</strong></span> <span class='ocrx_word' id='word_1_127' title='bbox 861 2624 960 2709; x_wconf 75' lang='lat' dir='ltr'><strong>tnta,</strong></span> <span class='ocrx_word' id='word_1_128' title='bbox 986 2619 1120 2695; x_wconf 85' lang='lat' dir='ltr'><strong>scilicet</strong></span> <span class='ocrx_word' id='word_1_129' title='bbox 1145 2618 1401 2715; x_wconf 83' lang='lat' dir='ltr'><strong>Phlegetontis,</strong></span> <span class='ocrx_word' id='word_1_130' title='bbox 1427 2625 1510 2712; x_wconf 84' lang='lat' dir='ltr'><strong>quae</strong></span> <span class='ocrx_word' id='word_1_131' title='bbox 1535 2626 1617 2693; x_wconf 85' lang='lat' dir='ltr'><strong>erat</strong></span> 
     </span>
     <span class='ocr_line' id='line_1_17' title="bbox 450 2739 1618 2834; baseline -0.004 -17"><span class='ocrx_word' id='word_1_132' title='bbox 450 2744 559 2817; x_wconf 86' lang='lat' dir='ltr'><strong>tincta</strong></span> <span class='ocrx_word' id='word_1_133' title='bbox 578 2742 726 2834; x_wconf 78' lang='lat' dir='ltr'><strong>rubore,</strong></span> <span class='ocrx_word' id='word_1_134' title='bbox 738 2762 807 2833; x_wconf 82' lang='lat' dir='ltr'><strong>per</strong></span> <span class='ocrx_word' id='word_1_135' title='bbox 822 2761 895 2812; x_wconf 82' lang='lat' dir='ltr'><strong>unu</strong></span> <span class='ocrx_word' id='word_1_136' title='bbox 910 2743 992 2832; x_wconf 81' lang='lat' dir='ltr'><strong>ripe</strong></span> <span class='ocrx_word' id='word_1_137' title='bbox 1008 2743 1214 2831; x_wconf 77' lang='lat' dir='ltr'><strong>dtscoscesa,</strong></span> <span class='ocrx_word' id='word_1_138' title='bbox 1232 2739 1322 2813; x_wconf 90' lang='lat' dir='ltr'><strong>idest</strong></span> <span class='ocrx_word' id='word_1_139' title='bbox 1343 2740 1543 2834; x_wconf 81' lang='lat' dir='ltr'><strong>ruinosum,</strong></span> <span class='ocrx_word' id='word_1_140' title='bbox 1562 2739 1618 2812; x_wconf 88' lang='lat' dir='ltr'><strong>di·</strong></span> 
     </span>
    </p>
   </div>
   <div class='ocr_carea' id='block_1_3' title="bbox 444 2851 1619 3194">
    <p class='ocr_par' dir='ltr' id='par_1_3' title="bbox 444 2851 1619 3194">
     <span class='ocr_line' id='line_1_18' title="bbox 449 2851 1618 2955; baseline -0.003 -20"><span class='ocrx_word' id='word_1_141' title='bbox 449 2867 618 2955; x_wconf 80' lang='lat' dir='ltr'><strong>rupatarn</strong></span> <span class='ocrx_word' id='word_1_142' title='bbox 633 2851 684 2953; x_wconf 58' lang='grc' dir='ltr'><strong>θ),</strong></span> <span class='ocrx_word' id='word_1_143' title='bbox 701 2854 732 2932; x_wconf 77' lang='lat' dir='ltr'><strong>si</strong></span> <span class='ocrx_word' id='word_1_144' title='bbox 747 2862 911 2933; x_wconf 77' lang='lat' dir='ltr'><strong>ct&#39;aen&#39;a</strong></span> <span class='ocrx_word' id='word_1_145' title='bbox 928 2865 1032 2952; x_wconf 77' lang='lat' dir='ltr'><strong>offese</strong></span> <span class='ocrx_word' id='word_1_146' title='bbox 1048 2863 1070 2932; x_wconf 87' lang='lat' dir='ltr'><strong>t&#39;</strong></span> <span class='ocrx_word' id='word_1_147' title='bbox 1079 2862 1233 2932; x_wconf 70' lang='lat' dir='ltr'><strong>erecctne</strong></span> <span class='ocrx_word' id='word_1_148' title='bbox 1244 2863 1281 2932; x_wconf 82' lang='lat' dir='ltr'><strong>in</strong></span> <span class='ocrx_word' id='word_1_149' title='bbox 1288 2881 1380 2952; x_wconf 86' lang='lat' dir='ltr'><strong>poco</strong></span> <span class='ocrx_word' id='word_1_150' title='bbox 1392 2863 1427 2933; x_wconf 86' lang='lat' dir='ltr'><strong>d’</strong></span> <span class='ocrx_word' id='word_1_151' title='bbox 1436 2880 1517 2951; x_wconf 84' lang='lat' dir='ltr'><strong>ora,</strong></span> <span class='ocrx_word' id='word_1_152' title='bbox 1531 2869 1618 2955; x_wconf 89' lang='lat' dir='ltr'><strong>pre-</strong></span> 
     </span>
     <span class='ocr_line' id='line_1_19' title="bbox 448 2971 1619 3076; baseline -0.003 -22"><span class='ocrx_word' id='word_1_153' title='bbox 448 2987 530 3076; x_wconf 89' lang='lat' dir='ltr'><strong>pter</strong></span> <span class='ocrx_word' id='word_1_154' title='bbox 547 3000 740 3054; x_wconf 87' lang='lat' dir='ltr'><strong>excessum</strong></span> <span class='ocrx_word' id='word_1_155' title='bbox 754 2980 832 3053; x_wconf 87' lang='lat' dir='ltr'><strong>scni</strong></span> <span class='ocrx_word' id='word_1_156' title='bbox 845 2980 980 3075; x_wconf 81' lang='lat' dir='ltr'><strong>magni,</strong></span> <span class='ocrx_word' id='word_1_157' title='bbox 994 2971 1065 3053; x_wconf 73' lang='lat' dir='ltr'><strong>eost</strong></span> <span class='ocrx_word' id='word_1_158' title='bbox 1077 3000 1173 3052; x_wconf 82' lang='lat' dir='ltr'><strong>come</strong></span> <span class='ocrx_word' id='word_1_159' title='bbox 1184 2982 1264 3070; x_wconf 78' lang='lat' dir='ltr'><strong>quet</strong></span> <span class='ocrx_word' id='word_1_160' title='bbox 1271 2983 1375 3071; x_wconf 76' lang='lat' dir='ltr'><strong>fiuntc</strong></span> <span class='ocrx_word' id='word_1_161' title='bbox 1394 2982 1445 3052; x_wconf 83' lang='lat' dir='ltr'><strong>ct&#39;</strong></span> <span class='ocrx_word' id='word_1_162' title='bbox 1458 2971 1482 3053; x_wconf 82' lang='grc' dir='ltr'><em>ὰ</em></span> <span class='ocrx_word' id='word_1_163' title='bbox 1497 2983 1619 3072; x_wconf 74' lang='lat' dir='ltr'><strong>prima</strong></span> 
     </span>
     <span class='ocr_line' id='line_1_20' title="bbox 444 3099 1615 3194; baseline -0.002 -20"><span class='ocrx_word' id='word_1_164' title='bbox 444 3103 596 3192; x_wconf 61' lang='lat' dir='ltr'><strong>proprio</strong></span> <span class='ocrx_word' id='word_1_165' title='bbox 625 3103 812 3190; x_wconf 75' lang='lat' dir='ltr'><strong>camnine,</strong></span> <span class='ocrx_word' id='word_1_166' title='bbox 842 3100 929 3193; x_wconf 85' lang='lat' dir='ltr'><strong>quia</strong></span> <span class='ocrx_word' id='word_1_167' title='bbox 959 3099 1094 3174; x_wconf 84' lang='lat' dir='ltr'><strong>scilicet</strong></span> <span class='ocrx_word' id='word_1_168' title='bbox 1127 3100 1267 3194; x_wconf 89' lang='lat' dir='ltr'><strong>primus</strong></span> <span class='ocrx_word' id='word_1_169' title='bbox 1292 3119 1424 3193; x_wconf 86' lang='lat' dir='ltr'><strong>perse</strong></span> <span class='ocrx_word' id='word_1_170' title='bbox 1449 3099 1615 3173; x_wconf 80' lang='lat' dir='ltr'><strong>vaditnd</strong></span> 
     </span>
    </p>
   </div>
   <div class='ocr_carea' id='block_1_4' title="bbox 447 3220 1618 4636">
    <p class='ocr_par' dir='ltr' id='par_1_4' title="bbox 447 3220 1618 4636">
     <span class='ocr_line' id='line_1_21' title="bbox 449 3220 1617 3313; baseline 0.001 -20"><span class='ocrx_word' id='word_1_171' title='bbox 449 3241 565 3313; x_wconf 85' lang='lat' dir='ltr'><strong>mare,</strong></span> <span class='ocrx_word' id='word_1_172' title='bbox 582 3223 631 3293; x_wconf 86' lang='lat' dir='ltr'><strong>du</strong></span> <span class='ocrx_word' id='word_1_173' title='bbox 652 3224 688 3292; x_wconf 84' lang='lat' dir='ltr'><strong>tc</strong></span> <span class='ocrx_word' id='word_1_174' title='bbox 705 3223 849 3292; x_wconf 80' lang='lat' dir='ltr'><strong>sinistra</strong></span> <span class='ocrx_word' id='word_1_175' title='bbox 865 3227 960 3293; x_wconf 79' lang='lat' dir='ltr'><strong>costa</strong></span> <span class='ocrx_word' id='word_1_176' title='bbox 976 3223 1212 3312; x_wconf 67' lang='lat' dir='ltr'><strong>d’rtpennino:</strong></span> <span class='ocrx_word' id='word_1_177' title='bbox 1237 3220 1360 3294; x_wconf 83' lang='lat' dir='ltr'><strong>omnia</strong></span> <span class='ocrx_word' id='word_1_178' title='bbox 1381 3220 1532 3294; x_wconf 87' lang='lat' dir='ltr'><strong>flumina</strong></span> <span class='ocrx_word' id='word_1_179' title='bbox 1550 3241 1617 3295; x_wconf 86' lang='lat' dir='ltr'><strong>nu-</strong></span> 
     </span>
     <span class='ocr_line' id='line_1_22' title="bbox 447 3340 1616 3434; baseline 0.001 -18"><span class='ocrx_word' id='word_1_180' title='bbox 447 3341 584 3416; x_wconf 83' lang='lat' dir='ltr'><strong>scentia</strong></span> <span class='ocrx_word' id='word_1_181' title='bbox 607 3362 630 3414; x_wconf 80' lang='lat' dir='ltr'>a</span> <span class='ocrx_word' id='word_1_182' title='bbox 656 3340 799 3416; x_wconf 86' lang='lat' dir='ltr'><strong>sinistra</strong></span> <span class='ocrx_word' id='word_1_183' title='bbox 825 3341 999 3434; x_wconf 76' lang='lat' dir='ltr'><strong>Apennini</strong></span> <span class='ocrx_word' id='word_1_184' title='bbox 1026 3341 1161 3415; x_wconf 79' lang='lat' dir='ltr'><strong>cadunt</strong></span> <span class='ocrx_word' id='word_1_185' title='bbox 1186 3340 1223 3413; x_wconf 93' lang='lat' dir='ltr'><strong>in</strong></span> <span class='ocrx_word' id='word_1_186' title='bbox 1249 3361 1354 3415; x_wconf 85' lang='lat' dir='ltr'><strong>mare</strong></span> <span class='ocrx_word' id='word_1_187' title='bbox 1373 3341 1616 3434; x_wconf 79' lang='lat' dir='ltr'><strong>adriacum‚u</strong></span> 
     </span>
     <span class='ocr_line' id='line_1_23' title="bbox 447 3459 1615 3552; baseline -0.002 -17"><span class='ocrx_word' id='word_1_188' title='bbox 447 3462 577 3535; x_wconf 80' lang='lat' dir='ltr'><strong>dextra</strong></span> <span class='ocrx_word' id='word_1_189' title='bbox 603 3481 693 3535; x_wconf 85' lang='lat' dir='ltr'><strong>vern</strong></span> <span class='ocrx_word' id='word_1_190' title='bbox 719 3459 755 3533; x_wconf 94' lang='lat' dir='ltr'><strong>in</strong></span> <span class='ocrx_word' id='word_1_191' title='bbox 782 3481 886 3534; x_wconf 82' lang='lat' dir='ltr'><strong>mare</strong></span> <span class='ocrx_word' id='word_1_192' title='bbox 911 3468 1068 3535; x_wconf 87' lang='lat' dir='ltr'><strong>tuscum.</strong></span> <span class='ocrx_word' id='word_1_193' title='bbox 1097 3461 1141 3534; x_wconf 85' lang='lat' dir='ltr'><strong>Et</strong></span> <span class='ocrx_word' id='word_1_194' title='bbox 1165 3461 1272 3534; x_wconf 92' lang='lat' dir='ltr'><strong>dicit:</strong></span> <span class='ocrx_word' id='word_1_195' title='bbox 1299 3464 1348 3533; x_wconf 83' lang='lat' dir='ltr'><strong>da</strong></span> <span class='ocrx_word' id='word_1_196' title='bbox 1372 3468 1486 3533; x_wconf 77' lang='lat' dir='ltr'><strong>monte</strong></span> <span class='ocrx_word' id='word_1_197' title='bbox 1519 3467 1615 3552; x_wconf 77' lang='lat' dir='ltr'><strong>Vero,</strong></span> 
     </span>
     <span class='ocr_line' id='line_1_24' title="bbox 447 3572 1618 3675; baseline 0.001 -22"><span class='ocrx_word' id='word_1_198' title='bbox 447 3572 581 3672; x_wconf 74' lang='lat' dir='ltr'><strong>idestt³t</strong></span> <span class='ocrx_word' id='word_1_199' title='bbox 595 3580 686 3654; x_wconf 83' lang='lat' dir='ltr'><strong>citra</strong></span> <span class='ocrx_word' id='word_1_200' title='bbox 699 3600 829 3654; x_wconf 86' lang='lat' dir='ltr'><strong>versus</strong></span> <span class='ocrx_word' id='word_1_201' title='bbox 841 3582 1040 3673; x_wconf 84' lang='lat' dir='ltr'><strong>orientem3</strong></span> <span class='ocrx_word' id='word_1_202' title='bbox 1051 3581 1149 3655; x_wconf 89' lang='lat' dir='ltr'><strong>unde</strong></span> <span class='ocrx_word' id='word_1_203' title='bbox 1162 3600 1235 3654; x_wconf 87' lang='lat' dir='ltr'><strong>nen</strong></span> <span class='ocrx_word' id='word_1_204' title='bbox 1248 3580 1426 3675; x_wconf 81' lang='lat' dir='ltr'><strong>inteiligas</strong></span> <span class='ocrx_word' id='word_1_205' title='bbox 1439 3580 1537 3674; x_wconf 83' lang='lat' dir='ltr'><strong>qued</strong></span> <span class='ocrx_word' id='word_1_206' title='bbox 1551 3580 1618 3654; x_wconf 89' lang='lat' dir='ltr'><strong>iste</strong></span> 
     </span>
     <span class='ocr_line' id='line_1_25' title="bbox 447 3693 1617 3795; baseline 0.001 -22"><span class='ocrx_word' id='word_1_207' title='bbox 447 3700 581 3774; x_wconf 85' lang='lat' dir='ltr'><strong>tiuvius</strong></span> <span class='ocrx_word' id='word_1_208' title='bbox 606 3707 780 3774; x_wconf 81' lang='lat' dir='ltr'><strong>nascatur</strong></span> <span class='ocrx_word' id='word_1_209' title='bbox 804 3701 851 3775; x_wconf 91' lang='lat' dir='ltr'><strong>de</strong></span> <span class='ocrx_word' id='word_1_210' title='bbox 877 3708 1001 3774; x_wconf 87' lang='lat' dir='ltr'><strong>monte</strong></span> <span class='ocrx_word' id='word_1_211' title='bbox 1031 3701 1177 3793; x_wconf 85' lang='lat' dir='ltr'><strong>Vesuin,</strong></span> <span class='ocrx_word' id='word_1_212' title='bbox 1207 3700 1300 3776; x_wconf 88' lang='lat' dir='ltr'><strong>sicut</strong></span> <span class='ocrx_word' id='word_1_213' title='bbox 1331 3699 1478 3794; x_wconf 84' lang='lat' dir='ltr'><strong>quidam</strong></span> <span class='ocrx_word' id='word_1_214' title='bbox 1511 3693 1617 3795; x_wconf 77' lang='lat' dir='ltr'><strong>igne·</strong></span> 
     </span>
     <span class='ocr_line' id='line_1_26' title="bbox 448 3810 1616 3915; baseline -0.001 -20"><span class='ocrx_word' id='word_1_215' title='bbox 448 3827 574 3895; x_wconf 83' lang='lat' dir='ltr'><strong>renter</strong></span> <span class='ocrx_word' id='word_1_216' title='bbox 589 3821 774 3914; x_wconf 82' lang='lat' dir='ltr'><strong>dixerunt,</strong></span> <span class='ocrx_word' id='word_1_217' title='bbox 788 3821 873 3915; x_wconf 85' lang='lat' dir='ltr'><strong>quia</strong></span> <span class='ocrx_word' id='word_1_218' title='bbox 894 3828 979 3895; x_wconf 89' lang='lat' dir='ltr'><strong>sunt</strong></span> <span class='ocrx_word' id='word_1_219' title='bbox 996 3821 1091 3899; x_wconf 83' lang='lat' dir='ltr'><strong>ultra</strong></span> <span class='ocrx_word' id='word_1_220' title='bbox 1107 3810 1144 3913; x_wconf 75' lang='lat'><strong>(⁴)</strong></span> <span class='ocrx_word' id='word_1_221' title='bbox 1162 3821 1320 3897; x_wconf 77' lang='lat' dir='ltr'><strong>ducenta</strong></span> <span class='ocrx_word' id='word_1_222' title='bbox 1337 3819 1504 3895; x_wconf 80' lang='lat' dir='ltr'><strong>milliaria</strong></span> <span class='ocrx_word' id='word_1_223' title='bbox 1520 3820 1616 3897; x_wconf 85' lang='lat' dir='ltr'><strong>inter</strong></span> 
     </span>
     <span class='ocr_line' id='line_1_27' title="bbox 450 3940 1616 4034; baseline 0 -20"><span class='ocrx_word' id='word_1_224' title='bbox 450 3951 611 4017; x_wconf 87' lang='lat' dir='ltr'><strong>mentem</strong></span> <span class='ocrx_word' id='word_1_225' title='bbox 624 3941 813 4033; x_wconf 84' lang='lat' dir='ltr'><strong>Vesulum,</strong></span> <span class='ocrx_word' id='word_1_226' title='bbox 827 3940 874 4014; x_wconf 88' lang='lat' dir='ltr'><strong>de</strong></span> <span class='ocrx_word' id='word_1_227' title='bbox 887 3961 962 4034; x_wconf 87' lang='lat' dir='ltr'><strong>qun</strong></span> <span class='ocrx_word' id='word_1_228' title='bbox 975 3941 1138 4014; x_wconf 88' lang='lat' dir='ltr'><strong>nascitur</strong></span> <span class='ocrx_word' id='word_1_229' title='bbox 1150 3940 1280 4033; x_wconf 83' lang='lat' dir='ltr'><strong>Padus,</strong></span> <span class='ocrx_word' id='word_1_230' title='bbox 1295 3947 1332 4014; x_wconf 92' lang='lat' dir='ltr'><strong>et</strong></span> <span class='ocrx_word' id='word_1_231' title='bbox 1344 3940 1498 4014; x_wconf 86' lang='lat' dir='ltr'><strong>fluvium</strong></span> <span class='ocrx_word' id='word_1_232' title='bbox 1513 3942 1616 4026; x_wconf 86' lang='lat' dir='ltr'><strong>Mon·</strong></span> 
     </span>
     <span class='ocr_line' id='line_1_28' title="bbox 448 4059 1616 4155; baseline -0.001 -20"><span class='ocrx_word' id='word_1_233' title='bbox 448 4068 577 4136; x_wconf 88' lang='lat' dir='ltr'><strong>tonum</strong></span> <span class='ocrx_word' id='word_1_234' title='bbox 605 4060 667 4154; x_wconf 87' lang='lat' dir='ltr'><strong>qui</strong></span> <span class='ocrx_word' id='word_1_235' title='bbox 694 4061 854 4134; x_wconf 85' lang='lat' dir='ltr'><strong>nuscitur</strong></span> <span class='ocrx_word' id='word_1_236' title='bbox 880 4059 916 4133; x_wconf 92' lang='lat' dir='ltr'><strong>iu</strong></span> <span class='ocrx_word' id='word_1_237' title='bbox 940 4061 1083 4155; x_wconf 84' lang='lat' dir='ltr'><strong>alpibus</strong></span> <span class='ocrx_word' id='word_1_238' title='bbox 1108 4061 1354 4134; x_wconf 85' lang='lat' dir='ltr'><strong>Romandioiae</strong></span> <span class='ocrx_word' id='word_1_239' title='bbox 1383 4081 1494 4154; x_wconf 85' lang='lat' dir='ltr'><strong>supra</strong></span> <span class='ocrx_word' id='word_1_240' title='bbox 1524 4061 1616 4136; x_wconf 88' lang='lat' dir='ltr'><strong>For-</strong></span> 
     </span>
     <span class='ocr_line' id='line_1_29' title="bbox 448 4173 1616 4276; baseline -0.002 -18"><span class='ocrx_word' id='word_1_241' title='bbox 448 4183 587 4258; x_wconf 85' lang='lat' dir='ltr'><strong>livium.</strong></span> <span class='ocrx_word' id='word_1_242' title='bbox 613 4181 712 4255; x_wconf 86' lang='lat' dir='ltr'><strong>Muiti</strong></span> <span class='ocrx_word' id='word_1_243' title='bbox 734 4181 843 4255; x_wconf 84' lang='lat' dir='ltr'><strong>etiarn</strong></span> <span class='ocrx_word' id='word_1_244' title='bbox 861 4202 928 4275; x_wconf 89' lang='lat' dir='ltr'><strong>per</strong></span> <span class='ocrx_word' id='word_1_245' title='bbox 946 4182 1190 4276; x_wconf 82' lang='lat' dir='ltr'><strong>ignerantiam</strong></span> <span class='ocrx_word' id='word_1_246' title='bbox 1209 4192 1452 4274; x_wconf 83' lang='lat' dir='ltr'><strong>currumpunt</strong></span> <span class='ocrx_word' id='word_1_247' title='bbox 1471 4173 1508 4273; x_wconf 74' lang='lat'><strong>(⁵)</strong></span> <span class='ocrx_word' id='word_1_248' title='bbox 1534 4182 1616 4256; x_wconf 88' lang='lat' dir='ltr'><strong>iite-</strong></span> 
     </span>
     <span class='ocr_line' id='line_1_30' title="bbox 447 4301 1614 4397; baseline -0.004 -19"><span class='ocrx_word' id='word_1_249' title='bbox 447 4325 541 4397; x_wconf 82' lang='lat' dir='ltr'><strong>ram,</strong></span> <span class='ocrx_word' id='word_1_250' title='bbox 566 4313 604 4381; x_wconf 92' lang='lat' dir='ltr'><strong>et</strong></span> <span class='ocrx_word' id='word_1_251' title='bbox 628 4303 774 4377; x_wconf 89' lang='lat' dir='ltr'><strong>dicunt:</strong></span> <span class='ocrx_word' id='word_1_252' title='bbox 801 4309 916 4375; x_wconf 79' lang='lat' dir='ltr'><strong>mente</strong></span> <span class='ocrx_word' id='word_1_253' title='bbox 945 4305 1032 4374; x_wconf 84' lang='lat' dir='ltr'><strong>niso.</strong></span> <span class='ocrx_word' id='word_1_254' title='bbox 1060 4302 1150 4377; x_wconf 87' lang='lat' dir='ltr'><strong>Dicit</strong></span> <span class='ocrx_word' id='word_1_255' title='bbox 1179 4321 1293 4397; x_wconf 83' lang='lat' dir='ltr'><strong>ergo:</strong></span> <span class='ocrx_word' id='word_1_256' title='bbox 1326 4303 1398 4392; x_wconf 81' lang='lat' dir='ltr'><strong>cite,</strong></span> <span class='ocrx_word' id='word_1_257' title='bbox 1429 4301 1521 4377; x_wconf 88' lang='lat' dir='ltr'><strong>idest</strong></span> <span class='ocrx_word' id='word_1_258' title='bbox 1549 4301 1614 4395; x_wconf 84' lang='lat' dir='ltr'><strong>qui</strong></span> 
     </span>
     <span class='ocr_line' id='line_1_31' title="bbox 447 4420 1615 4517; baseline -0.001 -20"><span class='ocrx_word' id='word_1_259' title='bbox 447 4422 592 4517; x_wconf 84' lang='lat' dir='ltr'><strong>tiuvius,</strong></span> <span class='ocrx_word' id='word_1_260' title='bbox 611 4443 648 4495; x_wconf 85' lang='lat' dir='ltr'><strong>se</strong></span> <span class='ocrx_word' id='word_1_261' title='bbox 664 4424 801 4495; x_wconf 66' lang='lat' dir='ltr'><strong>citerna</strong></span> <span class='ocrx_word' id='word_1_262' title='bbox 821 4428 942 4512; x_wconf 76' lang='lat' dir='ltr'><strong>Aequa</strong></span> <span class='ocrx_word' id='word_1_263' title='bbox 964 4426 1085 4514; x_wconf 73' lang='lat' dir='ltr'><strong>Quota,</strong></span> <span class='ocrx_word' id='word_1_264' title='bbox 1103 4421 1197 4497; x_wconf 84' lang='lat' dir='ltr'><strong>sorte</strong></span> <span class='ocrx_word' id='word_1_265' title='bbox 1214 4421 1299 4515; x_wconf 82' lang='lat' dir='ltr'><strong>quia</strong></span> <span class='ocrx_word' id='word_1_266' title='bbox 1320 4420 1439 4513; x_wconf 79' lang='lat' dir='ltr'><strong>tacite,</strong></span> <span class='ocrx_word' id='word_1_267' title='bbox 1461 4442 1533 4496; x_wconf 88' lang='lat' dir='ltr'><strong>nen</strong></span> <span class='ocrx_word' id='word_1_268' title='bbox 1554 4443 1615 4496; x_wconf 90' lang='lat' dir='ltr'><strong>so-</strong></span> 
     </span>
     <span class='ocr_line' id='line_1_32' title="bbox 447 4542 1615 4636; baseline 0 -18"><span class='ocrx_word' id='word_1_269' title='bbox 447 4551 577 4618; x_wconf 83' lang='lat' dir='ltr'><strong>nanter</strong></span> <span class='ocrx_word' id='word_1_270' title='bbox 602 4544 741 4636; x_wconf 82' lang='lat' dir='ltr'><strong>currit3</strong></span> <span class='ocrx_word' id='word_1_271' title='bbox 767 4553 853 4621; x_wconf 81' lang='lat' dir='ltr'><strong>ante</strong></span> <span class='ocrx_word' id='word_1_272' title='bbox 873 4542 971 4616; x_wconf 92' lang='lat' dir='ltr'><strong>enirn</strong></span> <span class='ocrx_word' id='word_1_273' title='bbox 994 4563 1106 4636; x_wconf 83' lang='lat' dir='ltr'><strong>quem</strong></span> <span class='ocrx_word' id='word_1_274' title='bbox 1124 4542 1230 4618; x_wconf 82' lang='lat' dir='ltr'><strong>cadat</strong></span> <span class='ocrx_word' id='word_1_275' title='bbox 1247 4542 1283 4615; x_wconf 88' lang='lat' dir='ltr'><strong>in</strong></span> <span class='ocrx_word' id='word_1_276' title='bbox 1302 4542 1450 4636; x_wconf 83' lang='lat' dir='ltr'><strong>pianum</strong></span> <span class='ocrx_word' id='word_1_277' title='bbox 1468 4542 1615 4618; x_wconf 86' lang='lat' dir='ltr'><strong>videtur</strong></span> 
     </span>
    </p>
   </div>
   <div class='ocr_carea' id='block_1_5' title="bbox 506 4753 1543 4972">
    <p class='ocr_par' dir='ltr' id='par_1_5' title="bbox 506 4753 1543 4972">
     <span class='ocr_line' id='line_1_33' title="bbox 506 4753 1511 4819; baseline 0 -14"><span class='ocrx_word' id='word_1_278' title='bbox 506 4755 534 4819; x_wconf 81' lang='lat'><strong>(¹)</strong></span> <span class='ocrx_word' id='word_1_279' title='bbox 552 4761 605 4815; x_wconf 81' lang='grc'><strong>1111,</strong></span> <span class='ocrx_word' id='word_1_280' title='bbox 622 4757 648 4805; x_wconf 90' lang='lat' dir='ltr'><strong>in</strong></span> <span class='ocrx_word' id='word_1_281' title='bbox 665 4755 721 4805; x_wconf 78' lang='lat' dir='ltr'><strong>ioca</strong></span> <span class='ocrx_word' id='word_1_282' title='bbox 740 4755 810 4804; x_wconf 69' lang='lat' dir='ltr'><strong>buna</strong></span> <span class='ocrx_word' id='word_1_283' title='bbox 827 4760 853 4804; x_wconf 80' lang='lat' dir='ltr'><strong>et</strong></span> <span class='ocrx_word' id='word_1_284' title='bbox 869 4753 950 4817; x_wconf 75' lang='lat' dir='ltr'><strong>trngit</strong></span> <span class='ocrx_word' id='word_1_285' title='bbox 967 4766 1014 4816; x_wconf 87' lang='lat' dir='ltr'><strong>per</strong></span> <span class='ocrx_word' id='word_1_286' title='bbox 1030 4753 1151 4804; x_wconf 79' lang='lat' dir='ltr'><strong>circutos.</strong></span> <span class='ocrx_word' id='word_1_287' title='bbox 1278 4753 1306 4816; x_wconf 77' lang='lat'><strong>(²)</strong></span> <span class='ocrx_word' id='word_1_288' title='bbox 1323 4754 1354 4803; x_wconf 86' lang='lat' dir='ltr'><strong>B.</strong></span> <span class='ocrx_word' id='word_1_289' title='bbox 1371 4754 1511 4817; x_wconf 73' lang='lat' dir='ltr'><strong>diruptum.</strong></span> 
     </span>
     <span class='ocr_line' id='line_1_34' title="bbox 507 4830 1261 4894; baseline 0.004 -14"><span class='ocrx_word' id='word_1_290' title='bbox 507 4832 534 4894; x_wconf 84' lang='lat'><strong>(¹)</strong></span> <span class='ocrx_word' id='word_1_291' title='bbox 550 4832 585 4890; x_wconf 76' lang='grc'><strong>8.,</strong></span> <span class='ocrx_word' id='word_1_292' title='bbox 602 4832 632 4881; x_wconf 86' lang='grc' dir='ltr'><strong>Ε.</strong></span> <span class='ocrx_word' id='word_1_293' title='bbox 648 4846 664 4883; x_wconf 81' lang='lat' dir='ltr'><strong>e</strong></span> <span class='ocrx_word' id='word_1_294' title='bbox 681 4836 735 4892; x_wconf 79' lang='lat' dir='ltr'><strong>tte,</strong></span> <span class='ocrx_word' id='word_1_295' title='bbox 752 4831 818 4882; x_wconf 81' lang='lat' dir='ltr'><strong>idest</strong></span> <span class='ocrx_word' id='word_1_296' title='bbox 833 4845 848 4880; x_wconf 79' lang='lat' dir='ltr'><strong>r</strong></span> <span class='ocrx_word' id='word_1_297' title='bbox 863 4836 952 4881; x_wconf 82' lang='lat' dir='ltr'><strong>monte</strong></span> <span class='ocrx_word' id='word_1_298' title='bbox 969 4830 1066 4882; x_wconf 77' lang='lat' dir='ltr'><strong>Vesulo</strong></span> <span class='ocrx_word' id='word_1_299' title='bbox 1082 4831 1147 4882; x_wconf 74' lang='lat' dir='ltr'><strong>citra</strong></span> <span class='ocrx_word' id='word_1_300' title='bbox 1163 4842 1261 4883; x_wconf 71' lang='lat' dir='ltr'><strong>rernm.</strong></span> 
     </span>
     <span class='ocr_line' id='line_1_35' title="bbox 508 4907 1543 4972; baseline -0.001 -13"><span class='ocrx_word' id='word_1_301' title='bbox 508 4908 536 4971; x_wconf 79' lang='lat'><strong>(⁸)</strong></span> <span class='ocrx_word' id='word_1_302' title='bbox 553 4912 606 4970; x_wconf 81' lang='lat' dir='ltr'><strong>tte,</strong></span> <span class='ocrx_word' id='word_1_303' title='bbox 623 4911 690 4959; x_wconf 74' lang='lat' dir='ltr'><strong>circu</strong></span> <span class='ocrx_word' id='word_1_304' title='bbox 707 4909 817 4960; x_wconf 74' lang='lat' dir='ltr'><strong>ducenta</strong></span> <span class='ocrx_word' id='word_1_305' title='bbox 833 4907 922 4958; x_wconf 75' lang='lat' dir='ltr'><strong>mittin.</strong></span> <span class='ocrx_word' id='word_1_306' title='bbox 1275 4908 1344 4971; x_wconf 66' lang='lat'><strong>(⁸18.</strong></span> <span class='ocrx_word' id='word_1_307' title='bbox 1359 4911 1543 4972; x_wconf 72' lang='lat' dir='ltr'><strong>normpoeunc</strong></span> 
     </span>
    </p>
   </div>
   <div class='ocr_carea' id='block_1_6' title="bbox 0 0 2082 6546">
    <p class='ocr_par' dir='ltr' id='par_1_6' title="bbox 0 0 2082 6546">
     <span class='ocr_line' id='line_1_36' title="bbox 0 0 2082 6546; baseline 0 0"><span class='ocrx_word' id='word_1_308' title='bbox 0 0 2082 6546; x_wconf 95' lang='lat' dir='ltr'><strong> </strong></span> 
     </span>
    </p>
   </div>
  </div>
 </body>
</html>
