4154 6546
457 784 527 862 15'2
847 807 1048 863 cournruu
1074 808 1224 862 rnrunrn

455 946 596 1026 teriam'
612 953 937 1046 reprehensoriam.
958 952 1059 1028 Unde
1078 953 1186 1027 dicit:
1205 956 1334 1027 t'uttm
1350 951 1387 1028 de
1407 960 1542 1032 oraro
1565 982 1629 1033 ea·

453 1076 534 1162 tiro,
560 1073 624 1165 qui
648 1072 720 1146 sint
744 1079 861 1166 poetae
886 1072 985 1145 satiri
1011 1072 1147 1147 dictum
1170 1081 1225 1148 est
1240 1073 1360 1168 primo
1376 1077 1545 1174 capituto,
1566 1082 1628 1153 ote

454 1198 560 1284 mure,
574 1194 665 1268 idest
682 1194 744 1287 qui
762 1193 945 1267 secundus
960 1193 1128 1288 sequitur
1145 1200 1225 1288 post
1242 1195 1455 1290 Homerum,
1474 1200 1626 1273 eivenit

452 1313 599 1386 obviam
632 1313 745 1387 nobis
773 1312 912 1388 Deinde
937 1314 1101 1388 nominat
1125 1315 1274 1388 tertium
1301 1322 1460 1412 poetam,
1492 1319 1627 1394 scilicet

452 1434 633 1528 Ovidium,
659 1434 804 1508 dicens:
837 1437 960 1508 ovidio
985 1431 1022 1508 e¹e
1044 1438 1073 1508 it
1095 1442 1203 1509 terzo.
1222 1436 1287 1510 Hic
1306 1437 1456 1512 Ovidius
1473 1439 1540 1513 suit
1558 1440 1627 1513 itu·

452 1557 542 1630 licus
570 1556 616 1629 de
648 1555 822 1629 Sulmone
854 1555 999 1630 civitate
1029 1556 1177 1650 Apuliae.
1209 1556 1293 1630 Fuit
1325 1558 1381 1631 vir
1413 1554 1627 1634 mirabiliter

452 1690 644 1751 amorosus
669 1682 707 1750 et
730 1676 929 1771 graciosus,
956 1675 1022 1748 tuit
1035 1669 1073 1767 (¹)
1099 1697 1243 1772 magnae
1272 1677 1432 1752 scientim
1450 1685 1487 1752 et
1512 1678 1633 1753 sociiis.

453 1797 680 1889 eloquentie,
707 1795 847 1889 scripsit
874 1794 988 1868 muita
1013 1796 1176 1868 suaviter
1201 1802 1239 1869 et
1254 1797 1427 1890 iocunde,
1445 1798 1509 1873 sed
1527 1800 1626 1872 vonit

453 1918 489 1988 in
515 1914 796 2011 indignationem
816 1905 852 2004 (²)
880 1913 1046 2008 Augusti,
1080 1914 1143 2006 qui
1161 1904 1200 2006 (³)
1233 1915 1409 2010 relegavit
1441 1918 1560 2010 ipsum
1588 1919 1623 1990 in

452 2037 625 2133 Sythiam,
651 2036 714 2109 ubi
734 2034 812 2108 iere
827 2033 950 2106 omnia
972 2032 1097 2126 puicm
1122 2053 1234 2126 opera
1258 2024 1535 2128 conscripsit(⁸).
1554 2037 1624 2110 Fe·

451 2166 553 2234 cerat
578 2165 701 2232 tamen
725 2157 852 2230 Romae
876 2173 987 2226 suum
1012 2152 1204 2246 mojorem,
1229 2153 1293 2245 qui
1318 2153 1450 2227 dicitnr
1484 2157 1622 2230 Metire·-

453 2282 699 2374 morphoseoS,
725 2279 761 2351 in
787 2296 862 2369 quo
888 2272 1102 2347 mirabiliter
1123 2274 1310 2347 contexuit
1327 2274 1405 2350 iere
1421 2296 1551 2351 omnes
1567 2278 1623 2351 in-

451 2401 554 2473 butas
581 2400 638 2473 vel
664 2397 836 2488 fictiones,
857 2415 942 2488 quae
968 2399 1090 2467 tamen
1110 2413 1178 2487 pro
1195 2394 1324 2488 majori
1343 2403 1457 2489 parte,
1475 2397 1622 2471 inerant

450 2517 546 2610 apud
571 2516 718 2590 Graecos
744 2535 809 2609 per
835 2516 950 2586 muita
975 2512 1098 2586 secula
1115 2518 1212 2605 ante,
1230 2534 1389 2606 quarum
1416 2516 1540 2590 multae
1567 2518 1623 2590 in-

450 2641 625 2709 seruntur
656 2636 704 2707 ab
736 2641 868 2707 autore
901 2634 937 2704 in
957 2623 994 2721 (²⁵)
1030 2632 1097 2704 isto
1130 2639 1311 2726 poemate,
1343 2641 1383 2706 ut
1416 2637 1550 2729 patebit
1586 2639 1621 2710 in

449 2757 639 2846 discursu;
666 2761 702 2827 et
728 2753 882 2826 finaliter
909 2758 1076 2824 mortuus
1101 2759 1157 2825 est
1181 2753 1218 2824 in
1243 2753 1304 2827 ilio
1321 2753 1440 2828 exilio.
1459 2757 1503 2828 m
1522 2765 1621 2851 noto,

450 2875 548 2968 quod
564 2881 673 2948 autor
686 2872 786 2966 ponit
802 2872 860 2945 hic
876 2870 1044 2945 Ovidium
1063 2871 1202 2945 ratione
1220 2872 1366 2967 ingenii,
1384 2894 1458 2947 non
1474 2876 1558 2950 vitre
1571 2867 1622 2967 (⁶),

450 2995 513 3088 qui
547 2995 630 3068 iecit
663 2992 750 3067 illud
781 2998 908 3066 votum
943 2991 1078 3065 infame
1108 2998 1146 3064 et
1179 2992 1341 3066 ioedum:
1375 2998 1435 3067 Dii
1463 3001 1623 3088 facerem

449 3136 569 3187 omnes
584 3121 662 3187 ortu
680 3133 898 3211 moreremur
912 3115 950 3184 in
965 3114 1026 3184 tito
1033 3138 1049 3206 ,·
1066 3112 1227 3185 laudavit
1243 3113 1340 3188 enim
1358 3103 1395 3205 (ἢ
1413 3135 1495 3189 eom
1519 3136 1621 3190 mor·

451 3243 537 3327 tem,
564 3240 753 3327 tamquam
780 3232 933 3326 felicem,
959 3232 995 3304 in
1028 3252 1084 3324 eo,
1116 3233 1152 3305 in
1178 3254 1253 3324 quo
1278 3234 1440 3309 maxime
1466 3236 1539 3310 vitu
1564 3244 1620 3311 est

451 3355 565 3448 turpis
590 3360 627 3427 et
652 3353 814 3427 brutalis.
845 3352 977 3426 Ultimo
1008 3353 1171 3425 nominat
1203 3359 1377 3443 quartum
1393 3345 1429 3443 (⁸)
1462 3362 1619 3448 poetonr,

448 3477 593 3550 dicens:
620 3497 639 3545 e
663 3476 816 3547 rotomo
841 3467 877 3545 e‘e
902 3478 1052 3544 mucro.
1079 3472 1144 3545 Hic
1175 3472 1345 3545 Lucanus
1377 3473 1444 3546 suit
1474 3476 1621 3550 natione

448 3596 639 3688 Hispanus,
667 3613 779 3686 nepos
804 3590 952 3664 Seneoae
970 3590 1128 3682 moralis,
1146 3590 1209 3682 qui
1228 3598 1397 3663 mortuus
1415 3598 1469 3664 est
1489 3594 1619 3668 eodem

447 3736 585 3812 genere
614 3712 752 3804 mortis,
785 3711 913 3785 eodem
947 3717 1123 3803 tempore,
1154 3708 1282 3783 eadem
1317 3709 1363 3782 de
1394 3731 1616 3788 causacum

448 3837 597 3928 Seneca,
623 3833 710 3927 quia
735 3830 949 3925 deprehensi
974 3835 1060 3902 sunt
1084 3829 1121 3903 in
1145 3828 1397 3904 coniuratione
1414 3830 1616 3924 Pisoniana,

448 3958 541 4031 sicut
566 3961 665 4050 putet
689 3952 786 4048 apud
811 3950 1020 4025 Cornelium
1046 3950 1223 4023 Tacitum.
1257 3948 1322 4022 iiic
1347 3949 1516 4024 Lucanus
1540 3952 1617 4026 cla-

449 4076 523 4148 ruit
540 4077 673 4149 'Romae
698 4080 863 4168 tempore
888 4070 1063 4144 sevissimi
1089 4069 1253 4163 Nemnis,
1272 4070 1335 4162 qui
1360 4070 1506 4164 ponitur
1532 4071 1618 4145 uiti-

450 4220 542 4291 mus,
569 4196 627 4270 vei
652 4196 738 4289 quia
763 4194 831 4267 suit
855 4198 935 4286 post
960 4189 1149 4285 praedictos
1171 4198 1346 4284 tempore,
1368 4191 1426 4264 vel
1448 4192 1532 4284 quia
1551 4193 1619 4266 iuit

450 4320 564 4416 magis
589 4317 772 4392 excellens
797 4313 990 4388 historicus
1015 4317 1053 4387 et
1077 4316 1202 4385 orator
1231 4331 1343 4404 quom
1375 4318 1495 4406 poeta,
1521 4313 1620 4389 unde

450 4483 474 4489 -.
486 4475 912 4489 ...-..--—.————--————
1459 4471 1476 4477 -
1483 4472 1613 4482 -nu

509 4578 538 4639 (¹)
552 4577 578 4627 S.
595 4576 645 4626 init
660 4575 747 4625 etlam.
1037 4568 1065 4629 ς’)
1080 4567 1105 4618 S.
1122 4566 1337 4630 dedignetiouem.

512 4652 539 4713 τ’)
555 4652 586 4701 Ε
601 4652 647 4714 qul
659 4650 697 4698 ob
712 4649 762 4698 hoc
778 4647 904 4711 redegerit
919 4648 1003 4709 ipsum
1019 4645 1046 4694 in
1061 4643 1185 4694 ciciliam.

508 4729 533 4788 (⁸)
551 4731 605 4784 tto.
622 4723 781 4785 conscripsit,
792 4727 820 4773 et
835 4723 980 4785 specialiter
995 4733 1072 4770 mum
1089 4721 1214 4769 maiorem
1229 4723 1279 4768 ete.
1290 4745 1317 4754 -
1329 4716 1360 4767 u
1377 4727 1457 4779 opem
1472 4716 1617 4779 eompomit

446 4811 472 4854 et
488 4804 596 4866 scripsit.
906 4801 910 4809 '
1034 4794 1061 4854 (⁸)
1077 4794 1103 4844 S.
1119 4797 1146 4847 in
1161 4794 1228 4844 libro
1245 4793 1338 4856 primo,
1355 4796 1385 4842 ut
1400 4789 1504 4854 puteum

507 4878 535 4939 (⁸)
551 4883 606 4934 tto.
622 4877 695 4932 rite:
711 4875 761 4925 init
776 4874 847 4924 enim
864 4873 988 4932 lubricus,
1005 4870 1124 4932 imoimo,
1140 4870 1186 4934 qui
1201 4869 1264 4932 {cett
1280 4868 1346 4921 iilud
1362 4870 1461 4918 votum.

509 4955 537 5017 Ρ)
551 4953 578 5006 S.
594 4953 665 5005 enim
681 4954 802 5003 mortem.
1037 4944 1063 5005 θ)
1079 4944 1104 4995 S.
1121 4948 1243 5008 qnmmn
1255 4949 1283 4995 et
1298 4942 1430 4996 ultimum
1491 4970 1494 4975 -
