4154 6546
838 791 1042 849 COMENTUM
1066 791 1217 844 luseum

446 1174 611 1244 CANTUS
634 1173 833 1254 DECIMUS,
849 1173 886 1238 in
902 1192 962 1256 quo
983 1176 1099 1237 tractat
1121 1171 1159 1237 de
1180 1170 1335 1237 tecum
1349 1170 1471 1236 cutibus
1485 1172 1521 1236 iu
1536 1176 1617 1236 mm·

519 1288 575 1364 bis,
592 1292 621 1352 et
635 1289 716 1354 stad
724 1286 849 1353 Dentes
862 1290 989 1352 vocatus
1003 1284 1068 1367 fuit
1083 1304 1104 1348 a
1118 1282 1243 1349 domino
1253 1282 1464 1349 Farinutade
1481 1282 1616 1362 libertis,

519 1401 574 1484 qui
594 1399 694 1466 Μία
717 1398 889 1485 declaravit
910 1397 973 1463 sibi
993 1401 1135 1472 cadara,
1159 1415 1196 1461 oe
1217 1396 1312 1460 ctiam
1327 1395 1366 1461 dc
1373 1395 1525 1477 partum
1539 1394 1619 1461 Flo-

520 1513 722 1589 roratione-clm,
746 1515 776 1578 ct
797 1511 835 1577 de
857 1529 964 1576 corum
985 1506 1174 1591 muana,
1197 1512 1226 1574 et
1248 1507 1287 1575 dc
1308 1507 1383 1573 otiis
1403 1507 1520 1574 mdiu.

528 1784 654 1954 On
680 1899 742 1952 sen
767 1899 813 1952 oo
824 1899 893 1970 per
908 1898 957 1951 un
972 1883 1103 1949 secreto
1123 1878 1219 1948 calle.
1239 1876 1437 1970 Postquam
1456 1877 1494 1950 in
1509 1896 1621 1970 supe-

447 1999 534 2073 riori
565 1999 723 2094 capitulo
753 1999 922 2094 proxime
951 1997 1167 2092 praecedenti
1193 1998 1230 2071 in
1256 2003 1361 2092 parte
1386 1998 1484 2072 finali
1511 2005 1620 2073 autor

446 2125 569 2193 noster
586 2119 754 2194 tractavit
771 2125 809 2194 et
824 2117 1081 2194 determinavit
1093 2117 1139 2191 de
1152 2117 1244 2191 vicio
1262 2123 1300 2192 et
1311 2118 1486 2213 supplicio
1501 2119 1620 2193 luere-

448 2237 604 2312 ticorum
629 2238 864 2336 ingenerat,
892 2259 990 2312 nunc
1015 2244 1283 2331 consequenter
1308 2237 1346 2311 in
1363 2237 1431 2311 isto
1448 2238 1618 2333 praesenti

447 2358 605 2454 capitulo
631 2360 663 2431 X
689 2359 924 2453 prosequitur
949 2357 1118 2432 eamdem
1138 2357 1330 2432 materiam
1347 2358 1618 2453 haereticorum,

448 2486 485 2554 et
510 2480 546 2552 in
572 2480 716 2574 speciali
741 2480 787 2554 de
814 2500 885 2553 una
912 2477 1107 2553 damnabili
1134 2478 1253 2573 specie
1278 2478 1436 2553 heresis.
1462 2479 1507 2553 Et
1523 2478 1619 2554 istud

449 2722 562 2815 rales;
579 2721 616 2793 in
641 2721 761 2815 prima
788 2741 948 2814 quarum
973 2727 1082 2794 autor
1108 2725 1268 2794 tractare
1292 2721 1418 2794 volens
1435 2719 1482 2795 de
1498 2720 1619 2815 specie

448 2842 605 2937 pessima
631 2841 902 2934 haereticorum,
929 2840 1124 2914 introducit
1148 2861 1267 2914 unum
1289 2840 1454 2936 spiritum
1473 2841 1620 2916 moder·

448 2986 536 3037 num
551 2957 588 3056 (¹)
615 2963 832 3036 infamatum
852 2961 912 3036 tali
932 2961 1075 3055 haeresi,
1100 2982 1186 3035 cum
1213 2982 1289 3054 quo
1309 2961 1472 3055 loquitur
1488 2961 1535 3037 de
1552 2983 1621 3036 sua

446 3084 563 3178 patria
592 3089 630 3158 et
654 3083 729 3156 suis
754 3083 905 3157 civibus.
924 3083 964 3155 ln
985 3082 1156 3175 secunda,
1184 3082 1383 3157 introducit
1406 3082 1520 3155 alium
1547 3082 1620 3178 spi-

448 3203 560 3277 ritum
587 3203 806 3277 modernum
824 3202 870 3276 de
888 3203 1017 3276 eadem
1034 3208 1133 3277 secta
1150 3202 1421 3297 haereticorum,
1439 3223 1525 3277 cum
1544 3224 1620 3297 quo

445 3323 609 3416 loquitur
635 3324 681 3397 de
706 3323 780 3396 filio
806 3323 897 3415 eiuS,
924 3322 990 3396 ibi:
1017 3326 1106 3396 Alor
1130 3344 1238 3395 surse.
1265 3322 1305 3394 In
1332 3323 1437 3397 tertia
1464 3323 1620 3397 reverti-

447 3449 509 3516 tur
538 3443 584 3516 ad
617 3442 839 3536 loquendum
871 3462 958 3516 cum
989 3442 1108 3537 primo
1139 3441 1266 3536 spiritu
1297 3442 1343 3515 ad
1357 3434 1395 3534 (²)
1421 3441 1619 3516 finiendam

448 3562 639 3636 materiam
666 3562 872 3636 inchoatam
895 3582 1033 3656 secum,
1051 3562 1114 3636 sed
1132 3562 1295 3636 nondum
1312 3561 1464 3656 finitam,
1482 3573 1519 3640 et
1536 3583 1619 3636 mo-

448 3692 509 3758 vet
523 3682 572 3755 illi
593 3702 707 3754 unam
733 3682 971 3774 quaestionem
998 3683 1209 3776 incidenter,
1236 3681 1308 3756 ibi:
1327 3688 1389 3756 Mo
1406 3686 1616 3775 queltaltrm

447 3802 487 3875 ln
512 3807 645 3896 quarta
670 3806 708 3874 et
732 3801 861 3874 ultima
887 3801 973 3895 petit
997 3822 1020 3875 a
1044 3802 1140 3876 dicto
1160 3802 1287 3896 spiritu
1305 3803 1352 3877 de
1368 3803 1447 3877 aliis
1463 3803 1618 3878 damna·

449 3924 493 3998 tis
518 3942 595 3996 suae
619 3928 741 4014 sectae,
767 3929 803 3996 et
829 3922 969 3996 confert
993 3943 1079 3997 cum
1107 3923 1254 4019 Virgilio
1276 3923 1322 3998 de
1339 3944 1407 3998 suo
1425 3924 1533 3999 exilio
1551 3925 1618 3999 sihi

450 4040 692 4139 praenuntiato
723 4064 746 4116 a
780 4043 875 4116 dicto
908 4043 1048 4136 spiritu,
1080 4043 1152 4117 ibi:
1184 4049 1217 4116 E
1238 4034 1300 4134 pul
1323 4047 1352 4117 il
1374 4052 1537 4117 mumto.
1566 4044 1619 4120 Ad

449 4164 608 4261 primam
634 4163 715 4236 dico
741 4162 840 4256 quod
871 4169 980 4236 autor
1010 4171 1232 4239 tractaturus
1257 4164 1303 4239 de
1328 4163 1503 4260 singulari
1536 4186 1619 4260 spe-

448 4286 504 4361 cie
533 4283 793 4358 haereticorum
822 4282 1008 4378 praemittit
1039 4285 1347 4360 continuationem
1374 4305 1499 4378 suam;
1532 4285 1620 4379 quia

445 4407 543 4482 enim
570 4404 607 4478 in
633 4403 705 4479 fine
730 4404 968 4498 praecedentis
992 4405 1138 4499 capituli
1164 4412 1273 4481 autor
1303 4416 1427 4481 noster
1452 4405 1617 4482 dixerat:

447 4531 606 4598 Intramo
632 4527 727 4597 troi
752 4518 892 4598 martiri
916 4533 949 4598 et
972 4529 1035 4598 alti
1057 4529 1184 4618 spaldi,
1210 4526 1292 4601 ideo
1318 4547 1416 4600 nunc
1437 4526 1620 4621 specificat

446 4646 514 4720 iter
546 4644 644 4738 quod
679 4645 843 4719 iecerunt
857 4637 909 4739 (³),
940 4644 1088 4720 dicens:
1121 4650 1155 4719 lo
1187 4648 1256 4718 mio
1285 4655 1450 4739 nuestro,
1482 4646 1618 4722 scilicet

506 4846 535 4908 (¹)
553 4852 605 4907 llo,
623 4847 778 4896 modernum
794 4848 825 4897 da
841 4848 931 4898 eadem
948 4852 1017 4898 secta
1033 4847 1226 4909 hemacorum,
1243 4862 1304 4899 cum
1320 4864 1381 4913 quo.

509 4923 536 4986 (Ἴ
552 4923 579 4973 S·
595 4922 627 4972 *d
639 4921 809 4972 dimum·
1180 4923 1207 4985 t')
1224 4924 1254 4975 B.
1270 4927 1340 4990 quod
1356 4926 1461 4978 iecerat
