4154 6546
450 805 519 871 154
844 811 1048 867 conflarunt
1073 810 1223 867 turnum

447 960 554 1053 plene
579 957 697 1052 patuit
721 967 832 1050 supra
846 948 895 1049 (¹),
923 962 960 1030 et
985 956 1125 1050 accepit
1137 947 1175 1047 (¹)
1200 956 1335 1029 Dantes
1361 962 1434 1031 tres
1459 956 1620 1054 insigues

448 1085 572 1174 poetas
605 1077 736 1152 latinos
761 1076 797 1148 in
824 1074 954 1170 triplici
979 1075 1071 1168 stilo,
1097 1074 1287 1151 Horatium
1315 1075 1352 1147 iu
1382 1075 1505 1172 satira,
1531 1077 1620 1153 Ori·

447 1198 548 1273 dium
573 1197 610 1269 in
627 1195 803 1288 comedia,
828 1195 1020 1269 Lucanum
1039 1195 1076 1268 in
1096 1187 1439 1292 tragedia-Perti.
1454 1196 1519 1271 llic
1536 1197 1619 1270 Vir-

447 1317 554 1412 gilius
578 1316 738 1412 assignat
763 1335 914 1390 oausam
939 1314 1027 1408 quia
1040 1304 1078 1407 (³)
1104 1314 1265 1408 praedicti
1291 1322 1408 1409 poeta
1430 1315 1479 1389 ita
1504 1318 1620 1391 hono-

449 1443 625 1510 raverunt
656 1456 756 1529 eum,
787 1435 922 1511 scilicet
950 1441 1099 1530 propter
1130 1454 1266 1509 nomen
1297 1435 1493 1529 poeticum.
1520 1435 1621 1511 Unde

447 1557 554 1630 dicit:
581 1565 619 1630 et
644 1557 701 1630 isti
726 1563 843 1651 poetae
866 1559 1029 1650 sannone
1053 1575 1176 1647 onore,
1201 1576 1220 1627 e
1243 1557 1282 1629 di
1304 1547 1359 1628 ut
1384 1558 1498 1648 formo
1523 1556 1620 1646 dem,

448 1676 549 1770 idest,
575 1682 613 1751 et
639 1677 770 1751 merito
795 1676 865 1750 hoc
890 1674 1039 1769 faciunt,
1058 1666 1150 1766 perd
1177 1676 1238 1746 che
1270 1677 1411 1747 ciascun
1434 1677 1466 1747 si
1490 1696 1621 1748 consen

448 1817 556 1888 rocco,
583 1795 673 1870 idest
697 1795 904 1888 eoncordat,
930 1798 988 1868 nel
1009 1816 1124 1885 emme,
1145 1794 1291 1886 scilicet,
1309 1801 1437 1888 poetae,
1455 1799 1514 1869 che
1533 1789 1622 1869 sonci

448 1920 485 1988 lu
507 1936 590 1989 uoce
612 1917 703 2005 solu,
729 1914 820 1987 idest
845 1914 904 1987 illa
930 1933 1002 1986 vor
1028 1915 1105 1987 sola
1131 1914 1241 1986 unius
1260 1920 1388 2008 poetae,
1410 1936 1494 2007 quae
1510 1936 1622 2010 supe·

450 2037 525 2110 rius
550 2035 661 2109 dixit:
688 2042 835 2107 mwrutc
860 2037 882 2106 l'
895 2034 1063 2107 olassmo
1081 2038 1199 2124 poeta.
1217 2033 1262 2105 Et
1287 2033 1324 2105 in
1344 2035 1414 2106 hoc
1439 2040 1549 2108 autm
1566 2041 1622 2108 ta·

449 2156 518 2230 cite
543 2154 659 2228 innuit
684 2154 784 2247 quod
808 2153 1031 2248 professores
1056 2152 1206 2247 poetica
1221 2141 1258 2242 (⁴)
1285 2153 1446 2228 maxime
1468 2154 1563 2227 inter
1580 2173 1620 2226 se

451 2277 588 2368 colunt,
600 2274 753 2370 diligunt
765 2280 802 2347 et
814 2279 1060 2365 venerantur,
1074 2290 1142 2344 nec
1154 2271 1360 2345 comuniter
1378 2272 1513 2346 hahent
1525 2273 1620 2345 inter

452 2417 491 2470 se
525 2396 610 2468 istas
642 2393 894 2486 emulationes,
928 2391 1168 2466 dissensiones
1198 2397 1236 2464 et
1267 2392 1489 2485 hostilitates,
1524 2413 1616 2484 quas

451 2516 585 2587 hahent
611 2515 833 2607 professores
858 2513 1014 2586 aliarum
1040 2510 1297 2603 scientiarum
1316 2512 1413 2585 unde
1430 2520 1536 2607 poeta
1554 2514 1619 2586 ho-

451 2639 558 2706 norat
582 2639 741 2725 poetam,
767 2631 860 2705 sicut
877 2630 1010 2726 figulus
1029 2628 1195 2725 figulum,
1214 2635 1255 2701 ut
1270 2630 1355 2703 dicit
1372 2632 1617 2726 Philosophus.

454 2743 540 2823 Coei.
567 2751 631 2823 Hic
656 2756 766 2823 autor
790 2749 972 2823 concludit
997 2748 1309 2843 praeminentiam
1337 2749 1489 2825 istorum
1503 2743 1541 2842 (⁵)
1566 2751 1621 2825 di-

451 2891 559 2946 ceus:
586 2861 657 2941 cosi
682 2871 795 2941 trid'io
820 2872 963 2940 ortuum
987 2871 1023 2939 lo
1048 2869 1137 2940 hetto
1161 2871 1271 2958 scoto,
1297 2868 1399 2962 idest,
1425 2871 1621 2966 collegium

450 2991 630 3064 dictorum
657 2995 862 3083 poetarum,
889 2992 926 3061 di
950 2991 1028 3079 paci
1054 2990 1177 3079 npnor
1207 2991 1250 3061 de
1280 2993 1481 3064 latorium
1506 2998 1618 3064 conto.

451 3110 519 3184 Sed
545 3108 641 3181 istud
668 3107 811 3182 videtur
828 3127 1000 3201 expresse
1016 3107 1147 3180 salsum
1163 3097 1201 3198 (ὅ)
1224 3108 1311 3201 quia
1326 3108 1412 3183 licet
1427 3110 1622 3201 llomerus,

450 3228 630 3324 Virgilius,
656 3235 694 3302 et
726 3230 896 3302 Lucanus
929 3228 1138 3321 scripserint
1171 3228 1208 3300 in
1245 3230 1319 3302 alto
1357 3229 1448 3322 stilo,
1487 3231 1623 3305 scilicet

451 3348 624 3443 tragedia,
651 3353 775 3421 tanmn
799 3347 970 3421 lloratius
996 3347 1137 3440 scripsit
1160 3347 1198 3419 in
1228 3345 1402 3421 mediocri
1421 3348 1512 3443 stilo,
1535 3358 1622 3444 puta

450 3468 573 3560 satira,
598 3473 636 3541 et
661 3467 809 3540 Ovidius
834 3469 871 3540 in
900 3468 1017 3558 basso,
1044 3466 1179 3539 scilicet
1209 3466 1385 3539 comedia.
1421 3469 1622 3545 Dicendum

452 3588 612 3662 breviter
637 3588 736 3681 quod
762 3587 1017 3679 unusquisque
1042 3586 1196 3658 istorum
1222 3585 1260 3659 in
1275 3605 1413 3681 genere
1438 3608 1507 3660 suo
1532 3588 1623 3663 alios

451 3709 652 3802 superavit,
678 3708 728 3780 ita
747 3707 846 3800 quod
865 3704 1035 3778 lloratius
1052 3711 1202 3797 superat
1215 3692 1253 3794 (⁷)
1270 3705 1359 3779 alios
1376 3705 1518 3796 satiros,
1536 3706 1623 3780 Ovi-

451 3828 532 3902 dius
557 3828 647 3902 alios
671 3827 830 3901 comicos
856 3831 924 3900 etc.
950 3824 1036 3898 ldeo
1056 3824 1152 3897 hene
1166 3823 1323 3898 ostendit
1347 3844 1477 3899 eorum
1499 3826 1623 3899 altitu-

450 3949 572 4022 dinem
599 3968 665 4041 per
689 3944 999 4041 comparationem
1027 3943 1186 4017 nobilem
1211 3950 1249 4017 et
1266 3944 1449 4039 propriam
1475 3945 1621 4020 dicens:

451 4070 511 4139 che
534 4088 645 4158 sopra
668 4069 719 4158 pli
742 4068 827 4138 altri
850 4085 945 4137 conec
974 4066 1095 4155 aquila
1126 4066 1216 4136 volo.
1248 4064 1348 4137 Sicut
1376 4065 1474 4139 enim
1500 4066 1623 4158 aqrrila

451 4185 550 4260 volat
574 4185 694 4279 altius,
720 4192 758 4260 et
783 4185 881 4259 videt
904 4184 1049 4257 acutius
1075 4182 1169 4258 inter
1194 4203 1293 4277 aves,
1311 4183 1361 4257 ita
1377 4183 1434 4258 isti
1448 4185 1625 4261 ascende·

452 4313 539 4381 runt
563 4305 682 4400 altius,
709 4314 747 4380 et
771 4305 943 4380 viderunt
962 4304 1131 4378 subtilius
1147 4304 1242 4378 inter
1259 4312 1394 4399 poetas.
1412 4306 1457 4379 Et
1473 4306 1525 4380 sic
1541 4305 1625 4381 vide

451 4428 549 4519 quod
575 4429 642 4502 ista
668 4427 773 4502 litera
798 4426 992 4500 confirmat
1016 4424 1278 4518 expositionem
1305 4446 1416 4520 quam
1447 4426 1528 4520 leci,
1552 4427 1623 4502 sci-

585 4596 681 4602 .....—-
696 4595 759 4601 -—-—
783 4593 1086 4602 ——--·—-———
1219 4602 1222 4607 Ι
1452 4594 1620 4601 -.———-—-

513 4700 540 4759 (¹)
556 4701 581 4750 S.
598 4707 627 4750 ut
644 4715 722 4763 supra
738 4702 838 4752 dlctum
854 4707 901 4752 est
1064 4701 1090 4760 ι’)
1108 4705 1162 4760 ne,
1180 4702 1280 4764 scdpit.

515 4775 541 4835 (Ἴ
557 4776 582 4826 S.
599 4790 614 4827 u
631 4777 662 4827 E.
677 4790 767 4839 quare.
1064 4777 1091 4835 (⁸)
1106 4776 1132 4826 S.
1147 4790 1163 4826 a
1179 4776 1211 4827 lt.
1227 4779 1342 4841 poetria.

513 4852 541 4913 (¹)
559 4857 612 4909 llo.
629 4853 745 4916 ipsorum
762 4859 906 4915 poetarum.
1065 4851 1090 4911 (¹)
1107 4852 1131 4902 S.
1149 4853 1251 4904 videtur
1267 4853 1401 4905 munitate
1418 4865 1474 4905 ene
1490 4850 1593 4903 falum.

515 4928 540 4989 ξ’)
559 4933 612 4991 lle,
629 4928 767 4992 mpermlt.
