4154 6546
878 745 1015 801 cbrl'l'le
1039 745 1184 801 smil&
1545 736 1614 802 219

451 896 556 983 colpe
573 911 593 964 e
608 909 704 963 come
719 889 812 962 cb'io
826 890 936 979 mati,
953 887 1059 980 quasi
1076 888 1172 962 dicat
1187 888 1414 980 ubicumque
1429 889 1616 965 reflectam

451 1013 571 1086 visum
589 1017 627 1085 et
643 1007 989 1103 quomodocumque
1004 1007 1306 1102 circumspiciam.
1317 1047 1367 1065 -·
1380 1012 1420 1079 lo
1435 1029 1533 1082 amru.
1552 1008 1616 1083 liic

448 1136 558 1205 autor
581 1126 752 1202 describit
776 1126 897 1200 locum
923 1131 962 1200 et
987 1144 1134 1220 poenam
1169 1126 1396 1220 gulosorum.
1428 1128 1480 1200 Ad
1493 1119 1532 1218 (⁴)
1562 1127 1617 1199 in·

448 1247 682 1344 telligendam
706 1251 832 1319 autem
858 1244 964 1318 istam
980 1262 1128 1338 poeuam
1146 1253 1184 1323 st
1200 1251 1351 1318 ceteras
1368 1245 1451 1318 volo
1468 1251 1506 1319 te
1521 1245 1616 1318 scire

448 1367 546 1461 quod
574 1372 685 1441 autor
718 1364 880 1458 loquitur
910 1362 958 1436 de
989 1362 1134 1436 lniemo
1163 1363 1294 1436 morali
1321 1363 1358 1435 in
1388 1363 1507 1438 dando
1536 1384 1615 1458 pm-

449 1477 564 1577 aare)
590 1484 763 1558 omnibus
787 1482 953 1576 peccatis.
980 1481 1049 1554 Dat
1074 1499 1165 1576 ergo
1190 1501 1337 1574 poenam
1362 1483 1614 1577 congruentis-

449 1607 579 1680 simam
586 1594 624 1695 (³)
645 1602 783 1699 gulosis
799 1601 892 1674 sicut
908 1619 1020 1693 supra
1037 1599 1243 1673 luxuriosis.
1262 1600 1379 1696 Fingit
1399 1603 1496 1675 enim
1515 1603 1612 1693 quod

450 1726 506 1798 isti
529 1721 648 1818 gulosi
672 1721 791 1794 iacent
815 1718 970 1813 turpiter
995 1724 1032 1792 et
1056 1719 1178 1812 inepte
1202 1739 1268 1812 per
1301 1726 1438 1793 terram
1463 1727 1501 1792 et
1525 1739 1614 1793 con-

451 1844 554 1915 tinuo
568 1841 690 1935 pluvia
705 1839 800 1915 cadit
813 1858 922 1931 super
938 1825 974 1927 (⁴)
989 1856 1063 1931 eos,
1077 1857 1269 1912 macerans
1281 1858 1427 1932 semper
1438 1858 1513 1931 eos,
1527 1841 1613 1932 quia

449 1961 584 2034 scilicet
617 1966 657 2033 ut
688 1959 889 2052 plurimum
918 1957 975 2031 isti
1011 1958 1130 2031 iacent
1162 1956 1313 2050 infirmi3
1345 1978 1430 2032 nam
1466 1966 1614 2053 propter

448 2077 737 2172 superfluitatem
754 2083 791 2151 et
806 2077 1054 2153 diversitatem
1071 2075 1237 2148 ciborum
1257 2077 1451 2150 incurrunt
1471 2077 1612 2151 diversa

448 2217 584 2295 genera
610 2196 839 2289 morborum,
856 2202 899 2268 ut
918 2194 1140 2288 experientia
1158 2175 1323 2288 ostendit,
1342 2202 1379 2270 et
1393 2195 1513 2270 omnis
1533 2215 1612 2269 me-

448 2317 564 2391 dicina
588 2317 733 2408 clamat,
752 2316 827 2388 imo
843 2315 967 2409 plures
991 2314 1169 2388 interiecit
1180 2306 1216 2405 (⁵)
1234 2317 1384 2408 crapula
1402 2336 1514 2409 quam
1532 2316 1611 2409 gla-

448 2435 538 2509 dius.
560 2436 665 2508 Nunc
689 2433 736 2507 ad
760 2433 903 2508 literam
929 2432 1014 2506 dicit
1037 2439 1166 2505 autor:
1192 2437 1234 2504 10
1249 2453 1336 2505 sono
1360 2437 1400 2505 al
1422 2440 1519 2505 terzo
1535 2453 1613 2505 cor-

448 2557 522 2627 ctio
546 2557 589 2627 de
612 2557 650 2626 lu
664 2556 784 2644 piova.
802 2553 847 2625 Et
863 2562 950 2628 nota
967 2551 1065 2644 quod
1082 2551 1204 2644 pluvia
1224 2551 1366 2644 capitur
1381 2542 1418 2642 (⁶)
1437 2553 1495 2625 hic
1511 2553 1613 2647 large

450 2692 518 2765 pro
536 2672 637 2746 omni
653 2690 791 2764 vapore
815 2670 945 2745 nocivo
970 2671 1034 2762 qui
1051 2669 1146 2746 cadit
1161 2670 1209 2743 ab
1225 2689 1324 2763 aere,
1342 2671 1477 2746 scilicet
1501 2691 1609 2764 aqua,

450 2791 544 2882 nive,
568 2789 747 2884 grandine
770 2795 838 2863 etc.
864 2795 998 2879 cantu,
1018 2788 1111 2862 idest
1130 2788 1312 2882 continua,
1333 2789 1420 2881 quia
1436 2789 1612 2882 quamdiu

449 2906 537 2980 vivit
560 2907 712 3001 gulosus
728 2925 802 2980 uon
825 2905 946 2980 delicit
969 2906 1035 2979 sibi
1059 2927 1168 3000 poerra
1193 2926 1280 2999 sua;
1307 2910 1501 2997 maedam,
1526 2907 1611 3000 quia

449 3031 503 3099 est
522 3025 657 3099 vicium
674 3024 896 3118 detestabile,
912 3025 1019 3098 nimis
1035 3025 1299 3119 vituperosum,
1317 3025 1610 3121 ignominiosum,

446 3145 576 3235 (reddo
599 3165 619 3215 c
640 3163 769 3235 orcam
793 3144 879 3236 qula
904 3150 1052 3238 propter
1082 3142 1356 3238 indigestionem
1386 3149 1612 3238 generantur

449 3264 623 3335 humores
647 3261 764 3357 frigidi
788 3268 826 3336 et
855 3268 1050 3356 gravantes
1074 3267 1258 3354 naturam,
1288 3267 1326 3335 et
1354 3261 1456 3335 dicit:
1489 3266 1611 3352 regola

447 3401 466 3450 a
489 3369 621 3470 pratitd
643 3383 717 3452 mai
738 3400 810 3452 non
832 3383 884 3471 qli
907 3376 928 3453 d
949 3400 1056 3470 mou,
1073 3380 1159 3472 quia
1180 3399 1325 3473 semper
1343 3387 1414 3453 stat
1427 3369 1465 3471 (⁷)
1482 3381 1520 3454 iu
1536 3382 1612 3455 istis

447 3497 583 3591 poenis3
611 3518 698 3572 nam
721 3498 840 3593 gulosi
868 3497 959 3571 dum
990 3498 1120 3572 vivunt
1151 3519 1340 3591 nunquam
1367 3498 1611 3573 emendantur

446 3636 566 3710 neque
589 3623 733 3692 mutant
753 3635 876 3690 mores
898 3616 966 3689 nisi
991 3616 1028 3689 in
1045 3607 1230 3710 morte(⁸);
1248 3637 1438 3710 nunquam
1460 3618 1610 3691 restrin-

446 3736 544 3829 gitur
573 3736 661 3830 gula
689 3753 737 3808 ex
766 3755 842 3828 quo
873 3741 928 3809 est
958 3741 1109 3829 aperta:
1141 3736 1309 3828 quamvis
1339 3736 1436 3811 enim
1468 3736 1610 3810 dicatur

446 3853 721 3947 proverbialiter
749 3854 848 3946 quod
877 3861 1072 3947 paupertas
1105 3854 1257 3950 castigat
1280 3856 1475 3949 gulosum:
1501 3857 1610 3929 casti-

447 3963 568 4067 gat(⁹),
593 3972 685 4047 idest
700 3971 815 4066 punit,
832 3993 905 4046 non
926 3980 1049 4047 umen
1067 3973 1233 4069 corrigit3
1250 3980 1288 4048 et
1304 3973 1490 4071 distinguit
1509 3975 1609 4049 varia

447 4109 583 4183 genera
594 4090 811 4164 morborum
826 4091 889 4183 qui
901 4083 954 4182 (¹⁰)
968 4099 1170 4167 nascuntur
1182 4112 1230 4166 ex
1242 4094 1330 4189 gula
1342 4093 1485 4167 dicens:
1498 4114 1611 4185 pron

508 4358 537 4424 (¹)
551 4361 577 4413 θ.
597 4362 641 4414 tu
659 4377 738 4428 quarn
755 4369 857 4427 mnam
877 4366 1070 4431 intelligendam
1092 4372 1132 4418 ast
1153 4371 1286 4419 sciendum
1309 4369 1380 4432 quod
1399 4375 1476 4419 autor
1496 4368 1610 4431 loquitur

448 4437 776 4490 mmmmmffl

505 4514 605 4577 01111,
622 4528 733 4579 punam
995 4517 1022 4580 (¹)
1038 4518 1067 4567 a.
1084 4521 1360 4571 convenientissimam.

506 4589 532 4650 (⁸)
549 4594 602 4650 litt,
619 4603 697 4654 super
712 4604 757 4643 eos
773 4593 834 4656 qula
848 4591 947 4645 wilica
962 4599 993 4643 ut
1008 4593 1160 4655 plurimum.

494 4662 534 4725 (Ἰ
547 4662 575 4717 Β,
589 4678 606 4716 ο
621 4664 653 4717 Ε.
669 4666 799 4719 interficit.
1000 4667 1028 4728 (⁸)
1043 4667 1075 4718 lt.
1091 4669 1226 4732 accipitur.

507 4739 534 4802 t')
550 4744 596 4792 tlt
611 4753 627 4791 e
642 4740 669 4793 S.
684 4747 760 4794 sunt.
1000 4742 1027 4807 (¹)
1043 4744 1074 4795 E.
1084 4746 1214 4806 inmorts,
1225 4759 1278 4798 non
1287 4747 1357 4810 quod
1366 4748 1547 4812 mutuantur.

508 4814 607 4876 mita,
619 4817 726 4880 castigat
735 4822 761 4867 et
771 4819 853 4880 punit,
863 4823 890 4868 et
900 4819 1040 4882 distinguit.
1180 4819 1219 4884 (st)
1234 4821 1264 4871 Ε.
1281 4835 1339 4886 quo
1355 4827 1505 4875 number.
