4154 6546
450 764 520 830 104
845 772 1048 827 couuuruu
1072 773 1223 841 mrunm

447 919 492 992 Et
516 918 637 993 subdit
661 917 833 992 ellectum
858 916 1101 1011 persuasionis
1122 916 1264 1012 Virgilii
1289 917 1431 992 diceus:
1448 937 1486 994 tu
1510 924 1623 996 m'toi

447 1058 514 1111 con
536 1038 701 1110 disiderio
724 1039 753 1110 tl
775 1057 838 1109 cor
862 1039 1015 1129 disposw
1043 1028 1074 1108 sl
1107 1038 1146 1108 al
1175 1038 1305 1128 ventre,
1329 1037 1465 1113 scilicet
1490 1039 1537 1115 ad
1561 1062 1622 1117 se-

447 1157 636 1249 quendum
661 1161 708 1249 te
735 1177 801 1228 con
833 1158 864 1227 le
891 1157 1020 1247 parole
1054 1160 1122 1245 luc,
1151 1153 1243 1229 idest
1274 1158 1502 1250 argumentis
1535 1152 1620 1256 tuis‚‘

448 1275 632 1350 reddendo
662 1274 750 1348 mihi
778 1275 914 1348 bonam
945 1294 1059 1368 spem,
1084 1275 1183 1347 ct’io
1206 1295 1272 1347 son
1297 1282 1437 1350 torrtoto
1462 1281 1521 1351 nel
1538 1283 1621 1372 pn·-

448 1416 506 1468 mo
525 1402 710 1487 proposto,
736 1394 835 1487 quod
861 1414 931 1490 ego
956 1392 1167 1467 dimiseram
1198 1400 1356 1489 urgente
1386 1395 1530 1473 timore.
1569 1404 1622 1473 Or

447 1513 512 1585 va’.
537 1513 602 1586 Hic
621 1506 658 1606 (¹)
681 1513 863 1588 concludit
884 1519 921 1587 et
942 1511 1135 1587 committit
1156 1531 1197 1587 se
1215 1519 1333 1587 totum
1350 1513 1466 1591 libere
1480 1517 1620 1593 ducen-

446 1630 536 1706 dum
561 1639 599 1707 et
623 1632 826 1730 regendum
847 1632 1007 1728 Virgilio,
1024 1632 1116 1706 idest
1130 1632 1279 1707 consilio
1297 1640 1334 1708 et
1352 1636 1489 1712 auxilio
1506 1638 1620 1713 ratio-

447 1751 514 1845 nis,
540 1753 637 1827 unde
661 1753 764 1828 dicit:
791 1774 835 1825 or
861 1755 931 1843 on',
956 1751 1060 1845 idest,
1086 1772 1176 1848 ergo
1201 1771 1300 1826 nunc
1324 1752 1518 1849 ingredere
1549 1757 1620 1833 iter

447 1872 681 1967 promissum,
702 1874 752 1944 clr’
764 1893 813 1945 uo
827 1873 884 1944 col
899 1873 995 1944 votor
1011 1862 1033 1944 e*
1049 1872 1274 1962 damdedue,
1300 1872 1387 1964 quia
1412 1874 1508 1949 idern
1535 1877 1619 1953 volo

447 1991 547 2085 quod
563 1991 629 2085 vis,
650 1998 841 2085 tamquam
866 1991 1015 2063 intimus
1039 1988 1181 2063 amicus
1205 2009 1324 2084 meus,
1348 1992 1436 2084 quia
1459 1994 1620 2070 amicitia

447 2121 504 2188 est
527 2115 623 2189 idern
649 2115 754 2211 velle,
780 2114 877 2189 idem
904 2115 1022 2208 nolle3
1049 2119 1086 2187 et
1110 2112 1256 2207 merito,
1276 2112 1374 2208 quia,
1400 2120 1436 2187 tu
1461 2118 1565 2208 duca,
1583 2124 1618 2191 tu

336 2290 340 2297 .
446 2239 588 2326 dqnorc
611 2258 630 2308 e
655 2242 689 2308 tu
715 2242 880 2325 macodo,
897 2234 993 2307 sicut
1008 2232 1213 2327 expositum
1231 2238 1286 2307 est
1304 2233 1423 2326 primo
1448 2235 1618 2330 capitulo.

446 2356 491 2428 Et
515 2355 650 2429 claudit
674 2355 874 2449 capitulum
892 2353 1033 2428 dicens:
1053 2344 1124 2425 cosi
1148 2354 1173 2424 li
1195 2354 1293 2443 dissi,
1311 2358 1349 2426 et
1368 2354 1542 2430 continno
1561 2356 1620 2430 iu·

446 2481 521 2548 trat
536 2474 616 2548 iter.
631 2474 732 2549 Unde
749 2474 856 2549 dicit:
883 2475 1026 2545 elatrat
1035 2491 1104 2562 per
1121 2473 1155 2542 lo
1171 2472 1308 2543 canuno
1325 2473 1396 2545 alto
1412 2493 1431 2543 c
1446 2475 1620 2567 olvestm,

447 2593 539 2667 idest
562 2593 672 2686 viam,
692 2613 777 2686 quae
802 2592 902 2665 ducit
925 2591 972 2664 ad
988 2590 1187 2683 lnlernum,
1208 2610 1293 2682 quae
1309 2595 1365 2664 ert
1384 2591 1564 2685 pmluuda
1581 2600 1619 2669 ct

446 2730 588 2804 aspera,
605 2711 700 2784 sicut
722 2709 893 2784 describit
915 2707 1054 2783 Seneca
1071 2707 1248 2804 tragoedia
1261 2699 1298 2801 (²)
1317 2708 1436 2803 prima
1454 2717 1493 2786 et
1511 2712 1619 2786 Clau-

446 2831 576 2906 dianus
592 2830 629 2905 iu
649 2829 792 2923 minori,
809 2836 846 2904 et
862 2828 996 2902 Statius
1013 2834 1050 2903 et
1066 2827 1226 2922 Ovidius,
1245 2835 1403 2923 uterque
1419 2831 1457 2905 in
1474 2833 1617 2927 majori.

446 2953 492 3025 Et
510 2952 608 3026 dicit:
622 2954 686 3043 pot
701 2952 761 3023 olto
777 2970 894 3022 morso
907 2954 979 3042 sue,
997 2947 1088 3023 idest
1103 2955 1298 3044 postquam
1315 2948 1486 3047 Virgilius
1507 2951 1617 3046 coepit

447 3070 656 3167 praeoedere
680 3090 752 3144 me

509 3314 539 3379 (¹)
557 3320 603 3366 llo
618 3329 633 3366 e
650 3316 680 3365 R
696 3315 746 3365 llic
762 3322 839 3366 autor
854 3310 994 3363 concludit.
1439 3354 1442 3359 Ι

509 3392 536 3456 (¹)
553 3393 582 3442 ll.
599 3392 721 3456 tragmdla
737 3393 821 3456 pulmo
838 3391 864 3440 ln
880 3389 980 3452 majori.
997 3387 1031 3438 El
1047 3388 1123 3438 dlclt:
1138 3390 1183 3452 pol
1197 3390 1241 3438 cte
1255 3400 1335 3437 mono
1350 3388 1399 3450 μ
