4154 6546
451 768 522 837 566
839 780 1042 837 connnrmr
1067 779 1215 835 mrnnnr

445 946 534 999 sono
556 928 594 998 in
619 932 736 1016 tora,
755 923 841 1018 quia
862 923 997 998 scilicet
1013 930 1139 998 tenent
1155 943 1304 1018 proram
1321 923 1368 997 ad
1386 923 1501 1018 ripam
1520 931 1614 999 tam-

447 1066 558 1140 quam
585 1051 705 1139 caput,
727 1052 833 1137 purte
855 1047 893 1115 to
917 1043 1024 1135 cunc,
1045 1044 1131 1136 quia
1149 1043 1284 1117 scilicet
1303 1043 1439 1117 habeut
1464 1045 1611 1139 puppim

446 1167 483 1239 iu
499 1188 597 1260 aqua
621 1173 810 1260 tamquam
828 1164 1091 1240 caudam-E
1107 1185 1203 1237 come
1219 1166 1253 1236 lc
1277 1165 1411 1236 bivero.
1438 1164 1503 1239 Hic
1528 1173 1614 1238 ncta

447 1288 545 1381 quod
558 1286 654 1361 istud
671 1286 807 1361 animal
824 1305 944 1381 graece
960 1284 1092 1360 dicitur
1112 1285 1230 1378 Fiber,
1244 1284 1354 1359 latine
1370 1303 1460 1359 vero
1477 1285 1614 1379 Castor,

447 1430 521 1484 non
558 1409 644 1503 qnia
685 1428 725 1483 sc
761 1413 906 1500 castret,
945 1406 1008 1481 scd
1046 1406 1131 1499 quia
1168 1412 1316 1500 propter
1354 1405 1612 1480 castrationem

448 1529 609 1603 maxime
634 1527 824 1622 queritur.
850 1526 935 1600 ldec
959 1525 1044 1600 dicit
1063 1544 1221 1621 magnus
1237 1525 1406 1598 Albertus
1427 1524 1464 1598 in
1485 1545 1553 1599 suo
1569 1525 1617 1599 dc

447 1649 676 1742 animalibus,
695 1646 794 1740 quod
815 1646 945 1719 salsum
973 1651 1028 1719 est
1053 1645 1152 1739 quod
1176 1645 1262 1718 dicit
1285 1644 1454 1740 Isidorus,
1479 1646 1615 1720 scilicet

449 1767 548 1862 quod
578 1776 699 1842 castor
728 1767 876 1862 fugatus
901 1786 924 1839 a
948 1765 1184 1840 venatoribus
1214 1771 1349 1840 castrat
1378 1784 1419 1839 se
1448 1764 1617 1840 dentibus

448 1896 486 1962 et
510 1889 651 1983 proiicit
676 1893 903 1979 castoreum3
921 1893 959 1960 et
984 1884 1137 1978 quodsi
1162 1885 1296 1959 iterum
1322 1884 1524 1980 agitetura
1551 1904 1616 1959 ve·

448 2009 595 2083 natione
612 2002 649 2101 (¹)
683 2006 789 2102 erigit
819 2012 925 2080 sect
958 2005 1114 2081 ostendit
1143 2025 1184 2080 se
1214 2024 1343 2080 carere
1364 2016 1545 2082 castoreo.
1572 2007 1617 2078 Et

448 2136 549 2204 certe
574 2127 690 2224 magis
721 2107 833 2202 credo
851 2117 888 2218 (²)
913 2125 1062 2200 Albertc
1093 2146 1205 2219 quam
1237 2126 1392 2220 lsidor03
1424 2137 1503 2202 tum
1529 2125 1616 2219 quia

446 2247 617 2323 Albertus
633 2247 701 2321 luit
717 2268 874 2342 magnus
887 2236 925 2337 (³)
943 2245 1118 2319 naturalis
1135 2252 1173 2320 et
1192 2246 1513 2341 experimentatcr,
1534 2252 1613 2318 tum

447 2369 534 2463 quia
547 2376 708 2443 castores
724 2367 911 2442 abundant
927 2366 964 2440 iu
981 2366 1143 2461 partibus
1160 2367 1246 2461 suis,
1264 2367 1328 2440 ubi
1347 2368 1462 2441 voluit
1478 2367 1616 2442 babere

450 2490 716 2584 experientiam
738 2507 885 2581 veram3
904 2486 978 2561 imo
999 2488 1108 2562 etiarn
1134 2487 1359 2562 Dioscorides
1383 2488 1557 2581 antiquus
1578 2495 1615 2562 et

448 2611 654 2684 autenticus
678 2615 786 2684 autor
813 2609 1003 2702 impugnat
1023 2609 1116 2681 banc
1132 2607 1339 2701 opinionem
1356 2607 1402 2682 de
1418 2597 1452 2700 (⁸)
1475 2615 1616 2682 castra·

449 2730 558 2823 tione,
576 2729 753 2823 quianon
777 2733 895 2822 potest
919 2727 1098 2821 attingere
1121 2727 1188 2801 sibi
1213 2733 1335 2821 testes,
1353 2735 1391 2802 et
1407 2728 1491 2801 dicit
1503 2728 1614 2820 ·quod

448 2849 580 2923 dicitur
605 2849 754 2923 bivarus
772 2839 809 2940 (⁶)
836 2847 941 2941 quasi
970 2847 1055 2922 bine
1083 2847 1209 2922 vivens
1240 2847 1278 2920 in
1308 2854 1406 2922 terra
1438 2855 1475 2923 et
1506 2870 1615 2941 aqua.

449 2968 541 3043 Dicit
553 2989 658 3064 ergo:
671 2973 833 3041 s’ussettc
845 2989 869 3040 c
883 2973 947 3061 scr
962 2990 1027 3041 suc
1043 2989 1188 3059 puero,
1203 2968 1337 3045 scilicet
1347 2979 1474 3045 contra
1487 2969 1616 3063 pisces,

449 3081 569 3163 ldtru
594 3094 619 3163 ti
643 3092 787 3163 tedcsclti
811 3089 933 3180 turchi,
966 3088 1056 3162 idest
1085 3089 1319 3184 ingluviosus,
1349 3109 1510 3164 voraces.
1538 3090 1614 3163 Hoc

432 3209 533 3284 'dicit
564 3209 651 3302 quia
682 3215 842 3282 castores
872 3209 1058 3282 abundant
1083 3208 1120 3281 in
1145 3209 1357 3282 Alemannia
1384 3210 1493 3304 Juxta
1521 3210 1617 3303 ripas

448 3329 615 3423 Danubii,
640 3328 716 3402 imo
739 3330 836 3423 apud
862 3331 1031 3422 Pontum,
1058 3329 1148 3403 idest
1173 3349 1278 3403 marc
1306 3330 1439 3423 mains,
1465 3336 1507 3403 ut
1531 3330 1617 3404 dicit

448 3449 673 3525 Dioscorides
706 3456 742 3524 et
775 3449 953 3544 Virgilius,
992 3449 1076 3523 licet
1114 3470 1186 3524 non
1221 3456 1386 3545 oporteat
1424 3450 1479 3524 ire
1509 3450 1558 3524 ita
1592 3469 1615 3521 a

448 3571 567 3667 longe,
594 3570 680 3662 quia
705 3569 940 3643 inveniuntur
965 3569 1023 3642 bic
1041 3589 1113 3643 nou
1131 3570 1239 3665 longe
1255 3591 1277 3643 a
1295 3570 1462 3644 Ferraria
1480 3568 1516 3641 in
1538 3576 1614 3642 ter-

449 3690 576 3764 ritorio
589 3680 627 3781 (⁶)
643 3689 892 3762 Marchiouum
918 3690 1134 3763 Estensium.
1162 3691 1204 3762 Et
1220 3689 1324 3764 dicit:
1346 3713 1364 3762 e
1383 3693 1513 3780 poizza
1531 3697 1616 3763 tutta

447 3831 513 3883 suc
537 3812 627 3882 coda
651 3812 709 3881 nat
733 3829 837 3900 cuno,
864 3808 954 3882 idest
980 3810 1015 3883 in
1040 3830 1171 3904 vacuo,
1198 3813 1362 3883 torcendo
1379 3814 1417 3883 in
1440 3832 1482 3884 sn
1501 3813 1538 3883 lu
1556 3831 1615 3882 ce·

447 3950 580 4003 cenoso
601 3934 719 4022 sorra
745 3929 830 4022 quia
857 3928 992 4003 scilicet
1016 3930 1127 4003 habet
1151 3931 1307 4005 caudam
1326 3931 1557 4023 bifurcatam,
1578 3930 1615 4003 in

449 4072 522 4144 qna
552 4054 672 4144 portat
705 4068 889 4123 venenum
923 4069 1028 4124 more
1053 4050 1270 4146 scorpionis3
1297 4052 1378 4126 ideo
1403 4051 1509 4125 dicit:
1541 4053 1614 4142 cbo,

448 4170 552 4262 idest,
570 4189 654 4262 quae
678 4168 806 4262 cauda,
828 4189 980 4241 armona
1005 4173 1035 4242 le
1053 4178 1161 4262 puato
1185 4192 1209 4243 a
1232 4174 1335 4262 φάεα
1358 4173 1397 4245 di
1419 4173 1616 4262 scorpione,

448 4290 534 4383 quia
563 4290 693 4385 probat
714 4280 751 4381 (⁷)
784 4290 899 4364 send
930 4290 1136 4364 nocendum
1169 4311 1274 4366 more
1308 4290 1517 4386 scorpionis,
1552 4292 1617 4385 qui

377 4458 383 4470 ·
447 4411 546 4485 venit
582 4409 645 4483 tibi
682 4409 829 4484 obviam
863 4429 949 4484 cum
984 4410 1095 4485 chelis
1128 4411 1274 4506 apertis,
1305 4417 1343 4486 et
1375 4432 1461 4486 cum
1498 4411 1617 4486 cauda

508 4683 536 4746 (¹)
553 4684 587 4744 S,
605 4684 635 4735 Ε.
652 4699 667 4736 c
684 4687 737 4745 lto,
755 4698 769 4735 a
786 4691 916 4738 venatore.
1119 4686 1145 4749 (¹)
1162 4687 1192 4736 E.
1208 4687 1287 4738 credo
1302 4687 1350 4750 ipsi
1366 4686 1484 4738 alberto

509 4762 536 4825 (¹)
552 4765 606 4820 llo,
623 4762 757 4813 maximus
1120 4764 1146 4825 (⁸)
1163 4764 1193 4813 E.
1210 4765 1242 4813 de
1256 4768 1364 4814 castore.

508 4839 536 4900 (⁸)
552 4838 582 4888 R
599 4839 710 4900 binarus,
727 4841 799 4904 qnasi
815 4840 874 4892 bina
890 4840 985 4902 umus,
1001 4840 1029 4890 ln
1044 4845 1114 4891 terra
1130 4840 1236 4900 scilicet,
1253 4845 1280 4890 et
1295 4840 1322 4888 in
1338 4853 1412 4903 aqua.

509 4914 537 4978 (¹)
553 4916 583 4966 E.
600 4916 765 4968 dominorum
782 4919 972 4971 Marchiouum.
1120 4916 1147 4977 (Ἶ
1164 4920 1218 4979 llo,
1235 4916 1349 4980 parumn
