4154 6546
574 751 621 816 92
974 764 1177 818 counuruu
1202 765 1352 816 masam

573 911 653 999 quael
674 910 760 981 clt'i’
773 910 817 980 lto
842 910 880 980 dt
903 911 951 980 lut
975 912 1032 981 rtet
1053 911 1137 980 nelo
1161 911 1266 981 udtto.
1293 908 1368 982 lloc
1387 908 1484 1003 dicit,
1508 911 1594 1004 quia
1619 912 1743 987 anima

573 1026 679 1101 beata
704 1027 802 1103 videt
826 1027 863 1102 in
888 1029 965 1103 Deo
984 1035 1175 1122 tamquam
1200 1027 1238 1101 in
1260 1029 1409 1122 speculo
1426 1049 1509 1123 quae
1526 1038 1688 1126 aguntur
1705 1031 1743 1106 in

571 1148 692 1242 terris,
708 1147 803 1222 sicut
815 1143 851 1239 (¹)
870 1167 968 1241 saepe
985 1148 1197 1222 ostendetur
1213 1147 1306 1221 libro
1323 1148 1495 1222 Paradisi.
1515 1152 1567 1223 Or
1586 1153 1681 1225 mont
1689 1141 1742 1245 (ἢ,

571 1266 671 1362 idest,
698 1286 788 1363 ergo
813 1266 917 1360 vadc,
943 1287 1013 1341 non
1045 1265 1190 1342 differas
1217 1266 1384 1362 amplius,
1418 1267 1505 1361 quia
1534 1270 1740 1364 periculum

572 1386 687 1461 estin
714 1387 1044 1480 mormoreium,
1071 1385 1161 1460 idest
1190 1385 1323 1460 adiuva
1354 1386 1485 1481 ipsum,
1515 1381 1545 1461 si
1574 1392 1669 1462 clt’to
1698 1410 1745 1463 ae

571 1509 626 1579 siu
650 1509 843 1597 consolatu,
869 1506 955 1599 quia
981 1506 1123 1580 amicus
1151 1526 1258 1581 meus
1286 1513 1353 1600 est,
1378 1515 1422 1581 ut
1453 1507 1538 1581 dixi.
1568 1511 1613 1582 Et
1636 1509 1741 1584 dicit:

570 1645 637 1698 coa
661 1628 698 1696 la
723 1633 782 1697 tua
800 1629 935 1718 purota
959 1631 1102 1715 ornam,
1119 1623 1210 1700 idest
1226 1645 1313 1699 curn
1330 1633 1396 1700 tua
1413 1626 1541 1701 llorida
1563 1610 1745 1723 eloquen-¹

570 1744 631 1840 tia,
657 1768 676 1818 e
699 1767 766 1818 coa
794 1737 848 1818 tid
872 1739 973 1818 clt'de
996 1748 1154 1818 meatim
1179 1748 1218 1818 al
1239 1765 1304 1817 suo
1328 1767 1507 1839 compare,
1533 1748 1624 1823 idest
1652 1769 1739 1823 cum

571 1865 773 1940 rationibus
798 1871 836 1939 et
860 1864 1168 1960 persuasionibus,
1187 1864 1320 1957 quibus
1339 1871 1457 1959 potest
1474 1866 1528 1940 uti
1555 1867 1649 1941 ratio
1675 1889 1742 1942 na·

570 1985 709 2059 turalis.
736 1989 778 2057 lo
802 2005 878 2056 son.
904 1983 969 2057 llic
995 1981 1165 2077 Virgilius
1190 1982 1346 2056 ostendit
1371 1984 1557 2076 quomodo
1581 1985 1649 2060 ista
1673 1987 1742 2062 do·

570 2104 670 2179 mina
685 2095 734 2198 (³),
760 2123 846 2199 quae
870 2101 1111 2197 requisiverat
1140 2101 1258 2195 ipsum
1284 2101 1330 2175 ad
1355 2122 1573 2177 succursum
1599 2106 1741 2180 autoris

570 2226 749 2321 explicata
774 2224 972 2298 intentione
997 2243 1076 2316 sua,
1102 2222 1267 2317 propalat
1291 2241 1427 2297 nornen
1451 2243 1576 2318 suum,
1597 2224 1740 2299 dicens:

568 2349 605 2418 to
628 2367 694 2418 soa
718 2347 888 2435 Beuoa'ce,
915 2343 1005 2417 idest
1031 2342 1232 2437 theologia3
1249 2347 1287 2415 et
1304 2348 1359 2416 est
1378 2362 1513 2417 nomen
1531 2344 1626 2418 bene
1650 2364 1740 2418 oon-

570 2466 720 2540 veniens
745 2465 830 2538 sibi:
857 2463 1112 2537 diciturenim
1139 2462 1285 2534 Beatrix
1312 2462 1417 2555 quasi
1448 2462 1598 2537 beatum
1614 2453 1651 2555 (⁸)
1679 2483 1741 2538 re-

569 2604 672 2681 gens,
685 2585 745 2655 cite
762 2592 793 2655 tc
806 2585 920 2675 suado
937 2583 1087 2671 andare,
1101 2579 1236 2654 scilicet
1252 2580 1299 2654 ad
1316 2581 1608 2656 succurrendum
1622 2582 1738 2656 Danti.

569 2704 614 2777 Et
639 2702 759 2776 subdit
783 2702 906 2775 locum
933 2701 1032 2774 unde
1053 2699 1164 2791 venit,
1182 2705 1220 2773 et
1238 2698 1480 2794 allectionem,
1498 2722 1611 2795 quam
1629 2702 1741 2778 babet

569 2823 615 2896 ad
640 2822 775 2916 locum,
801 2821 942 2895 dicens:
965 2841 1075 2911 neapo
1091 2822 1129 2893 di
1145 2821 1257 2909 broco,
1273 2819 1408 2894 scilicet
1426 2821 1633 2916 beatorum,
1651 2824 1740 2896 dove

569 2953 696 3018 amur
720 2945 822 3032 dato,
849 2941 940 3015 idest
964 2940 1010 3013 ad
1036 2959 1147 3033 quem
1178 2939 1300 3013 locum
1337 2940 1458 3014 redire
1487 2941 1664 3016 desidero.
1695 2941 1739 3016 lit

568 3064 664 3138 bene
697 3061 792 3155 dicit,
823 3059 911 3155 quia
940 3059 1134 3153 theologia,
1169 3066 1515 3153 quantumcumque
1544 3060 1740 3136 descendat

568 3182 616 3257 ad
639 3183 814 3274 bumana,
840 3185 877 3254 et
902 3179 948 3253 de
971 3179 1027 3251 bis
1052 3183 1194 3271 tractet,
1211 3198 1298 3252 curn
1317 3198 1463 3272 semper
1483 3179 1627 3254 ordinat
1642 3172 1678 3274 (⁸)
1701 3180 1737 3254 in

568 3302 700 3395 Deum,
726 3308 763 3375 et
788 3300 867 3374 eius
892 3299 972 3372 linis
996 3299 1110 3372 tendit
1134 3297 1181 3371 ad
1206 3317 1293 3371 eum
1310 3287 1359 3391 (θ).
1377 3298 1420 3371 lit
1445 3300 1561 3394 tangit
1586 3320 1737 3375 causam

569 3441 687 3517 quare
711 3421 852 3494 venerit
877 3418 923 3493 ad
949 3439 1049 3510 eum,
1067 3417 1201 3491 scilicet
1215 3406 1251 3507 (⁷)
1270 3438 1450 3511 amorem,
1470 3417 1613 3493 dicens:
1635 3441 1739 3494 amor

569 3547 617 3616 mi
641 3562 753 3613 mosae
780 3543 839 3612 cie
868 3541 916 3610 mi
941 3541 982 3631 su
1010 3540 1174 3629 puriore,
1205 3535 1309 3629 quasi
1341 3536 1454 3610 dicat:
1476 3539 1572 3630 quia
1604 3540 1738 3615 Dantes

570 3670 669 3739 tanto
702 3650 883 3750 ardorel⁸l
915 3678 976 3731 me
1001 3657 1149 3750 amavit,
1175 3657 1307 3730 merito
1334 3656 1484 3730 redamo
1510 3677 1610 3751 eum,
1629 3660 1736 3752 Juxta

568 3782 656 3858 illud
680 3777 888 3876 Purgatorii
914 3776 1072 3871 capitulo
1097 3776 1208 3849 lllllll
1221 3767 1269 3865 (⁹).
1294 3782 1404 3848 Amor
1426 3796 1547 3848 ucceso
1572 3778 1620 3849 du
1645 3771 1737 3851 vetti

568 3924 703 3995 semprc
728 3904 821 3973 ultro
838 3919 963 3970 occasa.
982 3897 1025 3968 Et
1042 3894 1247 3987 benedicit,
1265 3894 1352 3988 quia
1369 3894 1465 3968 enim
1484 3896 1617 3970 [lantes
1632 3916 1737 3969 sum·

568 4041 720 4115 mopere
744 4018 880 4093 amavit
906 4017 1104 4108 scientiam,
1129 4015 1211 4088 ideo
1236 4013 1383 4088 scientia
1409 4015 1547 4088 amavit
1571 4035 1677 4109 eum3
1699 4024 1737 4091 et

568 4142 663 4216 bene
692 4138 844 4212 reddidit
874 4137 938 4210 sibi
965 4136 1083 4210 vicem
1114 4154 1233 4227 suam,
1260 4134 1346 4228 quia
1380 4133 1514 4207 scilicet
1544 4134 1736 4208 honoravit

631 4347 658 4404 l')
673 4346 698 4395 S.
716 4351 745 4395 ut
760 4345 892 4408 apparebit
908 4345 933 4393 in
950 4343 994 4393 lib.
1012 4343 1103 4393 Parad.

631 4421 657 4480 (¹)
675 4426 727 4479 tto,
748 4422 784 4469 (lr
803 4421 878 4470 emat.
900 4420 950 4468 llic
972 4420 1075 4470 beatrix
1098 4419 1158 4469 iacit
1180 4433 1253 4469 auam
1274 4418 1423 4482 petitionem
1440 4416 1558 4481 Virgilio,
1575 4417 1680 4468 dicens:
1701 4419 1738 4467 Or

568 4500 644 4555 maci,
661 4499 733 4547 idest

631 4573 657 4636 ρ)
674 4574 704 4623 E.
720 4573 823 4623 domina
839 4573 1010 4635 requisiverat
1026 4574 1110 4636 ipsum
1127 4573 1158 4622 ad
1176 4571 1382 4623 succurrendum
1399 4571 1493 4631 autori,
1510 4570 1644 4632 explicata.

629 4651 656 4713 (⁸)
672 4649 703 4699 E.
719 4651 791 4712 quasi
809 4649 909 4697 beatam
927 4662 1027 4712 regens.

629 4724 656 4787 (⁸)
675 4730 728 4783 lte,
745 4724 770 4772 S.
787 4737 802 4773 e
818 4723 848 4772 E.
866 4729 967 4783 traam,
985 4729 1070 4774 umen
1087 4736 1190 4787 semper
1206 4723 1317 4773 ordinat.

630 4801 658 4864 (⁸)
675 4805 728 4861 llo,
745 4800 777 4849 ad
793 4800 885 4849 Deum.
1218 4799 1245 4861 (¹)
1261 4798 1292 4848 Ε.
1309 4798 1408 4849 scilicet
1422 4810 1521 4848 amum.

631 4878 657 4939 (¹)
674 4877 705 4927 Ε.
721 4888 810 4926 amore
826 4889 868 4926 ma
885 4876 987 4926 amarit.
1212 4874 1239 4937 l')
1257 4875 1287 4924 li.
1304 4881 1380 4925 canto
1396 4880 1435 4926 ἥ.
