4154 6546
467 859 470 865 ¹
566 704 620 850 ts..
1023 779 1279 837 mrnooucrro.

559 926 644 1005 lieet
671 925 894 1018 diffinitivas,
924 923 1111 1018 dirisirus,
1142 923 1369 1018 probatirus,
1392 924 1671 1019 improbatum,
1703 933 1741 1001 et

559 1047 817 1142 exemplorum
841 1043 1028 1140 positivus.
1055 1042 1285 1140 biffiuitirus,
1308 1037 1566 1140 quial¹lsaepe
1587 1044 1742 1138 diffinit3

559 1165 690 1243 diffinit
723 1165 821 1241 euim
855 1163 977 1257 iidem,
1001 1182 1117 1259 spem,
1146 1169 1186 1239 et
1215 1161 1265 1237 ita
1297 1162 1345 1239 de
1379 1163 1513 1239 multis
1547 1164 1741 1258 birisirrm,

562 1285 649 1379 quia
672 1283 797 1361 dividit
812 1284 1000 1361 Internum
1016 1304 1083 1379 per
1098 1282 1267 1376 circulos,
1288 1282 1550 1379 Purgatorium
1566 1304 1635 1379 per
1652 1306 1740 1382 gra·

562 1403 643 1497 dus,
663 1403 878 1481 Paradisum
897 1423 965 1499 per
983 1404 1150 1498 spheras3
1168 1408 1206 1477 et
1222 1402 1274 1478 ita
1287 1402 1337 1478 de
1356 1403 1490 1478 multis.
1508 1404 1740 1498 Probatirus,

563 1522 649 1616 quia
675 1543 771 1620 saepe
796 1523 926 1618 probat
950 1521 1045 1596 dicta
1061 1543 1129 1596 sua
1148 1520 1350 1597 rationibus
1370 1527 1409 1597 et
1427 1523 1735 1618 persuasionibus.

563 1643 840 1739 lmprobativus,
859 1641 945 1739 quia
961 1662 1058 1739 saepe
1082 1641 1265 1738 improbet
1281 1639 1376 1716 dicta
1392 1641 1562 1736 aliorum,
1581 1649 1624 1716 ut
1640 1663 1737 1739 saepe

563 1767 671 1855 patet.
698 1761 960 1857 Exemplorum
986 1760 1173 1856 positivus,
1200 1766 1241 1833 ut
1265 1767 1365 1855 patet
1389 1779 1455 1855 per
1481 1768 1611 1834 totum.

635 1880 700 1956 llic
724 1880 816 1956 liber
840 1880 973 1955 merito
997 1880 1201 1975 appellatur
1234 1879 1406 1975 Canum
1439 1879 1536 1954 sieut
1568 1879 1667 1954 enim
1701 1880 1739 1954 iu

560 2017 666 2078 sacra
692 2000 880 2095 Scriptura
905 1999 1054 2093 quidam
1080 1999 1172 2073 liber
1193 1997 1398 2073 Salomonis
1413 2000 1618 2094 appellatur
1642 2000 1740 2075 Cun-

561 2119 632 2193 tica
649 2119 884 2194 Cantioorum
901 2139 967 2214 per
985 2118 1250 2212 excellentiam,
1267 2118 1318 2192 ita
1334 2118 1402 2195 iste
1422 2119 1514 2194 liber
1528 2110 1568 2211 θ)
1587 2119 1625 2193 in
1648 2139 1741 2215 poe,-

562 2237 642 2314 uis.
661 2238 754 2313 Nam
771 2257 859 2313 cum
875 2237 994 2312 omnis
1019 2244 1128 2332 poeta
1154 2243 1287 2330 cantet,
1308 2237 1366 2311 hic
1393 2243 1517 2313 tamen
1541 2237 1683 2313 dulcius
1700 2247 1740 2313 et

561 2355 808 2434 delectabdius
834 2375 968 2432 canere
981 2346 1021 2449 (³)
1038 2356 1192 2432 videtur.
1219 2356 1357 2431 Deinde
1383 2356 1546 2454 tangitur
1570 2357 1607 2431 in
1633 2358 1740 2435 tihrlo
1857 2415 1862 2428 .

562 2476 676 2571 stylus
700 2477 873 2570 poeb‘cus.
900 2476 954 2550 hd
979 2476 1077 2570 quod
1102 2475 1304 2551 notandum
1330 2477 1509 2570 estquod
1533 2485 1588 2552 est
1608 2478 1741 2572 triplex

562 2596 677 2691 stylus
711 2596 856 2689 scilicet,
883 2596 1070 2692 tragoedie,
1088 2602 1231 2703 satyra,
1258 2602 1295 2670 et
1327 2596 1516 2670 mmoedia.
1547 2597 1740 2693 Tragoedia

562 2720 618 2793 est
648 2715 763 2810 stylus
791 2716 888 2790 altus
919 2721 957 2789 et
989 2716 1194 2809 superbus;
1226 2722 1356 2790 tractat
1387 2716 1486 2790 enim
1520 2716 1567 2791 de
1595 2736 1740 2791 memo-

562 2832 736 2909 rabilibus
772 2840 809 2909 et
833 2834 1026 2909 horrendis
1049 2835 1172 2930 gestis,
1198 2835 1321 2929 qualia
1345 2842 1431 2909 sunt
1456 2834 1678 2910 mutationes
1700 2824 1741 2927 (ἢ

561 2972 777 3048 regnorum,
801 2954 1011 3029 erersioues
1041 2953 1203 3047 urbium,
1234 2953 1422 3028 ooullictus
1455 2954 1648 3048 bellorum,
1683 2954 1741 3028 iu·-

562 3070 692 3146 teritus
709 3091 853 3167 regum,
871 3079 1012 3168 strages
1024 3064 1064 3164 (⁵)
1082 3079 1118 3147 et
1135 3072 1254 3147 mdes
1270 3072 1451 3166 virorum,
1467 3079 1506 3147 et
1521 3072 1602 3147 alie
1619 3073 1741 3149 mexi-

561 3209 633 3265 mae
657 3190 801 3285 clades;
825 3197 864 3265 et
888 3191 974 3265 tolia
998 3191 1244 3268 describentes
1270 3191 1390 3266 vocati
1404 3181 1444 3282 (ἢ
1467 3199 1555 3266 sunt
1574 3192 1738 3289 tragedi,

559 3308 636 3405 sire
661 3310 801 3405 tragici,
827 3309 922 3386 sium
946 3311 1141 3404 Homerus,
1161 3310 1345 3407 Virgilius,
1362 3310 1565 3406 Euripides,
1588 3311 1740 3406 Statius,

559 3427 774 3523 Simonides,
791 3429 940 3523 Ennius,
959 3431 1070 3505 etalii
1088 3432 1224 3525 plures.
1243 3429 1375 3526 Satyra
1391 3438 1449 3505 est
1462 3431 1579 3526 stylus
1595 3430 1742 3507 medius

559 3554 598 3622 et
621 3553 860 3642 temperatus,
884 3555 1018 3624 tractat
1048 3549 1146 3623 euim
1178 3549 1225 3623 de
1258 3549 1455 3623 virtutibus
1487 3555 1527 3623 et
1551 3548 1675 3641 viciis3
1702 3556 1740 3623 et

559 3664 645 3742 talia
674 3666 922 3743 describentes
952 3672 1133 3744 vocantur
1166 3668 1298 3764 Satyri,
1330 3667 1409 3743 sire
1441 3667 1619 3764 satyrici,
1652 3673 1741 3743 sunt

560 3785 659 3862 em'm
696 3786 809 3882 satyri
845 3786 933 3861 vitia
970 3786 1288 3881 reprehendentes,
1322 3787 1416 3861 sicut
1451 3786 1637 3880 Horatius,
1673 3788 1741 3862 Ju-

560 3906 710 4000 venalis,
736 3913 774 3982 et
798 3907 955 3981 Persius.
973 3907 1158 3981 comedia
1175 3913 1231 3982 est
1245 3909 1362 4003 stylus
1378 3907 1509 3982 bassus
1524 3915 1562 3982 et
1578 3907 1740 4001 humffis,

561 4030 694 4101 tractat
719 4024 816 4099 enim
841 4026 1009 4122 vulgaria
1034 4032 1071 4100 et
1094 4026 1177 4101 viliu
1194 4015 1230 4119 (⁷)
1250 4026 1345 4102 iacta
1365 4027 1560 4122 ruralium,
1577 4027 1740 4122 plebeio-

560 4163 659 4237 rum,
681 4151 718 4218 et
741 4144 939 4219 humilium
953 4135 990 4238 (⁸)
1017 4165 1281 4241 personarum3
1315 4152 1352 4221 et
1378 4145 1463 4220 talia
1489 4145 1737 4223 describentes

559 4270 739 4337 vocauun
764 4265 933 4360 comoedi,
955 4265 1033 4340 sire
1058 4265 1199 4360 comici,
1226 4266 1320 4340 sicut
1344 4265 1507 4359 Plautus,
1532 4265 1738 4360 Terentius

626 4581 656 4643 Γ)
674 4580 703 4630 Ε.
719 4586 758 4632 ost
774 4582 834 4644 qula
850 4595 877 4632 re
893 4581 997 4645 difflue
1014 4582 1106 4633 dilllalt
1121 4585 1198 4634 enim.

620 4651 653 4717 'l'l
673 4661 726 4716 llo,
744 4655 778 4706 itu
795 4654 922 4708 libertate
939 4658 966 4707 iu
983 4660 1082 4721 poetria
1100 4663 1183 4722 potest
1200 4654 1324 4722 appellari
1339 4656 1451 4709 Cratior.
1467 4657 1542 4709 Num.

625 4731 655 4794 (ἢ
674 4732 703 4781 E.
723 4737 834 4782 canum.
1189 4737 1218 4798 (⁵)
1236 4736 1483 4789 &immilem

628 4807 657 4869 [')
676 4812 731 4867 ltu,
747 4807 850 4872 straga·
866 4809 992 4861 virorum.
1189 4810 1217 4873 (⁴)
1234 4810 1260 4861 S.
1277 4811 1339 4862 dicti
1355 4815 1424 4861 sunt.

629 4882 655 4945 (³)
673 4884 702 4932 Ε.
719 4884 794 4933 utilia
810 4883 884 4934 lacta
1185 4885 1214 4947 (¹)
1230 4885 1261 4936 li.
1277 4885 1416 4938 humilium
1431 4885 1546 4950 preren
1559 4889 1588 4939 ot
1604 4882 1673 4937 talla
