4154 6546
450 761 519 827 408
844 774 1045 829 conanruu
1071 775 1223 827 ruranru

447 920 542 993 bene
566 918 674 992 dixit:
701 921 794 1010 quim
815 912 852 992 de
876 923 1199 993 alessandro—E
1220 923 1389 993 Dmmsro.
1416 920 1482 994 llic
1505 926 1617 995 autor

446 1039 632 1134 praemisso
658 1045 813 1135 tyranno
838 1039 1078 1114 famosissimo
1108 1039 1275 1133 Orientis,
1305 1039 1475 1114 describit
1499 1039 1616 1113 alium

447 1159 631 1231 tirannum
644 1159 826 1233 famosum
839 1152 877 1251 (¹)
894 1159 1106 1253 Occidentis,
1123 1159 1258 1233 scilicet
1275 1158 1486 1254 Dionysium
1502 1157 1617 1254 Syra-

447 1299 637 1352 cusanum.
663 1279 718 1352 Ad
742 1279 848 1353 cuius
873 1278 1116 1374 cognitionem
1147 1287 1203 1354 est
1227 1279 1389 1356 breviter
1413 1278 1617 1375 sciendum,

447 1397 546 1491 quod
571 1397 761 1493 Dionysius
786 1397 865 1492 iste,
892 1405 933 1471 ut
957 1398 1082 1472 scribit
1106 1399 1243 1472 Tullius
1269 1400 1297 1471 V
1324 1400 1618 1474 Tusculanarum

446 1517 708 1611 Quaestionum,
729 1517 795 1590 luit
820 1517 876 1591 vir
902 1518 1227 1613 temperatissimus
1251 1519 1288 1592 in
1314 1518 1413 1593 victu
1437 1538 1503 1613 per
1528 1539 1620 1593 con·

449 1637 601 1711 trarium
625 1638 833 1731 Alexandri3
860 1631 978 1730 luitl²l
1005 1639 1261 1734 sagacissimus
1278 1649 1315 1715 et
1335 1640 1617 1734 valentissimus,

448 1757 510 1852 qui
531 1757 734 1831 secuudum
752 1757 935 1831 lustinum
953 1758 1046 1832 libro
1063 1759 1160 1832 Xllll
1181 1759 1266 1834 lecit
1282 1779 1417 1855 magna
1436 1759 1563 1855 proelia
1576 1750 1616 1853 (ἢ

448 1876 484 1948 in
514 1875 643 1970 Sicilia,
675 1883 712 1949 et
743 1883 921 1971 occupato
960 1877 1112 1973 imperio
1151 1879 1261 1953 totius
1298 1880 1437 1974 insule,
1462 1879 1616 1955 credens

447 1996 563 2070 otium
590 2005 628 2071 et
658 1995 830 2069 desidiam
856 1996 912 2069 sui
939 1997 1062 2093 magni
1087 1998 1270 2072 exercitus
1295 2019 1376 2074 esse
1400 2000 1615 2074 damnosam

448 2124 485 2191 et
510 2115 750 2211 periculosam
772 2138 840 2191 suo
858 2138 984 2214 regno,
1007 2118 1167 2192 traduxit
1187 2118 1392 2193 exercitum
1410 2119 1447 2193 iu
1462 2120 1617 2214 ltaliam,

450 2237 510 2310 ubi
536 2245 727 2312 exerceret
752 2237 848 2311 vires
875 2238 1042 2332 militum,
1060 2245 1097 2313 et
1122 2237 1212 2313 lines
1235 2238 1337 2335 regni
1355 2241 1563 2334 ampliaret;
1580 2250 1619 2316 et
1697 2290 1699 2295 -

449 2357 569 2453 primo
595 2358 709 2431 movit
734 2358 871 2433 bellum
888 2358 925 2431 in
943 2358 1108 2432 Calabria
1125 2366 1252 2433 contra
1269 2359 1427 2454 Graecos,
1445 2360 1508 2453 qui
1528 2367 1619 2435 tunc

450 2478 624 2571 temporis
647 2500 818 2574 magnam
840 2486 981 2573 partem
999 2479 1109 2553 ltaliae
1126 2487 1407 2572 occupaverant,
1425 2480 1523 2555 unde
1539 2481 1617 2554 lla-

449 2618 522 2692 gna
547 2597 686 2671 Graecia
712 2600 890 2693 appellata
924 2598 1001 2671 luit.
1034 2598 1084 2670 lbi
1111 2599 1294 2693 occupatis
1325 2599 1465 2693 aliquot
1488 2599 1615 2673 civita-

451 2716 546 2792 tibus
572 2725 764 2791 revocatus
789 2725 844 2791 est
869 2718 905 2790 in
936 2717 1090 2790 Siciliam
1117 2725 1264 2812 propter
1295 2717 1493 2792 adventum
1525 2719 1616 2793 Car·

451 2837 729 2932 tbagineusium
743 2837 805 2930 qui
824 2844 993 2932 reparato
1010 2837 1173 2910 exercitu
1193 2845 1460 2912 renovaverant
1475 2825 1512 2929 (⁴)
1538 2839 1618 2913 bel·

450 2960 543 3052 lum3
561 2964 597 3032 et
615 2978 687 3032 nou
705 2964 785 3051 post
805 2959 962 3031 multum
981 2965 1125 3052 tempus
1142 2958 1279 3032 fractus
1300 2965 1336 3031 et
1354 2958 1472 3032 victus
1492 2959 1616 3033 multis

450 3078 550 3153 bellis
576 3077 731 3152 finaliter
755 3078 883 3152 fraudo
917 3098 1070 3152 suorum
1103 3077 1243 3152 occisus
1274 3085 1347 3151 est
1372 3070 1493 3170 lste(⁵)
1526 3099 1617 3174 ergo

450 3198 639 3294 Dionysius
665 3204 738 3271 tam
766 3198 992 3294 magnificus,
1019 3205 1142 3272 tamen
1167 3197 1235 3269 luit
1262 3196 1450 3270 maleficus
1467 3204 1503 3271 ot
1521 3197 1618 3270 iniu-

381 3346 387 3361 ·
449 3327 536 3414 stus,
554 3320 648 3394 sicut
671 3318 793 3392 scribit
819 3319 956 3392 Tullius
974 3319 1102 3392 codem
1123 3317 1232 3411 llbr03
1250 3338 1336 3390 nam
1355 3324 1502 3412 propter
1521 3319 1616 3392 mala

449 3460 533 3534 quae
559 3440 713 3515 iaciebat
737 3461 824 3514 cum
849 3439 1001 3514 baberet
1032 3438 1166 3514 multos
1196 3438 1348 3512 iuvenes
1378 3437 1527 3531 amicos,
1554 3459 1621 3513 ne-

450 3561 549 3633 mine
574 3566 696 3634 tamen
722 3559 935 3653 confidebat,
962 3559 1025 3632 sed
1050 3557 1252 3631 custodiam
1271 3557 1433 3651 corporis
1450 3558 1621 3632 commit-

451 3682 550 3756 tebat
579 3680 663 3753 seris
700 3679 877 3772 barbaris,
910 3686 947 3753 et
976 3679 1012 3750 in
1045 3698 1195 3751 carcere
1210 3666 1246 3768 (⁶)
1275 3677 1547 3771 quodammodo
1579 3699 1621 3754 se

451 3800 647 3874 incluserat
679 3799 856 3895 cingendo
891 3818 1077 3873 cameram
1109 3817 1213 3870 suam
1245 3797 1368 3891 amplo
1384 3785 1420 3888 (⁷)
1451 3796 1558 3891 losso,
1584 3797 1622 3872 iu

451 3941 563 4013 quam
601 3919 759 3993 intrabat
788 3938 853 4012 per
882 3927 1028 4011 pontem
1063 3917 1236 4012 ligneum,
1263 3923 1300 3990 et
1335 3916 1466 3990 clausis
1497 3918 1623 3993 lrostiis

452 4039 603 4134 ipsemet
628 4039 772 4112 levabat
797 4038 936 4131 ipsum3
955 4044 991 4110 et
1008 4036 1205 4130 aliquando
1225 4057 1271 4110 en
1289 4037 1363 4110 alta
1381 4037 1473 4110 turri
1491 4058 1622 4111 arren-

451 4160 560 4256 gabat
574 4148 624 4253 (⁸),
643 4158 730 4252 quia
755 4179 829 4231 nou
853 4157 1012 4231 audebat
1038 4157 1166 4231 sedere
1191 4177 1277 4230 cum
1302 4156 1380 4229 aliis
1405 4157 1441 4231 in
1462 4157 1619 4251 publico.

512 4430 539 4491 (¹)
555 4429 580 4479 S.
597 4428 817 4478 famosissimum·
1028 4461 1032 4469 .
1174 4424 1200 4488 (¹)
1218 4426 1247 4475 E.
1266 4425 1417 4475 mitellam.

511 4505 538 4567 (⁸)
553 4505 577 4556 S.
595 4520 609 4555 o
628 4510 680 4562 llll,
702 4504 791 4566 proelia
813 4508 902 4552 contra
925 4502 1084 4553 Amilcarem
1107 4502 1200 4552 ducem
1221 4500 1459 4563 Carthaginensium
1476 4502 1520 4564 qul
1537 4502 1621 4552 inter-

451 4583 533 4632 iectus
548 4586 587 4630 cst
604 4582 646 4630 ibi.
664 4580 801 4642 Dionysius
817 4585 904 4629 autem
920 4579 1033 4641 expulsis
1049 4579 1290 4642 Carthaginensibus
1304 4579 1337 4627 dc
1353 4577 1447 4637 Sicilia,
1459 4583 1485 4627 ct
1496 4584 1623 4641 occupato

451 4671 531 4721 regno
548 4658 626 4708 totius
647 4657 746 4707 insutu.
756 4657 824 4706 -Ε.
842 4657 931 4718 proelia
947 4657 974 4705 in
991 4655 1076 4705 Sicilia
1094 4662 1183 4706 contra
1200 4655 1362 4705 Amilcarcm
1378 4655 1472 4704 ducem
1488 4655 1622 4719 Cartbagi-

451 4747 556 4783 neusem
573 4734 604 4782 de
620 4733 713 4792 Sicilia,
731 4740 756 4784 et
773 4738 899 4796 occupato
916 4734 1033 4796 imperio.

512 4810 539 4871 (⁸)
557 4814 611 4869 lle,
628 4816 824 4861 renovaverunt
886 4811 912 4870 (⁸)
929 4811 960 4860 E.
976 4810 1024 4860 llio
1039 4823 1110 4874 ergo.
1178 4811 1204 4871 (b
1222 4815 1298 4861 tlte
1315 4811 1345 4860 E.
1363 4811 1389 4859 in
1405 4822 1547 4861 carcerem.

514 4885 541 4949 (¹)
559 4890 612 4946 lle,
629 4887 713 4950 ampla
730 4887 796 4938 lousa
812 4888 839 4937 ln
855 4901 905 4952 qua
921 4887 1040 4939 intrabat.
1177 4888 1203 4950 (¹)
1219 4887 1250 4938 E.
1267 4887 1408 4951 aringabat.
