4154 6546
609 793 676 858 122
1001 800 1202 855 COMENTUM
1227 793 1378 853 inunum

604 948 697 1044 guis,
722 949 905 1019 machiota
929 949 968 1019 dl
991 948 1151 1036 inprime,
1177 943 1263 1037 quia
1288 944 1431 1038 plorant
1447 944 1484 1018 m
1500 944 1568 1020 ista
1584 966 1690 1043 pena,
1707 954 1772 1023 elo

603 1068 726 1140 itoolto
750 1067 798 1138 do
819 1067 992 1159 [medion
1010 1067 1133 1155 ommi,
1150 1084 1235 1138 nam
1253 1083 1339 1158 sepe
1355 1063 1552 1138 deveniunt
1568 1065 1614 1140 ad
1631 1073 1769 1141 tantam

602 1185 788 1260 miseriam
806 1185 903 1279 quod
916 1200 1046 1258 eorum
1064 1183 1226 1258 marcida
1243 1183 1411 1258 membra
1424 1185 1770 1281 emittunlvermes3

603 1303 701 1378 unde
717 1311 755 1378 et
771 1323 908 1377 muscae
925 1301 1140 1377 naturaliter
1160 1308 1338 1398 generant
1363 1319 1509 1377 vermes
1532 1303 1570 1377 in
1595 1305 1771 1399 capitibus

599 1418 640 1498 et
664 1422 839 1497 membris
864 1442 1005 1497 eorum.
1032 1420 1077 1495 Et
1102 1427 1198 1515 nota,
1230 1422 1355 1516 lector,
1386 1422 1485 1516 quod
1510 1423 1678 1516 quamvis
1702 1422 1770 1497 ista

599 1538 754 1615 'materia
780 1540 824 1614 sit
849 1540 1041 1634 fastidiosa,
1067 1547 1190 1614 tamen
1216 1546 1271 1613 est
1301 1539 1391 1614 utile
1419 1539 1535 1634 ipsam
1566 1539 1770 1616 declarasse

596 1655 647 1733 ld
673 1660 882 1755 exemplum
909 1667 945 1734 et
970 1666 1152 1733 terrorem
1174 1658 1343 1753 aliorum,
1360 1665 1403 1732 ut
1419 1664 1572 1734 caveant
1598 1667 1671 1734 tam
1699 1642 1769 1733 m'i-

595 1778 794 1852 serabilem
819 1784 955 1853 sectam
970 1771 1007 1868 (¹)
1032 1779 1271 1873 captivorum.

675 1902 719 1969 Et
732 1901 768 1968 io
784 1899 835 1969 cd'
846 1918 871 1969 a
887 1899 1093 1988 npnmdor.
1111 1896 1182 1969 lsta
1199 1901 1254 1969 est
1270 1901 1402 1988 quarta
1419 1914 1503 1989 pars
1519 1897 1712 1992 generalis,
1725 1897 1787 1971 ln·

601 2018 675 2112 qua
699 2023 807 2091 autor
832 2022 963 2090 tractat
986 2015 1032 2089 de
1056 2015 1217 2111 generali
1242 2034 1348 2108 passu
1374 2014 1517 2110 lnlerni,
1536 2023 1573 2088 et
1598 2010 1768 2090 describit

599 2137 760 2233 primum
775 2138 911 2209 llumen
926 2135 1114 2228 infernale,
1125 2135 1223 2227 quod
1235 2135 1581 2229 vocaturdcheron3
1595 2135 1641 2209 ad
1654 2140 1765 2228 quein

596 2252 753 2329 'fluvium
767 2254 998 2346 eonveniunt,
1012 2260 1048 2327 et
1068 2274 1134 2347 per
1155 2272 1266 2349 quem
1286 2257 1475 2327 transeunt
1490 2258 1618 2328 omnes
1634 2253 1767 2327 animle

591 2374 869 2449 damnatorum.
892 2372 997 2447 Unde
1027 2371 1134 2445 dicit:
1160 2379 1194 2444 et
1221 2375 1269 2463 io,
1295 2371 1431 2467 supple,
1457 2372 1602 2466 oannes,
1627 2375 1687 2449 cte
1707 2377 1769 2446 'lte

599 2490 693 2568 dedi
708 2515 731 2566 a
747 2495 944 2585 ripuardar
961 2495 1061 2582 ottre,
1078 2490 1170 2565 idest
1187 2491 1249 2584 qui
1266 2492 1429 2565 eonverti
1445 2492 1609 2565 animum
1627 2496 1767 2587 meum,

600 2610 676 2685 sive
689 2611 971 2706 speculationem
985 2610 1031 2682 ad
1045 2607 1200 2682 ulterius
1212 2610 1419 2704 videndum,
1434 2611 1520 2705 quia
1532 2611 1618 2685 satis
1629 2611 1766 2685 dictum

591 2737 680 2806 ‘erat
696 2730 742 2803 de
759 2729 834 2801 istis
854 2728 1027 2820 tristibus,
1046 2731 1117 2800 vidi
1135 2735 1246 2820 pente,
1262 2729 1355 2804 idest
1370 2750 1488 2826 genus
1500 2721 1537 2822 (¹)
1554 2736 1765 2825 pravorum,

594 2850 623 2921 'd
648 2851 684 2920 la
708 2850 788 2920 ηὐα
812 2850 847 2920 d’
860 2867 908 2918 un
935 2865 1029 2936 pron
1051 2848 1168 2937 fiune,
1198 2847 1342 2941 scilicet,
1369 2848 1592 2942 Acherontis,
1623 2848 1685 2941 qui
1702 2855 1767 2922 est

592 2954 731 3041 durius
756 2963 957 3060 profundus
977 2964 1031 3038 'ita
1064 2964 1162 3058 quod
1187 2974 1259 3038 non
1290 2964 1408 3060 potest
1438 2967 1583 3040 transiri
1609 2967 1675 3040 nisi
1700 2974 1767 3061 pe'r

599 3085 733 3178 navim,
759 3092 796 3159 et
820 3084 901 3158 ideo
926 3089 980 3157 est
998 3083 1052 3156 lbi
1071 3082 1182 3157 nau'ta
1199 3086 1360 3179 paratus,
1380 3085 1514 3161 scilicet
1529 3086 1685 3179 Charon,
1703 3085 1766 3179 qui

590 3204 728 3300 'trajicit
753 3219 880 3278 omnes
905 3203 1055 3276 animes.
1076 3203 1125 3275 'lit
1151 3204 1271 3277 subdit
1296 3205 1480 3299 quomodo
1496 3196 1531 3297 (³)
1552 3206 1627 3301 ipse
1640 3207 1764 3279 'laetus

596 3324 725 3398 avidus
750 3324 909 3397 novitate
936 3323 988 3397 rei
1007 3324 1138 3417 petivit
1158 3325 1338 3399 liuentiam
1356 3346 1378 3399 a
1395 3325 1543 3422 Virgilio
1559 3324 1763 3421 inquirendi

596 3448 680 3539 duae
705 3451 825 3517 essent
850 3442 919 3516 illae
944 3442 1088 3535 animle,
1114 3438 1150 3516 dt
1176 3465 1250 3535 qua
1275 3438 1321 3528 ile
1345 3451 1456 3517 causa
1479 3442 1763 3520 viderenturne
1858 3522 1880 3551 s

595 3570 773 3660 promptae
802 3562 847 3635 ad
880 3561 1072 3634 transitum
1110 3556 1278 3635 fluminis.
1314 3561 1416 3636 Unde
1450 3562 1556 3636 diclt':
1583 3566 1763 3656 perod'to,

595 3682 733 3778 supple,
760 3680 904 3771 flantes,
930 3680 1038 3751 dissi:
1054 3686 1220 3768 moestro,
1238 3679 1383 3772 scilicet,
1400 3679 1537 3776 virgili,
1554 3702 1599 3754 or
1616 3686 1664 3753 mi
1678 3692 1763 3754 oon-

594 3804 670 3876 cedi
693 3802 791 3873 ell'to
816 3801 940 3890 suppia
965 3796 1062 3890 paruit
1084 3816 1185 3888 sono,
1204 3796 1302 3871 idest
1326 3799 1389 3891 dui
1415 3799 1495 3892 sint,
1524 3806 1561 3873 et
1593 3818 1679 3874 ecce
1704 3812 1763 3875 se-

594 3921 751 3996 cundam
782 3912 1004 4014 petitionem,
1030 3939 1049 3989 e
1080 3920 1166 4007 qual
1190 3918 1358 4008 'edomata
1391 3916 1476 4011 qula
1509 3914 1674 3994 lni'r‘ablle
1706 3919 1762 3993 ri-

594 4040 703 4114 detur
716 4027 752 4129 (⁸)
780 4037 879 4131 quod
907 4037 1038 4130 aliquis
1069 4034 1237 4131 prompte
1263 4035 1375 4110 u'adat
1394 4036 1449 4112 'ad
1468 4042 1638 4132 'planem
1664 4040 1761 4133 tero

592 4156 703 4252 puter
727 4151 757 4230 εἲ
776 4162 903 4250 prante
920 4159 984 4229 'det
1006 4154 1207 4249 tr'opnssar,
1231 4155 1365 4230 scilicet
1384 4149 1487 4231 'ultra
1504 4157 1760 4254 Acherontem,

594 4280 728 4352 dom’io
752 4280 911 4351 darom
923 4298 991 4369 per
1007 4279 1042 4348 to
1063 4277 1154 4368 fiodo
1171 4272 1281 4367 ’lama
1306 4276 1408 4370 idest,
1430 4286 1601 4370 paucum.
1626 4264 1673 4351 ln
1694 4265 1759 4377 att.

594 4396 697 4472 nono
712 4388 748 4489 ρ)
768 4394 1038 4490 responsionem
1060 4376 1201 4491 utapro
1218 4395 1340 4470 arcens
1353 4398 1414 4469 :a
1428 4388 1605 4489 elisano,
1622 4396 1758 4493 suppra.

593 4517 761 4614 Virgilius
787 4512 969 4610 respondit
981 4505 1035 4606 (⁶):
1062 4518 1094 4588 le
1117 4536 1195 4588 cose
1219 4518 1335 4608 tinen
1364 4524 1473 4609 cone,
1499 4516 1589 4591 idest
1613 4538 1659 4592 ea
1676 4537 1759 4612 quae

654 4739 682 4803 (⁸)
698 4742 728 4790 n.
745 4746 840 4790 oerum
858 4741 987 4792 unorum.
1245 4734 1274 4807 p)
1290 4740 1344 4803 ln,
1359 4738 1458 4808 pata.
1468 4730 1533 4794 ds.
1550 4746 1619 4808 psus.

640 4804 682 4880 ‘Pl
697 4814 723 4866 s.
734 4812 869 4880 'quomodo
884 4811 976 4867 iltius.
1198 4832 1204 4845 ·
1234 4802 1344 4884 ’ΝΜ
1362 4810 1505 4872 vrnluitdr.

654 4894 682 4956 (¹)
700 4890 821 4954 namo
838 4882 1010 4955 auror'poun
1247 4895 1274 4960 (η
1289 4897 1314 4948 s.
1331 4897 1455 4962 ungium
1471 4900 1514 4949 m.
