4154 6546
451 768 520 836 360
787 817 792 829 .
846 780 1049 836 couunruu
1074 781 1225 835 rnrunnr

447 1159 612 1227 CANTUS
634 1156 824 1224 DECIMUS
846 1155 1017 1238 PRIMUS,
1040 1160 1149 1241 inquo
1166 1161 1283 1224 tractat
1297 1156 1335 1222 de
1352 1155 1454 1222 tetus
1468 1154 1620 1222 circuti&

518 1273 555 1337 io
569 1272 678 1353 primo
697 1276 771 1337 suot
787 1269 943 1348 uiolenter,
967 1269 1260 1348 accedetisque
1276 1273 1383 1352 potest
1403 1269 1476 1351 fieri
1496 1268 1616 1335 oiolen

520 1384 567 1447 tio
582 1381 661 1460 Deo,
680 1387 710 1447 et
725 1381 855 1459 dirimet
874 1386 904 1445 et
914 1380 1064 1463 proximo
1087 1385 1117 1445 et
1137 1380 1173 1445 io
1194 1381 1263 1446 suis
1284 1379 1395 1445 robus:
1418 1378 1454 1444 io
1474 1378 1613 1446 semoto

519 1512 591 1559 vero
612 1498 687 1558 sont
708 1493 817 1558 eom:
831 1493 868 1557 in
885 1492 976 1557 tertio
993 1511 1067 1557 vero
1078 1491 1277 1574 proditores:
1298 1491 1384 1557 etde
1404 1491 1494 1557 modo
1506 1511 1615 1574 poento

519 1604 676 1686 aprorum,-
699 1608 729 1668 et
750 1603 785 1667 io
806 1603 870 1684 fine
892 1604 978 1668 canti
999 1601 1142 1667 declarat
1162 1623 1226 1686 quo
1247 1601 1286 1668 de
1307 1622 1405 1668 coeco
1421 1621 1486 1669 non
1508 1622 1617 1669 omnes

513 1714 694 1797 patenter
714 1716 750 1779 io
772 1713 895 1780 ciuitate
917 1709 1053 1795 Inferni.

520 2021 599 2189 ΙΝ
618 2137 659 2190 so
684 2120 707 2190 ἴ
718 2105 891 2190 estrepini
915 2116 950 2188 d'
963 2118 1021 2188 on'
1034 2118 1108 2189 otto
1132 2118 1223 2208 rapo.
1255 2116 1453 2209 Postquam
1484 2114 1521 2189 in
1552 2137 1620 2190 su-

446 2238 580 2335 periori
593 2236 750 2332 capitulo
771 2235 939 2331 proxime
955 2234 1172 2331 praecedenti
1188 2240 1297 2308 autor
1311 2240 1434 2309 noster
1448 2235 1620 2309 tractavit

447 2367 484 2436 et
496 2357 751 2434 determinavit
762 2357 809 2431 de
823 2356 1000 2431 hereticis
1009 2355 1072 2450 qui
1084 2355 1287 2449 puniuntur
1299 2355 1336 2428 in
1344 2355 1463 2450 primo
1476 2355 1617 2431 circulo

447 2479 610 2571 civitatis,
636 2477 699 2572 qui
718 2483 772 2551 est
788 2483 914 2551 sextus
930 2476 1041 2549 totius
1057 2475 1210 2568 inierui3
1229 2495 1326 2548 nunc
1351 2475 1620 2570 subsequenter

447 2600 485 2673 in
510 2598 581 2671 isto
603 2599 650 2670 xl
676 2596 832 2691 capitulo
853 2595 1022 2670 describit
1042 2600 1080 2670 et
1096 2594 1281 2690 distinguit
1298 2593 1487 2668 residuum
1505 2594 1618 2669 totius

447 2716 591 2809 Inferni,
610 2722 652 2788 ut
669 2716 719 2790 sic
736 2715 869 2790 clarius
882 2714 1054 2809 procedat
1066 2715 1113 2788 ad
1127 2714 1318 2790 materiam
1331 2714 1563 2809 sequentium
1577 2708 1618 2809 (¹)

448 2835 671 2911 circulorum
698 2841 735 2909 et
759 2855 965 2929 poenarum.
992 2835 1036 2907 ut
1061 2834 1158 2907 istud
1178 2835 1378 2928 capitulum
1395 2840 1513 2930 potest
1530 2836 1619 2911 bre-

447 2955 541 3030 viter
570 2954 678 3028 dividi
709 2953 746 3026 in
775 2961 848 3029 tres
872 2961 992 3049 partes
1017 2956 1222 3050 generales3
1249 2955 1285 3028 in
1309 2955 1428 3049 prima
1453 2975 1617 3050 quarum

446 3082 556 3150 autor
580 3073 696 3169 tangit
722 3075 912 3148 materiam
939 3081 1152 3169 sequentem
1170 3065 1218 3167 (²),
1245 3080 1282 3148 et
1305 3074 1461 3170 retangit
1477 3095 1618 3169 praece-

447 3196 605 3270 dentem.
632 3195 672 3266 ln
698 3194 856 3268 secunda
882 3194 966 3268 iacit
992 3214 1103 3267 unam
1129 3193 1394 3270 distinctionem
1419 3194 1616 3288 perutilem

447 3322 484 3390 et
509 3313 753 3388 neceesarium
783 3313 949 3388 omnium
976 3312 1199 3386 circulorum
1226 3311 1328 3385 istius
1352 3312 1516 3407 civitatis,
1542 3313 1615 3387 ibi:

447 3437 617 3525 Ftpttooo
641 3435 721 3505 mio.
749 3433 788 3506 in
815 3432 921 3507 tertia
946 3439 983 3507 et
1008 3432 1136 3507 ultima
1155 3438 1323 3507 removet
1338 3433 1412 3506 duo
1429 3431 1539 3507 dubia
1558 3432 1617 3506 in-

446 3552 601 3629 cidentia
625 3552 722 3627 circa
747 3551 937 3626 materiam
965 3557 1238 3647 pertractatam,
1255 3553 1320 3627 ibi:
1339 3559 1384 3626 Et
1396 3555 1432 3625 to
1449 3558 1612 3626 momtro.

447 3673 644 3749 Redeundo
670 3672 716 3746 ad
733 3672 890 3766 primam
907 3670 998 3764 dico,
1017 3671 1115 3764 quod
1134 3678 1243 3745 autor
1263 3672 1382 3767 primo
1400 3671 1515 3768 tangit
1531 3691 1612 3744 ma-

446 3781 577 3870 teriam
604 3800 831 3888 sequentem,
848 3799 886 3867 et
906 3792 1060 3888 retangit
1075 3782 1112 3884 (³)
1139 3792 1307 3887 proxime
1332 3793 1613 3887 praecedentem.

446 3914 549 3988 Unde
573 3912 761 3987 considera
785 3912 883 4007 quod
909 3911 967 3985 hic
992 3911 1138 4005 proprie
1158 3912 1280 4006 incipit
1300 3912 1436 4006 civitas,
1455 3913 1540 4009 quia
1559 3913 1616 3987 in-

446 4032 584 4127 cipiunt
600 4031 718 4126 primo
736 4031 873 4105 intrare
890 4051 1021 4125 corpus
1039 4031 1117 4104 eius
1133 4019 1186 4125 (⁸);
1210 4031 1290 4106 ideo
1307 4033 1426 4126 primo
1443 4033 1614 4108 describit

447 4173 564 4225 unum
591 4171 764 4246 aggerem
792 4141 969 4246 magnum
996 4155 1033 4223 et
1053 4149 1185 4223 sortem
1205 4150 1342 4224 iactum
1361 4172 1407 4226 ex
1424 4151 1532 4245 saxis,
1549 4151 1614 4246 qui

446 4272 582 4348 claudit
611 4271 648 4344 iu
676 4269 830 4344 circuitu
857 4269 961 4342 istam
988 4275 1138 4343 terram.
1166 4269 1257 4343 Dicit
1281 4291 1371 4367 ergo
1398 4271 1614 4347 continuans

445 4392 540 4467 dicta
570 4390 728 4467 dicendis
759 4390 856 4485 quod
887 4390 1117 4464 ambulantes
1147 4410 1213 4484 per
1245 4389 1348 4463 illum
1373 4391 1514 4485 callem,
1541 4391 1614 4466 cito

446 4518 692 4608 pervenerunt
723 4511 768 4584 ad
802 4510 924 4584 locum
956 4509 1156 4604 duriorem,
1182 4509 1245 4605 qui
1270 4510 1430 4585 continet
1454 4511 1549 4585 intra
1572 4531 1615 4586 se

507 4741 534 4801 (¹)
550 4742 580 4790 E.
596 4742 758 4804 sequentium
773 4740 943 4791 articulorum
959 4745 986 4791 et
1002 4753 1145 4803 poenarum.
1156 4768 1183 4776 -
1195 4741 1220 4790 S.
1237 4741 1406 4792 circulorum.
1423 4741 1458 4792 ut
1472 4741 1550 4793 istud.

507 4815 534 4875 (¹)
549 4816 580 4865 E.
597 4822 754 4879 sequentem.
770 4816 798 4866 lu
815 4816 934 4866 secunde.
1175 4814 1202 4876 (⁸)
1217 4816 1248 4866 E.
1265 4818 1353 4881 ungit.

508 4891 535 4955 (⁵)
550 4893 576 4943 S.
592 4893 648 4943 ciue
664 4893 780 4953 civitatis,
796 4893 862 4945 idco.
874 4920 902 4931 -
912 4893 942 4944 R
958 4907 1054 4957 eorpus
1069 4893 1139 4955 cium
1156 4893 1245 4944 immo.
