3990 6540
739 780 879 837 caurus
903 779 1097 835 sncuunus
1456 765 1499 835 ot

330 900 460 977 deinde
483 902 708 995 petitionem,
735 909 775 975 ut
797 896 1000 977 ostendam.
1027 900 1114 974 llioo
1147 918 1237 995 ergo
1263 900 1361 993 quod
1386 902 1505 995 primo

330 1021 477 1097 Beatrirr
496 1029 618 1116 captat
633 1021 915 1097 benivolentiam
932 1043 955 1095 a
972 1041 1128 1115 persona
1148 1019 1298 1115 Virgilii,
1315 1040 1507 1095 commen·

329 1141 418 1216 dans
451 1141 569 1235 ipsum
603 1162 627 1215 a
661 1141 875 1216 liberalitate
905 1148 942 1216 et
976 1141 1083 1215 tamae
1115 1140 1366 1233 diuturnitate,
1392 1162 1504 1235 quam

257 1250 261 1257 ’
331 1263 493 1338 maxime
517 1262 688 1336 affectant
715 1268 843 1356 poetae,
869 1262 1013 1336 dicens:
1041 1281 1062 1331 o
1092 1264 1213 1332 omma
1244 1269 1374 1333 tortose
1404 1282 1506 1333 mcu-

332 1389 477 1473 tooaoo,
502 1381 592 1455 idest
617 1401 640 1455 o
666 1380 802 1476 Virgih,
820 1380 885 1474 qui
906 1379 1091 1454 curialiter
1117 1384 1152 1453 et
1179 1378 1375 1453 liberaliter
1403 1387 1505 1455 tuam

332 1500 519 1575 scientiam
546 1499 754 1594 impartiris.
780 1499 823 1572 Et
847 1498 953 1572 dicit:
980 1500 1017 1570 dt
1041 1501 1096 1570 cut
1125 1501 1162 1569 tc
1187 1502 1289 1591 soma
1314 1518 1426 1570 atuor
1450 1501 1511 1571 nel

333 1622 461 1693 mondo
486 1623 593 1709 duro,
618 1625 766 1713 propter
792 1617 1039 1710 copiositatem
1065 1616 1223 1691 scientim
1251 1625 1337 1710 tuac,
1354 1623 1391 1690 et
1408 1615 1508 1710 quod

332 1739 414 1833 plus
434 1746 500 1833 est,
518 1762 537 1811 e
553 1729 686 1810 durerd
703 1746 832 1828 quorun
845 1741 870 1809 't
885 1745 976 1809 moto
991 1729 1026 1828 (¹)
1046 1740 1203 1827 hotone,
1222 1736 1312 1811 idest
1330 1736 1506 1829 quamdiu

334 1858 480 1933 durabit
505 1858 665 1931 mundus
678 1849 729 1950 (²),
755 1857 845 1931 idest
864 1877 982 1949 usque
999 1857 1045 1929 ad
1062 1856 1172 1931 mem
1192 1857 1329 1949 mundi,
1347 1857 1377 1929 si
1398 1878 1508 1930 mun·

334 1978 403 2051 durs
428 1978 575 2052 habehit
601 1978 723 2052 linem.
749 1981 787 2049 t'
800 1980 923 2049 amico.
951 1976 1015 2052 llic
1040 1976 1185 2050 Beatrix
1216 1977 1300 2051 lacit
1326 1977 1507 2051 narratio·

335 2117 421 2171 nem
439 2104 475 2171 et
491 2097 576 2172 dicit
593 2097 639 2172 de
656 2098 783 2191 Dante,
801 2101 949 2169 taruco
967 2100 1050 2187 mio,
1068 2097 1159 2171 idest
1174 2097 1314 2171 amicus
1328 2087 1366 2188 (³)
1383 2118 1506 2191 verus,

334 2216 476 2290 amicus
503 2217 647 2290 virtutis
672 2224 709 2292 et
733 2216 902 2308 scientim,
920 2238 939 2287 e
960 2237 1029 2286 nort
1055 2219 1098 2288 de
1124 2220 1160 2287 to
1186 2204 1394 2309 ceonred),
1421 2215 1508 2310 quia

334 2356 408 2409 non
434 2341 600 2409 mutatur
619 2356 705 2409 cum
723 2335 881 2428 fortuna,
900 2355 967 2408 nnec
985 2335 1119 2408 recedit
1138 2334 1331 2409 recedente
1351 2335 1510 2429 fortuna,

332 2455 426 2528 sicut
451 2455 607 2529 hirundo
632 2455 847 2528 adveniente
873 2455 1016 2549 hyeme
1038 2454 1509 2545 Veldicas21'amtcomt'o,

336 2573 425 2648 idest
450 2575 592 2648 amicus
622 2573 765 2648 virtutis
790 2580 826 2648 et
852 2573 1023 2667 scientiae,
1054 2595 1073 2645 e
1102 2594 1173 2645 tum
1206 2576 1249 2646 de
1279 2577 1315 2647 to
1348 2581 1509 2664 venturo,

334 2692 425 2767 idest
450 2701 486 2768 et
512 2715 585 2767 non
610 2693 768 2767 fortunae
781 2684 832 2787 (⁶),
858 2693 1048 2786 felicitatis,
1073 2700 1110 2768 et
1136 2693 1330 2767 mundanae
1355 2714 1506 2789 prospe·

335 2813 473 2886 ritatis:
499 2834 586 2886 nam
600 2804 637 2904 (θ)
664 2813 712 2887 de
737 2814 789 2887 rei
820 2814 974 2888 veritate
1007 2813 1154 2886 fortuna
1189 2820 1268 2887 erat
1299 2813 1445 2887 inimica
1470 2821 1508 2889 et

334 2931 488 3006 adversa
514 2932 580 3025 ipsi
605 2933 725 3006 autori
751 2933 944 3027 sicutipse
970 2933 1124 3007 ostendit
1150 2933 1187 3005 in
1212 2933 1280 3006 isto
1307 2932 1419 3007 libro:
1444 2954 1511 3009 nec

337 3052 485 3143 mirum,
515 3051 602 3145 quia
629 3051 690 3124 uhi
715 3052 916 3145 plurimum
942 3053 988 3126 de
1014 3053 1160 3144 virtute,
1187 3053 1235 3125 ihi
1264 3053 1456 3126 minimum
1471 3041 1510 3145 (⁷)

336 3169 381 3244 de
407 3152 564 3262 fortuna,
592 3175 630 3241 ut
656 3169 741 3243 dicit
765 3169 1001 3263 Philosophus
1032 3170 1068 3241 in
1098 3191 1166 3243 suo
1196 3170 1315 3243 libello
1344 3174 1388 3243 dc
1418 3171 1511 3244 bono

333 3293 479 3382 fortuna
487 3315 503 3381 ;
516 3328 566 3342 -
578 3283 600 3361 e*
610 3291 773 3381 impedito
790 3311 833 3361 uc
849 3292 886 3361 tu
902 3292 1033 3362 diserta
1047 3292 1206 3381 ptcppiu,
1225 3289 1315 3364 idest
1333 3291 1369 3362 in
1388 3298 1512 3367 monto

337 3408 480 3481 virtutis
496 3406 652 3501 deserto,
680 3414 720 3480 ut
745 3408 883 3482 dictum
909 3415 964 3482 est
989 3409 1026 3480 in
1051 3409 1269 3502 praecedenti
1287 3410 1464 3504 capitulo,
1481 3404 1512 3485 st

336 3530 393 3600 net
416 3530 544 3618 camin,
571 3528 661 3602 idest
696 3534 838 3602 tantum
869 3528 906 3600 in
939 3528 997 3601 via
1028 3528 1184 3621 virtutis,
1217 3550 1330 3622 quam
1364 3531 1511 3605 intravit

336 3667 422 3722 cum
447 3667 560 3741 opere
584 3649 764 3741 inchoato,
781 3650 841 3720 che
862 3651 952 3720 cotto
972 3643 1008 3720 e‘e
1019 3670 1087 3740 per
1098 3670 1234 3740 paura,
1260 3649 1347 3743 quia
1372 3651 1506 3727 scilicet

336 3765 524 3841 revolutus
549 3775 603 3840 est
627 3767 673 3840 ad
699 3767 831 3841 vallem
859 3767 990 3872 timore
1022 3767 1129 3861 lupae,
1160 3775 1200 3840 ut
1215 3757 1252 3859 (Β)
1281 3768 1386 3862 plane
1411 3777 1508 3864 patet

337 3884 374 3959 in
402 3885 574 3980 predicto
602 3886 760 3980 capitulo
790 3886 918 3980 primo.
953 3886 996 3958 Et
1024 3886 1145 3960 subdit
1175 3887 1344 3961 Beatrin:
1375 3897 1511 3963 eterno

337 4006 396 4077 cle
420 4025 493 4078 troc
515 4009 570 4078 siu
593 3995 654 4097 pid
679 3998 709 4077 sl
732 4009 913 4096 amora-tto,
931 4006 1021 4079 idest
1040 4006 1238 4099 vilelactus,
1263 4010 1358 4081 ch'to
1383 4013 1432 4081 mi
1454 4013 1509 4083 siu

338 4127 434 4197 turdi
457 4128 496 4198 ct
517 4146 679 4198 roccorso
704 4128 832 4214 leuata,
858 4132 893 4200 et
920 4146 1006 4200 ecce
1026 4146 1143 4218 quare
1161 4127 1292 4200 merito
1310 4128 1425 4223 timet,
1440 4153 1510 4224 per

1405 4276 1502 4285 ...-

401 4344 429 4406 (“)
447 4344 476 4393 ll.
493 4358 508 4393 a
524 4344 550 4394 S.
568 4351 664 4409 meanto
674 4346 693 4393 't
709 4347 807 4395 mondo.

401 4420 429 4483 (¹)
444 4421 540 4483 Quem
556 4423 771 4485 intorpretatur»
791 4429 889 4473 mostra
910 4425 959 4473 cha
976 4424 1126 4474 &creduto
1147 4423 1211 4473 leste
1227 4426 1320 4474 mondo
1335 4439 1350 4474 e
1367 4440 1419 4475 non
1435 4434 1510 4483 noto.

340 4508 414 4545 come
429 4496 462 4546 ha
477 4497 496 4546 il
512 4502 601 4547 nostro
618 4503 692 4548 testo.

400 4571 426 4634 ζ’)
444 4578 498 4628 tto.
515 4575 614 4623 rmtcm
631 4575 741 4624 virtutls

400 4647 427 4709 (⁸)
442 4647 468 4698 S.
485 4662 500 4697 e
519 4654 570 4707 tlt,
588 4656 705 4707 matura,
723 4650 787 4699 idest
803 4655 829 4700 et
845 4665 896 4701 non
913 4650 1034 4711 fortunar,
1051 4652 1119 4716 qula.

401 4725 428 4786 (⁸)
446 4730 490 4775 tto
505 4737 521 4775 e
536 4724 563 4774 S.
581 4724 695 4775 fortuito
712 4725 850 4778 felicitatis.

402 4799 428 4859 (⁸)
444 4800 469 4850 S.
480 4814 539 4849 nam
550 4814 640 4851 revera
653 4800 758 4852 fortuna
767 4804 916 4854 inimicatur
925 4810 952 4853 et
963 4804 1114 4855 adversatur
1125 4806 1171 4869 ipsl
1183 4806 1269 4857 autori
1285 4805 1353 4856 slent
1367 4807 1422 4869 lpse
1433 4820 1509 4870 rope.

403 4875 430 4935 (¹)
449 4880 501 4936 tto,
519 4877 661 4926 modicum.
802 4878 830 4939 (⁸)
845 4878 872 4929 8.
891 4886 919 4930 ut
936 4882 1017 4942 putuit
1034 4882 1061 4930 ln
1078 4882 1232 4944 praetenti
1249 4880 1371 4945 capitulo.
1389 4880 1431 4931 ttn
