4154 6546
759 792 897 847 caurus
923 792 1066 846 rnruus.
1450 775 1497 844 ld

324 958 431 1034 saepe,
462 937 561 1031 quia,
594 942 637 1008 ut
672 936 749 1031 ipse
786 942 952 1030 testatur,
983 936 1153 1031 Virgilius
1184 935 1268 1010 lecit
1300 935 1367 1009 sibi
1397 935 1496 1008 viam

323 1059 370 1133 ad
393 1055 618 1152 poetandum
651 1060 689 1128 et
721 1054 1002 1129 describendum
1033 1055 1232 1129 lnlernum.
1261 1057 1406 1146 Nccqui.
1433 1054 1499 1128 llic

323 1177 494 1273 Virgilius
517 1174 689 1251 describit
712 1194 754 1249 se
781 1196 804 1248 a
829 1175 1006 1270 Principe,
1032 1176 1101 1248 suh
1131 1196 1206 1268 quo
1236 1182 1435 1269 natusest,
1461 1181 1498 1248 et

323 1317 388 1394 per
422 1315 651 1390 consequens
694 1315 717 1369 a
755 1301 946 1390 tempore3
986 1301 1023 1369 et
1052 1295 1137 1369 dicit
1170 1296 1268 1389 quod
1303 1303 1410 1369 natus
1443 1301 1498 1369 est

323 1416 393 1492 suh
427 1415 522 1490 lulio
556 1417 710 1490 Caesare.
742 1414 813 1489 Sed
849 1421 977 1489 contra
1006 1422 1117 1489 autor
1147 1415 1292 1490 videtur
1326 1436 1498 1511 expresse

323 1537 448 1611 dicere
475 1535 620 1630 laisum,
645 1535 731 1630 quia
761 1535 807 1609 de
836 1533 891 1608 rei
920 1533 1074 1609 veritate
1105 1534 1276 1631 Virgilius
1304 1544 1412 1609 natus
1442 1542 1498 1610 est

324 1676 461 1755 magno
486 1654 658 1751 Pompeio
684 1662 722 1730 et
746 1656 868 1728 Marco
894 1655 1024 1729 Crasso
1049 1654 1270 1749 consulibus,
1296 1676 1372 1748 quo
1403 1663 1497 1729 tcm-

324 1798 415 1873 pore
439 1777 559 1852 Caesar
584 1782 664 1852 erat
688 1775 863 1870 privatus,
889 1795 956 1849 nec
981 1773 1102 1848 adhuc
1126 1774 1248 1849 luerat
1273 1775 1411 1869 consul,
1429 1794 1497 1850 ne-

323 1898 413 1973 dum
439 1897 662 1992 imperator3
687 1901 829 1970 constat
853 1901 979 1969 autem
1005 1894 1103 1987 quod
1133 1894 1325 1988 descriptio
1353 1901 1497 1990 tempo-

323 2038 407 2091 rum
433 2017 543 2091 fiebat
568 2035 591 2089 a
616 2014 827 2089 consulibus
851 2020 938 2089 ante
959 2020 1126 2108 tempora
1147 2014 1423 2109 imperatorum.
1443 2014 1497 2089 dd

323 2139 393 2212 lroc
404 2136 579 2211 dixerunt
590 2135 704 2229 aliqui
720 2135 820 2229 quod
832 2134 944 2207 istum
961 2133 1101 2207 dictum
1119 2139 1175 2207 est
1191 2134 1335 2227 penitus
1352 2134 1497 2228 lalsum,

323 2262 360 2330 et
384 2255 485 2349 quod
509 2260 619 2329 autor
643 2275 712 2349 pro
736 2261 839 2329 certo
864 2246 1072 2347 erravit(¹);
1097 2253 1160 2327 sed
1182 2273 1252 2350 ego
1269 2256 1370 2328 nullo
1388 2255 1497 2328 modo

324 2374 455 2450 adduci
479 2394 631 2469 possum
657 2381 699 2447 ut
723 2373 950 2448 consentiam
976 2373 1075 2465 quod
1100 2372 1245 2467 Dentes,
1264 2374 1327 2467 qui
1354 2379 1496 2447 tantum

325 2494 448 2569 dilexit
461 2493 665 2589 Virgilium,
684 2499 721 2567 et
738 2499 814 2566 tam
830 2492 937 2587 plene
954 2492 1140 2586 intellexit,
1158 2499 1196 2566 et
1214 2498 1313 2566 tanto
1330 2499 1497 2587 tempore

324 2620 473 2688 secutus
485 2604 524 2705 (¹)
550 2619 606 2687 est
622 2632 723 2705 eum,
740 2610 965 2706 ignoraverit
980 2611 1068 2684 illud
1082 2601 1118 2703 (³)
1138 2611 1237 2704 quod
1254 2611 1364 2685 etiam
1390 2612 1495 2706 pueri

324 2733 452 2808 sciunt
482 2733 568 2807 ldeo
598 2739 653 2807 est
682 2731 944 2827 inspiciendum
974 2730 1033 2804 hic
1056 2730 1235 2804 subtiliter
1265 2731 1363 2824 quod
1387 2738 1498 2806 autor

325 2873 398 2928 uon
421 2853 507 2928 dicit
530 2853 599 2927 ista
624 2852 739 2925 verba
769 2857 960 2943 tamquam
991 2851 1079 2945 ipse,
1106 2849 1170 2924 sed
1194 2849 1279 2923 tacit
1303 2850 1495 2946 Virgilium

324 2976 464 3052 dicere:
482 2977 547 3071 qui
564 2975 734 3071 Virgilius
752 2974 891 3067 ubique
911 2973 1146 3048 commendat
1162 2973 1282 3067 ipsum
1299 2975 1496 3067 Caesarem,

325 3096 424 3171 unde
448 3097 568 3192 primo
592 3095 764 3169 AEneidos
787 3094 873 3168 dicit
897 3094 944 3168 de
968 3114 1037 3168 eo:

472 3263 642 3332 Nascetur
661 3261 790 3351 pulcra
820 3258 996 3347 trojanos
1021 3259 1156 3346 origine
1185 3261 1318 3348 Goesor,
1526 3356 1530 3369 ν

470 3382 658 3470 Impetum
688 3382 840 3467 Oceorw,
862 3381 1000 3469 somam
1024 3378 1083 3465 qui
1106 3378 1264 3448 terminet
1286 3378 1401 3449 astris.

323 3570 494 3646 Similiter
510 3570 548 3643 in
566 3569 660 3644 libro
676 3569 935 3644 Bucolicorum
952 3569 1118 3663 deplorat
1133 3569 1318 3665 indignam
1344 3570 1496 3645 Gaesaris

324 3698 500 3784 mortem,
543 3689 629 3783 quia
666 3689 794 3763 nititur
830 3689 1061 3783 complacere
1097 3691 1272 3784 Augusto.
1308 3689 1413 3763 Modo
1449 3690 1496 3764 ad

322 3811 561 3907 propositum,
587 3809 756 3906 Virgilius
785 3809 905 3903 potius
936 3809 1014 3882 vult
1043 3808 1280 3883 denominare
1314 3808 1494 3904 originem

323 3953 430 4007 nram
455 3952 478 4006 a
503 3931 648 4005 Caesare
678 3930 831 4024 privato,
857 3949 970 4023 quam
1000 3928 1048 4002 ab
1075 3928 1153 4001 aliis
1184 3927 1414 4022 consulibus3
1444 3928 1495 4003 sic

323 4072 414 4149 ergo
437 4052 533 4127 bene
557 4051 721 4124 salvatur
737 4049 833 4123 istud
853 4049 1004 4143 dictum,
1022 4051 1149 4144 ochci
1170 4049 1232 4121 ecl>
1250 4051 1355 4121 lulio.
1375 4048 1497 4144 Aliqui

323 4176 446 4247 tamen
470 4169 576 4244 aliter
600 4175 798 4264 exponunt,
817 4174 854 4242 et
870 4169 944 4242 sic:
970 4170 1097 4258 occqtn'
1111 4168 1174 4241 sot
1193 4171 1299 4259 lulio,
1317 4168 1409 4243 idest
1428 4169 1497 4245 llo-

323 4310 408 4365 rere
432 4290 551 4385 coepi3
576 4289 833 4383 quodfalsum
860 4295 927 4382 est,
954 4288 1128 4381 quoniam
1155 4288 1325 4384 Virgilius
1350 4297 1431 4364 erat
1458 4280 1494 4383 (⁸)

318 4409 466 4505 juvenis
487 4415 526 4484 et
542 4409 700 4505 ignotus,
719 4409 866 4503 quando
887 4409 1006 4503 primo
1023 4408 1123 4483 venit
1142 4409 1310 4503 Romam,
1329 4416 1367 4483 et
1387 4411 1497 4505 coepit

385 4657 415 4719 (¹)
432 4663 486 4719 llo,
502 4665 643 4711 cmrerat.

386 4735 412 4795 ι’)
428 4733 454 4785 S.
470 4746 485 4785 e
503 4738 557 4795 lle,
574 4739 708 4798 tantopere
724 4739 837 4785 secutus.

385 4811 412 4872 (·)
429 4812 459 4861 n
475 4824 545 4872 enm,
560 4816 587 4861 et
603 4812 670 4862 illud
687 4812 816 4874 precipue
831 4812 900 4876 quod
916 4813 991 4876 pueri
1005 4813 1097 4864 sciunt.

387 4886 415 4951 (·)
430 4887 463 4937 ll.
477 4892 533 4939 erat
545 4887 648 4951 iuvenis
663 4893 726 4939 tunc
741 4893 769 4938 ct
783 4889 895 4952 Ignotus.
