4154 6546
851 806 1003 861 caurus
1024 808 1204 873 ,ouanrus
1553 800 1620 865 119

451 962 535 1028 tem.
561 954 605 1026 Et
629 952 725 1026 bene
750 950 846 1044 dicit,
871 951 958 1044 quia
973 943 1009 1043 (⁴)
1037 952 1093 1024 isti
1111 952 1247 1048 habent
1267 952 1475 1026 mercedem
1503 974 1621 1047 suam,

447 1075 532 1168 quia
557 1071 744 1168 potissime
762 1071 929 1146 iecerunt
945 1091 1058 1165 opera
1075 1071 1235 1146 scientiae
1253 1078 1291 1146 et
1310 1071 1456 1146 virtutis
1472 1081 1620 1168 propter

447 1196 582 1269 lamam
609 1199 647 1267 et
671 1191 840 1289 gloriam,
857 1198 897 1266 et
913 1191 1011 1274 illam
1030 1194 1125 1267 bene
1143 1193 1289 1286 habent,
1307 1200 1349 1266 ut
1365 1200 1464 1287 patet
1480 1193 1527 1269 de
1544 1195 1620 1289 ipso
1685 1285 1688 1290 g

449 1313 606 1410 Virgilio,
624 1320 662 1387 et
685 1311 765 1385 aliis
784 1311 1013 1385 nominandis
1033 1312 1320 1385 nic-latomo.
1339 1312 1403 1386 llic
1427 1320 1537 1387 autor
1553 1335 1622 1387 vo-

449 1436 527 1508 lens
550 1433 742 1506 nominare
776 1431 979 1526 praecipuos
991 1423 1030 1521 (²)
1056 1438 1193 1525 poetas,
1219 1431 1321 1527 lingit
1351 1453 1463 1506 unam
1490 1454 1619 1509 vocem

452 1553 659 1627 venientem
689 1552 737 1625 ab
768 1552 836 1625 illis
861 1551 984 1625 dicere
1009 1551 1108 1644 quod
1134 1554 1314 1626 honorent
1343 1554 1533 1651 Virgilium
1559 1577 1621 1630 re-

449 1673 636 1747 deuntem.
662 1671 763 1746 Unde
787 1671 894 1745 dicit:
919 1674 1067 1760 intanto,
1085 1671 1187 1765 idest,
1206 1672 1363 1766 interim,
1381 1695 1463 1746 voce
1478 1679 1541 1768 suo
1553 1696 1622 1768 per

452 1793 637 1881 intendito,
663 1811 746 1884 quae
772 1796 854 1865 erat
887 1810 959 1864 vox
989 1790 1144 1864 alicuius
1178 1798 1307 1885 poete,
1338 1793 1402 1886 qui
1416 1783 1453 1884 (³)
1479 1794 1622 1869 dicebat

450 1915 620 1985 donorote
643 1914 666 1984 Ι
678 1913 846 1985 olaasimo
865 1917 985 2003 poeto,
1011 1910 1158 2004 scilicet,
1189 1911 1378 2008 Virgilium
1403 1914 1619 1988 altissimum

451 2039 643 2126 poetarum
669 2031 879 2125 latinorum,
905 2034 927 2104 l'
940 2031 1066 2104 umbro
1089 2052 1157 2104 suo
1181 2039 1299 2124 orno,
1320 2033 1455 2109 scilicet
1470 2036 1517 2110 ad
1543 2057 1620 2129 nos,

448 2154 576 2227 co'era
600 2153 782 2244 dipmlilm
808 2150 955 2244 scilicet,
981 2170 1065 2243 quae
1091 2158 1292 2225 recesserat
1321 2173 1343 2225 a
1369 2154 1450 2228 loeo
1479 2154 1559 2251 isto,
1576 2162 1622 2231 et

450 2272 566 2347 iverat
590 2271 637 2345 ad
662 2291 881 2345 succursum
904 2270 1028 2345 llantis
1044 2270 1091 2342 ad
1108 2290 1236 2363 preces
1260 2271 1444 2367 Beatricis‚
1467 2281 1508 2349 ut
1532 2276 1622 2350 scri-

449 2400 551 2487 ptum
579 2380 687 2483 estl‘)
712 2392 741 2464 ll
766 2391 936 2485 capitulo.
968 2391 1012 2463 Et
1046 2391 1104 2464 hic
1137 2398 1221 2465 nota
1256 2393 1355 2485 quod
1385 2401 1495 2469 autor
1528 2396 1622 2470 bene

450 2512 551 2610 fingit
567 2511 667 2605 quod
683 2511 743 2585 alii
761 2518 879 2605 poetae
897 2512 1173 2584 honoraverunt
1190 2510 1393 2608 Virgilium,
1406 2515 1493 2607 quia
1510 2515 1622 2590 debe-

450 2633 538 2707 bant
562 2631 628 2705 sibi
655 2632 835 2706 honorem
861 2636 900 2704 et
916 2629 1061 2703 laudem
1082 2635 1270 2724 tamquam
1288 2632 1424 2706 eximio
1440 2642 1558 2728 poeta
1571 2627 1621 2728 (⁵),

450 2774 473 2829 a
496 2773 572 2847 quo
599 2752 715 2825 multa
735 2757 959 2846 acceperunt
974 2756 1092 2844 poete
1108 2750 1234 2824 Latini.
1253 2753 1354 2827 Unde
1370 2753 1519 2829 Ovidius
1537 2755 1622 2829 dicit.
1775 2808 1777 2812 -

451 2873 487 2944 in
512 2870 867 2945 commendationem
885 2869 989 2944 eius:
1012 2872 1140 2942 Omma
1158 2873 1279 2944 dicim
1298 2877 1451 2947 conmoil
1465 2876 1622 2947 cornuin

453 2998 556 3064 maes.
581 2991 627 3063 Et
651 2989 822 3064 lloratius
845 2989 938 3062 libro
967 2989 1129 3063 Odarum
1163 2996 1270 3063 vocat
1300 2991 1489 3088 Virgilium
1515 2993 1622 3067 dimi-

451 3110 551 3184 dium
578 3109 713 3183 animat
737 3128 826 3183 suoe.
851 3108 936 3184 ldeo
962 3130 1033 3183 vox
1060 3109 1232 3203 praedicta
1261 3111 1378 3203 potuit
1402 3130 1482 3185 esse
1507 3112 1621 3186 Ovidii

453 3230 510 3305 rel
535 3229 684 3305 Horatii.
713 3231 883 3304 Lucanus
914 3230 1023 3304 etiam
1055 3227 1213 3324 plurima
1242 3229 1382 3324 accepit
1409 3250 1432 3303 a
1462 3231 1622 3327 Virgilio,

453 3357 493 3423 ut
518 3355 617 3444 patet
642 3348 1006 3446 intelligenti-Pol.
1038 3349 1101 3423 Hic
1126 3355 1236 3423 autor
1260 3348 1431 3424 describit
1462 3357 1622 3443 quatuor

451 3474 575 3563 poetas
591 3468 817 3571 principales,
837 3468 983 3543 dicens:
1004 3471 1075 3541 nidi
1091 3475 1231 3560 queldo
1245 3471 1513 3560 mondomdre,
1532 3471 1623 3557 idest

449 3591 591 3666 animas
618 3595 780 3683 quatuor
812 3608 1032 3685 magnorum
1063 3596 1282 3683 poetarum3
1315 3598 1353 3665 et
1383 3592 1545 3685 loquitur
1576 3593 1622 3666 dc

451 3709 702 3808 magnitudine
734 3707 913 3784 intensiva
935 3697 986 3802 (⁶),
1018 3729 1091 3782 non
1120 3711 1166 3783 de
1191 3711 1391 3806 extensira,
1417 3711 1552 3787 scilicet
1576 3713 1622 3785 dc

450 3830 699 3929 magnitudine
724 3829 870 3903 virtutis
895 3835 933 3903 et
957 3829 1127 3922 scientiae,
1154 3853 1227 3905 non
1251 3831 1297 3906 de
1314 3832 1506 3928 corporali,
1525 3836 1623 3906 oem'r

448 3974 473 4025 o
486 3955 569 4044 ¹noi,
594 3950 682 4044 quia
709 3948 904 4023 veniebant
928 3949 1074 4023 obviam
1102 3950 1262 4047 Virgilio,
1285 3953 1379 4027 sicut
1399 3963 1623 4048 preceperat

450 4094 520 4148 vox
546 4071 619 4164 illa,
640 4073 705 4163 poi
727 4072 787 4142 cde
811 4073 848 4142 lo
878 4090 973 4160 voce,
999 4090 1083 4163 quae
1109 4071 1228 4165 primo
1253 4073 1375 4145 locuta
1402 4073 1533 4168 iuerat,
1559 4076 1623 4168 lito

451 4195 576 4266 meato
592 4213 611 4264 e
627 4196 740 4282 paeto
757 4189 802 4262 llt
818 4189 935 4284 tangit
954 4197 1143 4283 aspectum
1162 4190 1326 4285 ipsorum
1344 4192 1489 4267 dicens:
1511 4214 1623 4267 aeeon

449 4299 702 4402 semdimml⁷l
726 4302 774 4382 ad
794 4312 895 4382 outo
920 4302 968 4381 od
987 4312 1078 4383 lietu.
1104 4311 1181 4384 Hoc
1198 4318 1316 4406 potest
1337 4312 1485 4408 intelligi
1504 4313 1623 4407 dupli-

450 4431 561 4507 citer:
578 4451 654 4505 uno
671 4430 793 4522 modo,
812 4429 911 4522 quod
928 4450 1002 4503 non
1020 4430 1204 4504 habehant
1216 4451 1317 4525 spem
1332 4452 1453 4524 neque
1470 4451 1622 4526 penam:

510 4631 539 4692 [Ἰ
555 4631 586 4683 11.
601 4631 671 4696 quod
687 4644 739 4681 non
756 4632 799 4680 isti
813 4630 919 4680 habent.
1013 4630 1040 4690 Ιζ’)
1058 4631 1088 4681 E.
1106 4633 1251 4694 precipuos
1267 4638 1412 4695 poetarum.

510 4706 537 4768 Η
553 4707 677 4760 111111
694 4720 760 4773 quo.
1014 4707 1040 4766 (⁶)
1056 4708 1082 4758 S.
1099 4708 1197 4759 dictum
1214 4715 1300 4760 est-
1311 4710 1342 4760 li.
1360 4710 1540 4774 prucrlplum
1556 4717 1605 4760 cal.

510 4783 538 4843 (⁰)
553 4783 586 4835 B.
600 4789 686 4848 poeto
700 4784 773 4835 ladul
790 4784 881 4835 nostrl
898 4784 1004 4835 Ovidius
1019 4785 1090 4836 dicit.

511 4858 539 4919 (Ἴ
555 4865 601 4912 111
616 4872 633 4912 ο
646 4859 675 4912 8.
690 4861 824 4922 intensiva,
841 4862 905 4911 idest
921 4861 953 4911 de
969 4862 1145 4925 magnitudine
1161 4863 1264 4915 rtrtutls
1277 4869 1306 4914 al
1320 4864 1435 4914 senno·
1451 4869 1502 4915 etc.
1595 4872 1621 4906 .·.:

511 4935 539 4997 l’l
556 4940 611 4999 111,
626 4936 773 4990 adim
788 4938 862 4999 flul,
878 4938 1035 5002 apparentia,
1051 4942 1084 4988 nt
1099 4941 1173 4991 trista
1189 4947 1239 4992 etr.
