4154 6546
457 758 528 826 344
854 767 1056 823 consanum
1083 769 1233 822 ruamur

454 915 518 991 sed
542 915 760 991 Gavalcaute
785 912 904 987 timuit
929 933 977 988 ue
1000 911 1096 988 iilius
1111 919 1208 989 esset
1224 918 1418 1008 mortuus,
1436 911 1518 987 ideo
1542 933 1626 987 sur·
1701 904 1705 910 ’

455 1036 549 1112 rexit
582 1035 704 1111 subito
737 1040 836 1109 totus
865 1033 1025 1128 territus,
1060 1040 1098 1109 et
1122 1033 1228 1110 dicit:
1264 1015 1451 1129 quomodo
1481 1033 1625 1141 dixisti3

455 1156 610 1232 babuit?
636 1177 708 1229 non
738 1157 803 1230 oto'
816 1157 885 1246 euti
909 1175 1059 1249 oucoro,
1083 1153 1257 1230 credebat
1285 1153 1400 1229 lilium
1426 1153 1564 1249 vivere,
1588 1161 1627 1229 et

456 1277 602 1353 vivebat
634 1276 681 1352 de
715 1275 769 1351 rei
800 1274 966 1370 veritate,
1000 1274 1085 1349 licet
1118 1273 1304 1350 modicum
1328 1280 1424 1350 esset
1449 1274 1626 1369 victurus,

456 1397 544 1494 quia
570 1402 741 1472 mortuus
765 1382 820 1471 est
836 1394 874 1469 in
889 1394 1093 1471 ooniiuibus
1108 1400 1258 1490 propter
1278 1394 1357 1469 illas
1376 1393 1625 1491 partialitates,

455 1540 527 1592 nou
548 1521 625 1612 scre
647 1520 699 1609 qu·
721 1518 817 1591 occini
838 1519 917 1590 suoi
939 1518 973 1589 ei
995 1517 1092 1589 duim
1115 1517 1228 1588 lunw?
1252 1514 1358 1610 quasi
1382 1513 1479 1590 dicat
1503 1535 1626 1617 nonne

456 1638 592 1712 fruitur
617 1637 695 1733 ipse
718 1636 816 1712 dulci
841 1635 914 1711 vita
943 1635 1145 1710 viventium
1176 1634 1223 1710 ad
1254 1624 1497 1732 differentiam
1530 1635 1627 1735 illius

456 1757 539 1832 vitm
565 1756 749 1832 infernalis
767 1748 805 1849 (¹)
821 1759 981 1831 amaraei
1006 1755 1049 1829 Et
1073 1754 1195 1830 subdit
1217 1759 1327 1829 autor
1352 1752 1451 1849 quod
1475 1753 1537 1830 ille
1559 1775 1622 1831 ce·

456 1876 541 1952 cidit
558 1897 605 1952 ex
622 1876 749 1952 dolore
768 1874 915 1972 quando
928 1874 1016 1950 vidit
1032 1875 1151 1971 ipsum
1170 1874 1316 1949 undare
1332 1874 1624 1972 responsionem3

455 1996 553 2072 unde
578 1995 686 2072 dicit:
712 2001 750 2071 et
773 1994 834 2070 ille
867 1994 1013 2090 spiritus
1043 1996 1189 2070 ricudde
1218 1997 1332 2088 supin,
1362 1994 1499 2071 seilicet
1528 1995 1624 2072 intra

453 2140 593 2213 arcam,
610 2119 753 2212 quondo
768 2119 933 2191 socorse
948 2119 983 2190 d'
995 2119 1123 2209 olcuuu
1147 2118 1301 2208 dintoro,
1326 2117 1376 2190 cb'
1388 2118 1545 2210 tir-socen
1567 2118 1625 2191 di-

454 2242 561 2315 nonct‘
584 2261 609 2314 a
633 2242 670 2314 la
694 2241 860 2333 rirpostu,
885 2237 990 2332 quasi
1005 2236 1126 2313 dicat:
1152 2236 1300 2333 quando
1325 2236 1496 2334 coguovit
1524 2236 1624 2332 quod

453 2382 525 2459 ego
551 2359 729 2436 faciebam
753 2359 951 2455 aliqualem
975 2378 1129 2454 pausam
1146 2363 1348 2453 antequam
1365 2356 1624 2452 responderem

452 2481 531 2575 sibi,
563 2503 582 2555 e
611 2475 672 2573 piri
708 2500 780 2552 nou
803 2500 920 2572 parve
945 2481 1054 2572 suna
1072 2469 1123 2573 (¹),
1155 2477 1243 2573 quia
1276 2497 1350 2552 nou
1381 2476 1510 2552 redivit
1542 2498 1625 2553 am-

453 2601 548 2698 plius
581 2621 667 2676 cum
693 2605 836 2694 autore,
861 2599 936 2674 imo
962 2598 1137 2674 remansit
1160 2619 1247 2674 cum
1273 2597 1400 2674 dolore
1429 2597 1524 2674 inter
1548 2598 1625 2694 epi-

452 2742 586 2798 cureos
610 2740 709 2815 suos,
727 2719 777 2795 ita
802 2718 901 2814 quod
916 2719 1037 2795 addita
1053 2710 1090 2812 (³)
1107 2725 1162 2794 est
1178 2718 1360 2794 afflictioni
1375 2718 1538 2814 afflictio;
1560 2719 1622 2795 sed

453 2842 588 2916 llautes
612 2861 686 2916 uon
713 2838 797 2915 iecit
821 2839 928 2914 istam
955 2837 1194 2914 tardationem
1214 2838 1262 2915 ad
1279 2838 1389 2914 istum
1415 2838 1540 2935 linem,
1558 2840 1623 2916 sed

452 2960 541 3056 quia
566 2960 774 3036 incurrerat
800 2980 911 3035 unam
936 2959 1211 3054 dubitationem,
1236 2958 1283 3035 de
1312 2981 1387 3055 qua
1417 2959 1560 3036 dicetur
1585 2960 1622 3035 in

450 3086 558 3177 parte
582 3079 760 3174 sequenti.

526 3205 589 3275 lla
613 3203 693 3292 quei
715 3202 817 3274 auro.
844 3199 915 3274 Ista
940 3206 995 3275 est
1020 3199 1127 3275 tertia
1152 3221 1237 3296 pars
1267 3199 1449 3297 generalis
1480 3200 1517 3275 in
1546 3222 1621 3296 qua

448 3326 558 3397 autor
584 3320 784 3395 revertitur
808 3319 855 3395 ad
880 3318 1076 3395 finiendam
1102 3321 1294 3395 materiam
1321 3342 1434 3414 quam
1460 3321 1621 3417 incoepe·

448 3445 507 3516 rat
538 3461 625 3516 cum
659 3440 779 3535 primo
811 3439 937 3535 spiritu
967 3439 1163 3534 Farinatae3
1189 3446 1227 3516 et
1255 3441 1375 3537 primo
1403 3441 1620 3518 continuans

448 3559 543 3636 dicta
558 3559 729 3661 dicendis,
754 3559 854 3635 dicit:
880 3559 940 3634 ille
964 3559 1182 3635 Cavalcante
1207 3561 1255 3635 ita
1280 3560 1409 3637 cecidit
1425 3548 1619 3657 alteratus,

449 3702 509 3756 mo
533 3683 613 3774 quel
626 3684 719 3755 altro
736 3683 974 3772 moqncuimo,
997 3679 1131 3756 scilicet
1148 3680 1329 3776 Farinata,
1347 3682 1394 3758 de
1416 3683 1522 3759 cuius
1538 3704 1620 3758 ma-

448 3800 692 3900 guanimitate
720 3799 833 3874 animi
866 3799 988 3874 statim
1021 3800 1174 3895 dicetur,
1206 3823 1231 3875 o
1268 3806 1323 3877 uri
1356 3810 1461 3895 posta
1496 3806 1621 3878 ristoto

449 3925 494 3997 m'
506 3942 583 4013 ero,
610 3919 701 3995 idest
724 3919 771 3995 ad
788 3919 895 3995 cuius
913 3920 1185 4014 requisitionem
1206 3922 1462 3997 astallaveram
1480 3943 1542 3998 me
1558 3922 1619 4018 ibi,

448 4042 595 4139 quaudo
626 4039 715 4116 dixit
739 4062 874 4136 supra:
895 4043 1061 4133 mucetum
1084 4045 1280 4117 directore
1303 4046 1341 4116 in
1365 4052 1482 4136 questo
1506 4048 1618 4138 iunco,

447 4185 519 4237 uon
543 4154 636 4237 mutd
653 4169 797 4255 aspecto,
823 4162 914 4237 idest
939 4183 1012 4238 uon
1038 4170 1201 4239 mutatus
1228 4165 1287 4239 vel
1305 4164 1473 4240 turbatus
1497 4165 1565 4239 luit
1581 4165 1618 4241 in

447 4283 549 4378 facie,
567 4283 650 4359 licet
666 4283 836 4359 dixissem
854 4283 921 4358 sibi
939 4303 1020 4358 rem
1038 4285 1341 4380 molestissimam,
1359 4286 1494 4361 scilicet
1519 4285 1618 4382 quod

445 4404 502 4478 sui
527 4403 700 4499 ghibelini
724 4402 870 4477 inerant
883 4392 920 4496 (⁴)
947 4403 1088 4499 expulsi
1112 4404 1191 4480 sine
1207 4406 1430 4502 reversione,
1446 4405 1492 4484 nd
1506 4429 1618 4483 messe

506 4673 534 4734 (¹)
551 4672 581 4722 E.
599 4671 774 4722 brumalium.

506 4748 533 4808 (Ι)
549 4747 580 4797 R
595 4748 681 4809 sm
697 4748 770 4812 Μ
786 4748 854 4800 ‘¹³⁰⁴‘
867 4762 920 4799 ¹¹⁰⁰
936 4749 1031 4800 '⁰²¹¹'st
1047 4748 1158 4812 millius
1173 4750 1205 4800 ad
1222 4728 1381 4815 loquendum
1397 4767 1458 4804 cum
1475 4759 1574 4807 anton.

508 4825 535 4960 t
551 4823 705 4949 stult
721 4830 760 4876 “²
776 4825 966 4877 ¹⁰¹¹⁰“⁰··¹‘”
982 4838 998 4876 ⁰
1014 4826 1040 4876 ⁸·
1056 4826 1142 4877 Μ·
1158 4832 1198 4878 “²
1213 4827 1319 4882 uuo
1334 4829 1438 4884 uo
