4154 6546
731 792 749 818 ⁸
780 819 917 874 cunnus
942 819 1097 876 neonus
1121 823 1286 889 oumrus.
1547 809 1617 878 503

447 980 621 1059 magnam
648 962 854 1059 opinionem
880 962 926 1037 de
952 983 991 1038 se
1016 964 1111 1058 ipso;
1133 984 1218 1039 nam
1238 985 1324 1038 cum
1342 971 1438 1039 esset
1461 984 1618 1061 magnus

446 1082 623 1176 notarius,
649 1089 687 1156 et
715 1082 954 1157 commisisset
984 1067 1111 1157 unum'
1133 1105 1290 1178 parvum
1323 1084 1448 1158 sallum
1480 1084 1518 1158 in
1550 1104 1618 1159 sua

447 1207 548 1275 certa
561 1201 741 1296 scriptura
758 1221 824 1296 per
844 1221 1025 1295 errorem,
1039 1203 1137 1297 quod
1147 1195 1184 1296 (⁴)
1203 1210 1346 1298 poterat
1362 1202 1518 1279 faciliter
1534 1224 1617 1279 oor-

447 1318 581 1417 rigere,
607 1320 722 1396 voluit
746 1320 867 1416 potius
891 1322 1057 1395 accusari
1083 1328 1121 1396 et
1138 1323 1305 1397 infamari
1322 1322 1369 1397 de
1385 1323 1486 1416 falso,
1505 1343 1618 1416 quam

447 1458 624 1515 revocare
661 1460 828 1515 errorem
866 1461 989 1535 suum,
1024 1461 1072 1515 ne
1103 1442 1289 1526 videretur
1323 1442 1518 1536 deliquisse
1552 1462 1619 1538 per

394 1641 397 1647 ,
446 1556 701 1656 ignorantiam.
728 1559 830 1634 Unde
854 1566 1003 1656 propter
1028 1561 1097 1636 hoc
1121 1562 1190 1635 luit
1213 1563 1363 1636 coactus
1381 1561 1556 1636 recedere
1573 1560 1619 1635 de

446 1677 641 1772 Florentia,
660 1684 697 1753 et
715 1678 843 1752 datum
862 1678 930 1752 luit
946 1678 1012 1752 sibi
1033 1679 1197 1754 bannum
1218 1680 1264 1754 de
1281 1681 1375 1777 igne.
1394 1680 1464 1754 Sed
1483 1680 1618 1776 ignem,

447 1818 560 1893 quem
586 1798 663 1893 ipse
688 1798 793 1871 vivus
819 1805 997 1892 evaserat,
1015 1806 1126 1873 autor
1150 1799 1212 1874 dat
1235 1799 1302 1872 sibi
1328 1806 1477 1873 mortuo
1494 1799 1531 1872 in
1548 1799 1618 1874 isto

448 1916 542 2010 loco,
568 1936 644 2011 quo
669 1917 786 2013 magis
811 1922 959 1991 notatur
989 1917 1150 2012 infamia,
1167 1919 1254 2013 quia
1274 1924 1428 1993 noverat
1452 1938 1539 1992 eum
1561 1916 1638 2011 in-⁴

446 2035 584 2110 lectum
617 2036 841 2131 turpitudine
871 2037 947 2113 ista.
980 2039 1084 2112 Nunc
1110 2038 1156 2113 ad
1182 2039 1350 2131 literam3
1375 2037 1460 2114 dicit
1484 2044 1616 2112 autor:

447 2175 518 2254 ego
543 2157 678 2231 Dentes
703 2149 774 2228 cosi
798 2159 1013 2247 odoccdioto,
1032 2156 1122 2231 idest
1140 2164 1215 2231 tam
1233 2158 1305 2232 lire
1330 2164 1513 2253 spectatus
1530 2176 1617 2230 cum

447 2277 567 2369 oculo,
593 2279 643 2348 do
667 2279 761 2348 colat
785 2277 973 2368 somiptto,
988 2276 1122 2351 scilicet
1154 2283 1228 2350 tam
1262 2277 1398 2370 inlami,
1430 2280 1485 2370 stoi
1511 2297 1619 2349 corro-

446 2394 553 2466 soem
578 2396 628 2465 do
652 2414 713 2484 on,
731 2381 822 2486 quia
836 2399 989 2467 noverat
1014 2414 1075 2468 me
1100 2395 1138 2468 in
1162 2395 1257 2490 vita3
1275 2396 1356 2471 ideo
1374 2395 1477 2470 dicit:
1496 2397 1555 2468 cite
1571 2398 1620 2468 mt

444 2533 547 2606 prese
565 2534 634 2605 per
651 2516 684 2585 to
703 2513 824 2603 tendo,
843 2512 934 2587 idest
951 2533 1017 2606 per
1034 2515 1305 2590 extremitatem
1332 2515 1502 2608 vestium,
1520 2513 1619 2609 quod

446 2632 516 2708 tuit
541 2633 686 2731 signum
712 2633 974 2728 familiaritatis,
995 2656 1015 2706 e
1037 2627 1161 2726 prtdd:
1178 2639 1263 2725 quot
1278 2638 1497 2726 merooiptia,
1514 2625 1618 2727 quasi

448 2753 544 2829 dicat
560 2752 728 2826 mirabile
754 2757 947 2849 magnum!
965 2753 1067 2828 Unde
1092 2764 1177 2830 nota
1204 2756 1302 2849 quod
1319 2755 1387 2830 iste
1408 2747 1630 2847 ammons?

448 2872 546 2947 ultra
570 2870 850 2946 admirationem
885 2873 1096 2968 generalem
1128 2894 1240 2966 quam
1275 2874 1459 2949 habebant
1489 2892 1619 2948 omnes

448 2988 495 3066 de
520 2991 675 3067 videndo
700 3011 788 3065 eum
805 2992 931 3066 vivum
949 2993 987 3066 in
1005 2993 1065 3065 tali
1083 2994 1163 3066 loco
1182 2993 1260 3067 sine
1276 3014 1396 3088 poene,
1417 2992 1527 3067 etiam
1546 2992 1618 3066 mi-

448 3106 601 3185 rabatur
626 3111 906 3207 particulariter,
933 3111 1019 3206 quia
1045 3111 1190 3185 videbat
1224 3132 1310 3186 eum
1342 3113 1536 3207 appulsum
1571 3113 1617 3187 ad

446 3234 585 3304 tantmn
611 3230 767 3326 gloriam
793 3229 892 3322 quod
918 3229 1072 3304 iaciebat
1085 3221 1122 3322 (²)
1140 3230 1176 3302 in
1202 3230 1276 3305 vita
1293 3229 1329 3303 in
1348 3230 1468 3305 medio
1485 3230 1617 3306 itinere

446 3348 531 3423 vite
556 3350 729 3424 humanae
756 3349 850 3423 istud
874 3349 1041 3424 mirabile
1062 3350 1131 3423 iter
1155 3369 1221 3445 per
1247 3348 1444 3444 infernum,
1462 3358 1499 3425 et
1520 3350 1615 3426 istud

447 3465 567 3542 nobile
592 3488 684 3563 opus
709 3488 775 3562 per
800 3468 899 3561 quod
925 3468 1114 3562 quaerebat
1130 3469 1272 3544 salvare
1289 3490 1329 3544 se
1347 3477 1384 3545 et
1401 3470 1501 3565 alios,
1519 3470 1639 3581 quodv

446 3607 520 3661 non
545 3592 626 3661 erat
650 3586 767 3661 simile
801 3609 870 3661 suo
900 3587 960 3662 vili
994 3589 1178 3663 thesauro.
1193 3595 1299 3663 —Et
1329 3595 1375 3663 io.
1411 3591 1476 3666 llic
1509 3597 1619 3664 autor

446 3707 602 3783 ostendit
628 3707 812 3801 quomodo
839 3727 946 3782 versa
971 3707 1051 3781 vice
1076 3708 1197 3784 statim
1225 3710 1481 3805 recognoverit
1497 3700 1533 3801 (³)
1560 3729 1619 3783 ser

447 3826 665 3901 anettum
699 3825 855 3899 miratus
889 3826 987 3920 quod
1003 3813 1039 3918 (⁸)
1070 3825 1211 3901 videret
1243 3847 1329 3901 eum
1360 3827 1398 3901 in
1430 3827 1491 3901 tali
1516 3828 1619 3923 loeo,

446 3945 547 4020 unde
571 3945 674 4019 dicit:
693 3952 727 4017 et
748 3948 784 4016 io
805 3947 909 4037 liccat
924 3945 1081 4034 toccltio,
1098 3944 1234 4019 scilieet
1252 3952 1294 4019 ut
1314 3964 1617 4042 recognoscerem

448 4083 535 4138 eum
552 4085 619 4156 per
636 4066 802 4156 cospetto
818 4071 926 4155 cocto,
944 4063 1078 4138 scilicet
1094 4064 1142 4139 ab
1160 4064 1243 4162 igne
1260 4065 1425 4160 cadente,
1444 4067 1574 4158 quoad
1587 4066 1621 4139 ei

447 4186 569 4258 distese
593 4187 620 4256 il
641 4204 705 4256 suo
731 4184 870 4256 drocone
896 4204 919 4255 o
945 4205 1011 4273 me,
1037 4183 1172 4260 scilicet
1199 4183 1245 4257 ad
1280 4185 1496 4280 capiendum
1525 4183 1618 4259 inle-

447 4303 583 4377 riorem
601 4311 744 4397 partem
762 4303 996 4399 guarnachiae
1009 4294 1046 4396 (⁵)
1062 4324 1167 4397 meae,
1186 4304 1273 4398 quia
1297 4324 1367 4400 ego
1392 4325 1495 4379 erem
1521 4306 1617 4380 altus

444 4411 485 4497 in
501 4444 649 4519 aggere,
668 4425 744 4518 ipse
765 4444 854 4499 vero
871 4426 999 4499 bassus
1016 4425 1053 4498 in
1073 4424 1214 4519 sabulo,
1234 4417 1340 4498 sicle
1355 4429 1381 4499 ’t
1393 4430 1469 4500 otto
1488 4428 1618 4501 obbru-

445 4547 536 4618 sioto
569 4566 641 4617 non
674 4547 805 4637 differe,
837 4545 928 4620 idest
959 4544 1083 4620 vultus
1117 4543 1260 4619 inustus
1274 4533 1311 4637 (θ)
1342 4566 1365 4620 a
1394 4545 1552 4620 dammis
1581 4553 1618 4621 et

508 4758 535 4819 (¹)
551 4758 576 4807 S.
593 4769 671 4822 quem
688 4764 787 4822 poterut
805 4759 924 4810 faciliter.
1111 4759 1139 4823 (’l
1155 4760 1187 4810 lt.
1204 4760 1313 4811 iaciebct
1327 4761 1354 4810 ln
1370 4761 1457 4813 medio
1473 4763 1574 4814 ltiuere.

508 4832 535 4894 (Ἴ
551 4834 582 4884 Ε.
598 4836 757 4898 recognovit.
768 4864 796 4890 ,-
807 4836 833 4887 S.
850 4838 1010 4901 cognoverit.
1113 4835 1140 4899 ζ’)
1157 4837 1189 4887 Ε.
1206 4837 1266 4901 qula
1282 4836 1375 4888 viderit
1391 4837 1485 4901 tunm,

508 4911 535 4972 l'l
554 4915 607 4972 ¹¹⁶,
624 4914 793 4976 gurmrccie.
1109 4912 1137 4976 (⁸)
1157 4914 1188 4964 lt.
1203 4919 1278 4966 mtm
1293 4928 1307 4964 r
1323 4914 1443 4966 dammis·
