3990 6540
738 783 878 840 caurus
903 784 1061 840 oncruus
1086 785 1230 839 ramus
1505 774 1575 842 375

407 936 498 1010 idest
522 933 683 1029 perfecte
700 938 843 1026 tractat,
865 936 896 1004 te
912 939 965 1004 tre
980 934 1205 1025 dtsposizioo,
1223 932 1359 1006 scilicet
1380 932 1476 1006 circa
1498 953 1579 1006 mo-

407 1077 477 1150 res,
502 1058 600 1128 cte't
622 1057 686 1128 ciet
704 1074 777 1126 non
799 1057 909 1143 oncle,
936 1073 1020 1146 quae
1046 1053 1181 1126 scilicet
1206 1052 1477 1127 contrariantur
1503 1053 1579 1127 vir-

407 1176 487 1270 tuti,
504 1182 542 1250 et
558 1194 624 1269 per
644 1193 873 1267 consequens
891 1174 1080 1248 ollendunt
1097 1175 1234 1266 Deum3
1253 1181 1290 1248 et
1307 1175 1470 1247 nominat
1488 1174 1578 1268 illas,

406 1297 553 1370 dicens:
578 1297 843 1383 incontioeocic,
869 1297 1009 1366 malicia
1039 1316 1058 1366 e
1088 1298 1125 1366 to
1155 1301 1264 1366 muta
1288 1286 1468 1385 bestialitd,
1495 1314 1578 1386 quae

405 1416 541 1490 scilicet
565 1416 724 1490 totaliter
750 1415 935 1489 hominem
962 1421 1213 1488 transnaturat
1237 1421 1275 1488 et
1299 1415 1383 1489 lacit
1409 1416 1577 1489 bestiam:

407 1543 445 1609 et
469 1555 591 1609 nonne
606 1527 643 1628 (¹)
670 1533 884 1627 recordaris,
910 1555 1007 1607 come
1030 1537 1284 1607 immitiorem
1316 1553 1395 1606 orco
1424 1538 1492 1608 Dio
1522 1539 1578 1629 os-

402 1660 519 1752 tende,
544 1656 802 1731 incontinentia
833 1655 932 1729 enim
965 1662 1140 1750 operatur
1170 1656 1373 1730 secundum
1405 1656 1579 1749 concupi-

406 1777 595 1870 scentiam,
621 1798 695 1850 non
720 1776 924 1850 secundum
951 1775 1191 1870 electionem
1226 1782 1311 1849 sunt
1336 1797 1497 1870 namque
1522 1776 1579 1849 in·

407 1897 633 1973 continentes
657 1896 816 1990 dispositi
834 1897 927 1970 sicut
948 1895 1182 1989 dormientes,
1200 1897 1259 1969 vel
1273 1888 1310 1987 (²)
1334 1896 1478 1990 ebriosi,
1498 1897 1578 1970 ideo

407 2022 491 2089 sunt
517 2015 634 2112 magis
658 2015 885 2110 corrigibiles
902 2022 938 2089 et
964 2016 1086 2088 minus
1111 2016 1229 2089 Deum
1250 2016 1458 2109 oflendunt,
1480 2017 1579 2090 unde

407 2135 665 2209 incontinentia
689 2135 834 2211 videtur
859 2155 939 2208 esse
964 2135 1109 2229 proprie
1134 2135 1232 2209 circa
1257 2135 1512 2212 delectationes
1528 2128 1578 2229 (³),

408 2265 444 2332 et
468 2259 564 2332 bene
588 2257 670 2331 ideo
695 2255 802 2331 dicit:
829 2278 848 2327 e
872 2276 951 2327 own
980 2257 1132 2328 maseato
1162 2264 1311 2347 occatur,
1337 2256 1428 2331 idest
1452 2264 1489 2331 et
1514 2277 1580 2351 per

409 2397 637 2471 consequens
663 2386 829 2451 meretur
856 2376 977 2448 minus
1001 2375 1159 2448 intamiae
1184 2365 1272 2468 etl⁴l
1290 2397 1418 2470 poenae,
1436 2384 1474 2451 et
1493 2398 1579 2471 pro-

410 2504 491 2592 pter
517 2496 696 2571 rationem
714 2495 935 2591 assignatam
953 2496 1136 2568 concludit
1153 2496 1341 2592 Virgilius:
1363 2518 1465 2593 ergo,
1486 2519 1524 2569 sc
1543 2504 1579 2570 tu

410 2619 574 2708 riquardi
597 2616 661 2687 den
686 2622 805 2705 questo
828 2618 1018 2705 sentencia,
1044 2615 1179 2690 scilicet
1194 2617 1405 2710 Aristotelis,
1424 2637 1507 2710 quae
1525 2623 1580 2690 est

410 2737 504 2811 bona
530 2741 568 2809 et
592 2753 693 2827 vera,
728 2756 746 2805 c
774 2736 894 2807 reclitt
922 2755 947 2806 a
980 2738 1017 2806 lo
1045 2743 1167 2827 ment,
1193 2736 1283 2812 idest
1308 2743 1345 2810 et
1370 2737 1399 2809 si
1426 2756 1579 2810 revocas

408 2856 472 2929 tibi
497 2854 543 2929 ad
568 2854 798 2947 memoriam,
825 2857 909 2946 quoi
931 2875 997 2927 coo
1022 2860 1099 2945 qm·
1122 2858 1182 2928 cte
1209 2864 1395 2948 sostcnqoo
1420 2858 1579 2949 peniten-

408 2978 480 3065 zr'a,
498 2973 590 3049 idest
609 2973 835 3048 inefficacem
862 2980 996 3068 tamem
1016 2975 1102 3067 quia
1132 2976 1217 3049 nihil
1244 2978 1491 3070 proiecturam
1513 2976 1576 3069 eis,

405 3095 504 3169 unde
520 3087 779 3188 poenitential⁵l
798 3095 945 3187 ponitur
970 3116 1037 3189 pro
1062 3117 1182 3190 poena,
1210 3103 1247 3170 et
1271 3097 1379 3170 dicit:
1397 3093 1526 3189 quaesti
1542 3099 1581 3170 di

404 3219 503 3308 strar,
520 3214 612 3287 idest
627 3220 732 3287 extra
750 3214 855 3287 istam
874 3214 1058 3290 civitatem
1078 3214 1114 3287 in
1132 3217 1213 3289 loco
1230 3216 1360 3309 altiori,
1381 3217 1468 3309 quia
1485 3235 1583 3291 sem-

408 3353 474 3428 per
498 3353 564 3429 per
589 3334 776 3408 lnlernum
803 3335 964 3408 tenditur
988 3335 1183 3409 deorsum:
1203 3344 1239 3409 tu
1255 3338 1380 3410 vedrai
1396 3337 1473 3428 ben,
1491 3337 1582 3411 idest

406 3454 559 3528 faciliter
581 3454 706 3528 videre
724 3456 870 3548 poteris,
888 3453 1016 3547 percha*
1035 3458 1115 3527 don
1133 3459 1290 3548 diportiti
1307 3460 1356 3530 da
1374 3463 1483 3548 questi
1494 3461 1580 3553 solli,

407 3573 499 3648 idest
523 3574 570 3647 ab
596 3573 671 3647 istis
697 3574 882 3647 malitiosis
907 3576 970 3668 qui
997 3575 1199 3668 puniuntur
1220 3575 1278 3650 hic
1298 3577 1403 3670 intra,
1424 3599 1443 3650 e
1453 3575 1584 3670 poelt

407 3697 444 3766 lo
473 3695 594 3766 dicim
628 3697 799 3784 cendato,
834 3694 925 3768 idest
939 3685 975 3787 (⁶)
1007 3695 1142 3768 iustitia
1176 3717 1253 3768 mco
1286 3701 1455 3789 nudato,
1488 3699 1580 3775 idest

408 3812 512 3906 irata,
529 3814 556 3886 a·
578 3817 741 3904 martelli,
758 3814 851 3888 idest
868 3821 1068 3888 tormentet
1084 3821 1121 3889 et
1137 3815 1293 3911 flagellet
1309 3837 1383 3891 eos.
1396 3824 1490 3891 -0
1506 3823 1576 3892 Sol.

408 3934 513 4006 Nunc
537 3941 647 4007 autor
673 3940 798 4008 movet
823 3935 1022 4009 secundam
1048 3936 1287 4027 questionem
1309 3938 1468 4034 Virgilio,
1495 3960 1578 4033 quae

409 4053 571 4126 nascitur
601 4074 647 4128 ex
680 4055 840 4148 quodam
871 4054 968 4129 dicto
993 4057 1161 4150 superius
1191 4057 1325 4151 posito3
1356 4066 1394 4132 et
1425 4061 1578 4152 quaestio
1662 4054 1672 4061 ’

408 4173 571 4248 breviter
595 4183 651 4248 est
676 4176 779 4248 talis:
806 4183 844 4248 tu
872 4176 1041 4269 superius
1067 4177 1216 4270 posuisti
1246 4180 1458 4253 usurarium
1483 4182 1578 4256 iuter

408 4292 632 4367 offendentes
657 4295 788 4387 Deum,
816 4315 888 4368 non
913 4296 1009 4369 boue
1033 4295 1139 4369 video
1165 4318 1294 4390 quare,
1320 4298 1407 4391 quia
1431 4300 1577 4374 videtur

407 4412 528 4508 potius
552 4412 674 4488 tacere
698 4421 827 4488 eontra
851 4414 1074 4509 proximum.
1102 4416 1173 4489 lsta
1197 4423 1323 4491 autem
1345 4420 1498 4511 quaestio
1525 4429 1579 4495 est

1338 4557 1500 4567 Ἥ..

467 4608 494 4665 t)
512 4606 542 4655 Ε.
559 4609 585 4655 et
602 4620 665 4655 num
682 4619 723 4657 nc.
1140 4606 1167 4670 (¹)
1183 4608 1209 4658 S.
1229 4610 1269 4658 rel
1285 4610 1413 4661 inebriosi·

469 4679 495 4742 β)
513 4681 543 4729 Ε.
559 4680 749 4745 delectationes,
767 4681 835 4733 unde
851 4682 920 4733 dicit.

469 4760 496 4815 (⁸)
516 4757 541 4806 S.
557 4761 585 4807 ot
599 4757 772 4820 culpa-B,
788 4764 815 4808 et
830 4770 913 4821 prm
929 4762 1037 4822 propter
1052 4759 1181 4810 rationem
1198 4761 1358 4824 assignatam,
1375 4768 1401 4812 et
1420 4763 1559 4815 concludit.

469 4834 496 4894 (Ἴ
513 4833 543 4883 E.
559 4833 628 4883 unde
644 4834 792 4896 ponitentis
808 4834 948 4898 imponitur
966 4849 1014 4898 pro
1032 4849 1115 4898 purus.

469 4909 497 4971 (⁸)
514 4909 544 4959 B.
560 4909 625 4962 idest
639 4909 725 4962 ἀνίοι
736 4911 845 4976 Μαι
