4154 6546
448 796 519 869 uid
840 805 1042 862 couturrruu
1067 806 1220 860 rurunru

448 953 582 1025 Dantes
608 950 755 1044 quando
780 950 955 1046 expulsus
980 955 1036 1025 est
1060 949 1106 1025 de
1130 948 1257 1044 patria,
1289 947 1384 1022 sicut
1409 949 1513 1043 plene
1538 950 1611 1024 iam

448 1069 568 1163 patuit
591 1090 703 1164 snpra
728 1069 885 1165 capitulo
911 1067 968 1163 vi,
993 1068 1130 1144 iecerat
1154 1067 1201 1142 de
1225 1086 1336 1163 opere
1369 1087 1437 1140 su0
1461 1068 1614 1142 sotium·

449 1186 558 1262 modo
595 1187 655 1261 vlt
691 1186 849 1282 capitula
896 1184 1147 1283 praecedentia.
1190 1186 1284 1260 Cum
1326 1191 1452 1259 autern
1482 1185 1559 1280 ipse
1577 1179 1613 1285 (ἦ)

451 1329 555 1383 more
579 1308 733 1382 exulum
757 1306 918 1381 incertus
943 1326 1022 1380 suae
1047 1306 1204 1383 iortunae
1228 1303 1395 1401 pluribus
1419 1304 1524 1378 annis
1550 1326 1616 1379 vu·

448 1448 519 1524 gus
544 1438 755 1504 moraretur
779 1445 868 1503 curn
891 1424 1043 1501 diversis
1062 1424 1228 1518 dominu,
1247 1423 1363 1501 uoluit
1387 1422 1508 1499 divina
1533 1446 1617 1521 pre

450 1546 606 1621 videntia
640 1545 740 1643 quod
771 1555 849 1622 tam
877 1545 1072 1649 egregium
1100 1566 1193 1645 opus
1223 1543 1451 1640 perderetur.
1482 1543 1617 1619 Accidit

449 1684 540 1760 ergo
569 1663 667 1757 quod
698 1684 785 1739 curn
817 1664 966 1757 quidam
997 1653 1249 1754 rimaretur&
1286 1663 1380 1738 inter
1413 1670 1564 1738 caeteras
1580 1654 1614 1754 (³1³

450 1784 646 1879 scripturas
671 1783 794 1858 Dentis
819 1784 857 1856 in
881 1782 1099 1877 quibusdam
1131 1782 1257 1857 cotinis
1285 1781 1435 1876 portatis
1466 1782 1513 1857 ad
1538 1784 1617 1857 inca

452 1922 568 1996 sacra,
585 1901 732 1994 quando
748 1901 860 1998 ignita
876 1889 911 1992 (⁸)
935 1900 1044 1976 turba
1070 1900 1186 1995 magis
1211 1900 1317 1974 avida
1343 1900 1487 1994 prendre,
1504 1921 1616 1997 quum

453 2023 556 2098 iustae
581 2020 758 2114 vindicte,
776 2025 995 2096 cucurrerat
1010 2018 1057 2093 nd
1073 2017 1227 2091 domum
1249 2018 1339 2111 eius,
1366 2018 1501 2111 reperit
1524 2019 1617 2093 dicta

454 2142 514 2213 vll
538 2141 715 2234 capitum
740 2140 878 2234 quinus
898 2159 985 2213 curn
1010 2137 1249 2213 admiratione
1269 2137 1371 2212 lectis
1388 2144 1424 2211 et
1439 2138 1618 2232 inspectis,

454 2262 634 2338 subtraxit
648 2260 828 2356 sagaciter
843 2258 889 2333 de
906 2259 986 2332 inco
1000 2257 1063 2331 ubi
1076 2262 1194 2350 erant,
1207 2265 1245 2332 et
1259 2256 1416 2350 portavit
1429 2254 1475 2329 ad
1489 2275 1621 2352 quem-

454 2380 540 2453 dam
564 2380 684 2454 civem
716 2378 864 2452 nomine
890 2376 1026 2451 Dinum
1060 2395 1106 2450 eo
1133 2382 1302 2469 ternpore
1331 2375 1512 2448 famosum
1544 2373 1621 2449 cie

454 2507 627 2589 quentem
654 2497 691 2569 in
715 2496 913 2588 Florentia3
939 2505 977 2572 et
1000 2494 1161 2571 breviter
1176 2484 1212 2585 (ἢ
1239 2492 1383 2589 cognitu
1399 2493 1621 2587 perfectione

454 2614 573 2708 operis
598 2615 801 2709 imperfecti
825 2614 1003 2689 miserunt
1028 2614 1095 2688 ista
1120 2613 1278 2707 capitula
1302 2612 1497 2686 Marchieni
1526 2612 1622 2687 Mar·

455 2733 547 2807 celio
576 2731 778 2826 Maleapinae
808 2753 894 2807 cum
925 2752 1000 2827 quo
1029 2740 1117 2806 tunc
1149 2733 1283 2806 nantes
1316 2737 1407 2806 erat.
1421 2731 1529 2818 ,Qum
1559 2732 1621 2806 iiie

454 2851 541 2925 satis
563 2850 767 2947 intelligens
801 2850 972 2926 dominus
1007 2851 1103 2926 bene
1140 2857 1263 2926 notata
1296 2849 1452 2925 ostendit
1464 2841 1503 2943 (θ)
1528 2849 1621 2926 iide-

457 2972 539 3045 liter
562 2969 667 3044 Danti
693 2990 840 3066 mgans,
866 2977 908 3044 ut
933 2991 1006 3045 non
1030 2970 1229 3045 dimitteret
1254 2971 1332 3044 sine
1357 2969 1430 3045 dne
1452 2990 1545 3065 opus
1562 2970 1621 3045 cui

455 3091 595 3166 fecerat
617 3097 695 3167 tarn
719 3090 836 3166 altum
862 3091 1090 3186 principium.
1116 3092 1252 3166 Dentes
1276 3111 1387 3186 opere
1403 3081 1492 3166 ‘vieo
1507 3093 1624 3167 fertur

456 3210 609 3285 dixisse:
636 3208 799 3284 redditus
821 3218 879 3286 ent
904 3211 994 3285 mihi
1017 3212 1203 3286 maximus
1234 3211 1340 3285 dabor
1369 3231 1456 3284 cum
1482 3211 1625 3286 honere

456 3336 644 3424 perpetuo.
670 3329 770 3425 Ergo
793 3327 873 3405 tato
893 3331 1040 3406 veiente
1064 3338 1102 3406 et
1126 3330 1333 3407 Marciione
1357 3331 1525 3425 instante,
1550 3351 1623 3406 non

457 3449 534 3522 sine
558 3466 696 3543 magno
719 3446 847 3522 labore
876 3457 1029 3525 cunutus
1058 3456 1113 3523 est
1143 3468 1334 3524 resumere
1364 3450 1475 3524 altam
1506 3450 1626 3525 ianta-

457 3567 549 3641 siam
573 3586 686 3660 qurum
716 3565 901 3661 emiserat,
927 3574 966 3642 et
989 3567 1137 3662 incoepit
1166 3567 1213 3642 de
1238 3588 1335 3643 novo
1358 3568 1560 3662 procedere
1587 3575 1624 3642 et

443 3685 674 3789 Lcontimrare
697 3685 891 3759 materiam
916 3683 1125 3761 inchoatam
1154 3685 1300 3761 dicens:
1333 3691 1375 3759 Ιο
1404 3688 1484 3759 ἀίω
1511 3690 1628 3780 myrri-

459 3807 580 3894 tando,
605 3801 698 3878 idem
720 3803 978 3897 prosequendo
1000 3803 1196 3879 materiam
1212 3805 1456 3880 internanarum
1475 3812 1625 3901 pmpter

458 3923 630 4016 exitium3
644 3921 709 3998 sed
723 3928 926 4017 antequam
942 3923 1098 3999 ulterius
1116 3924 1312 4019 proceda·
1326 3915 1377 4020 (⁷),
1398 3926 1522 4020 lector,
1539 3924 1626 4000 volo

460 4050 497 4115 te
521 4048 650 4116 notare
674 4040 772 4136 quod
797 4039 893 4115 istud
917 4041 1130 4138 capiminm,
1148 4043 1249 4137 quod
1274 4034 1545 4138 rmibusdami')
1569 4045 1625 4118 vi-

458 4159 567 4234 detur
591 4160 697 4236 tacito
721 4152 808 4254 etd)
831 4160 879 4236 de
903 4162 1058 4237 materie
1083 4162 1282 4256 cummuni,
1306 4170 1362 4238 est
1396 4163 1502 4239 vnide
1529 4162 1629 4239 nini-³

458 4279 527 4354 cite
550 4284 590 4354 et
612 4278 796 4374 pulcrum,
814 4280 852 4353 in
868 4299 945 4374 qun
969 4287 1081 4357 auter
1103 4281 1188 4356 iacit
1211 4302 1326 4358 noras
1350 4289 1388 4358 et
1411 4282 1624 4358 artificiosae

460 4397 632 4483 dctinncu
651 4397 777 4473 Primo
791 4418 885 4496 ergo
899 4397 1001 4495 tingit
1017 4398 1117 4493 qnod
1131 4398 1170 4472 in
1185 4400 1252 4474 iata
1268 4400 1362 4474 turri
1380 4400 1443 4476 dat
1459 4401 1627 4497 specuta-

518 4589 545 4724 t
561 4589 776 4726 recen
792 4604 867 4643 Μ
1048 4591 1076 4730 ri
1092 4570 1281 4732 runc·
1296 4671 1397 4736 n„
1412 4670 1497 4723 ..t

519 4739 905 4805 [immittentem-0.
1047 4743 1450 4807 diuma-M

520 4813 547 4874 ι’)
562 4813 588 4863 S·
604 4815 751 4878 emim·
767 4816 830 4879 wie
844 4822 874 4879 b
885 4820 961 4875 utra.
1045 4819 1072 4881 t‘t
1089 4820 1119 4871 R
1137 4820 1164 4870 ΙΙ·
1179 4822 1343 4886 «ΝΜ

520 4888 549 4950 P)
564 4889 596 4939 E.
612 4888 688 4941 facile
703 4890 736 4941 de
751 4892 867 4943 materia.
