4154 6546
451 767 522 834 551
846 779 1051 836 conruunt
1075 780 1227 835 rsuram

449 925 540 999 idest
565 945 678 1018 unam
704 925 872 1000 fraudem
902 926 1175 1021 particularem,
1206 927 1283 1001 sive
1316 945 1428 999 uuam
1460 926 1618 1022 speciem

451 1047 598 1140 fraudis,
616 1067 728 1139 quem
751 1046 980 1122 heneautor
999 1053 1236 1143 representat
1253 1041 1322 1122 sdh
1343 1046 1464 1141 specie
1487 1030 1618 1140 cordae,

449 1168 535 1261 quia
572 1167 682 1241 corda
709 1160 746 1258 (¹)
780 1174 834 1242 est
867 1168 968 1241 sortis
1007 1168 1189 1264 implicata
1221 1186 1267 1243 ex
1299 1167 1425 1240 multis
1461 1167 1539 1260 iilis,
1572 1167 1620 1241 ita

449 1287 550 1361 fraus
574 1308 621 1360 er
648 1287 772 1361 multis
785 1279 822 1379 (²)
850 1289 996 1362 malitiis
1013 1295 1051 1362 et
1076 1288 1234 1381 fallaciis,
1251 1290 1393 1360 intonso
1409 1291 1515 1378 data,
1533 1287 1620 1380 quia

450 1412 531 1480 erat
556 1406 731 1496 munitus¹
746 1415 784 1481 et
808 1414 974 1481 armatus
990 1398 1028 1499 (³)
1053 1407 1163 1482 oorda
1194 1407 1241 1482 ad
1271 1407 1468 1481 fallendum
1498 1413 1536 1481 et
1566 1408 1621 1480 la-

450 1527 661 1621 queandum
676 1527 776 1620 alios,
791 1527 872 1601 ideo
889 1517 1093 1620 habebatd)
1108 1528 1257 1602 cordam
1271 1528 1368 1602 circa
1385 1527 1542 1620 lumbos,
1556 1526 1619 1600 uhi

450 1647 549 1743 viget
565 1648 711 1721 luxuria
725 1639 763 1740 (⁵)
781 1647 956 1743 mulieris,
975 1648 1056 1723 ideo
1072 1648 1291 1723 benedicit:
1309 1669 1328 1720 e
1345 1651 1469 1740 petrei
1491 1651 1621 1720 numm

450 1774 545 1842 voltu
565 1772 723 1861 prender
747 1772 785 1841 lo
809 1772 930 1859 tonza,
955 1769 1046 1843 idest
1070 1770 1232 1863 aliquam
1258 1769 1452 1843 mulierem
1473 1788 1620 1863 vagam,

450 1891 628 1983 pulcram,
654 1909 679 1959 a
704 1891 740 1960 la
761 1890 851 1979 pelle
866 1891 1015 1980 diptota,
1037 1889 1123 1981 quia
1142 1889 1289 1963 luxuria
1307 1889 1465 1985 figurata
1482 1896 1537 1963 est
1553 1909 1620 1983 per

449 2008 606 2082 lonciam
634 2007 764 2101 pictam
783 2014 820 2080 et
841 2008 1018 2083 variatam
1037 2008 1075 2081 in
1092 2010 1197 2102 pelle,
1217 2009 1311 2082 sicut
1327 2008 1534 2103 plenissime
1555 2028 1622 2082 ex·

449 2127 553 2223 posui
580 2128 616 2200 in
642 2127 761 2222 primo
786 2126 963 2221 capitul03
988 2148 1055 2200 con
1080 2149 1170 2219 essu,
1196 2129 1288 2202 idest
1312 2149 1398 2202 cum
1416 2128 1492 2223 ipsa
1509 2128 1620 2202 corda

450 2247 686 2342 fraudisque
712 2248 823 2321 lromo
849 2247 960 2321 allicit
979 2258 1016 2324 et
1033 2248 1120 2322 lallit
1136 2250 1311 2324 mulieres
1328 2250 1496 2324 credulas
1513 2256 1551 2324 et
1566 2252 1660 2358 lay

448 2368 575 2442 selvas.
602 2368 646 2441 Et
671 2387 759 2441 ecce
788 2368 874 2461 quid
901 2368 970 2441 leci
995 2369 1041 2442 de
1066 2369 1188 2463 corda,
1214 2373 1355 2462 porstta
1385 2391 1410 2442 c
1434 2373 1494 2460 lui,
1529 2370 1621 2444 idest

450 2488 516 2582 ipsi
541 2487 702 2582 Virgilio,
727 2494 930 2578 uproppotc
946 2508 965 2559 e
981 2491 1123 2579 rivolta,
1149 2488 1239 2563 idest
1253 2480 1291 2580 (⁰)
1310 2490 1563 2585 conglobatam
1582 2497 1622 2564 et

451 2608 683 2681 recollectam
711 2608 746 2679 in
774 2627 903 2700 unum,
930 2613 968 2681 et
992 2609 1063 2681 lroc
1087 2616 1143 2682 est
1167 2609 1300 2702 dicere,
1327 2610 1425 2702 quod
1453 2609 1621 2703 patefecit

453 2728 585 2802 rationi
614 2727 650 2800 in
683 2727 750 2800 ista
779 2726 1014 2802 meditatione
1042 2748 1110 2801 sua
1123 2717 1161 2819 (⁷)
1194 2729 1361 2803 fraudem
1391 2730 1535 2823 plenam
1565 2730 1621 2803 la·

451 2848 591 2941 queolis
616 2849 776 2921 multum
804 2854 1044 2942 preparatam
1074 2849 1120 2922 ad
1150 2848 1371 2942 fallendum3
1398 2849 1480 2923 ideo
1510 2849 1619 2924 dicit:

447 2973 571 3063 possin
595 2972 655 3043 cte
680 2970 785 3042 debiti
809 2976 895 3041 tutta
918 2972 1039 3042 sciolto
1056 2972 1106 3042 du
1125 2991 1192 3060 me,
1213 2969 1304 3045 idest
1328 2976 1520 3064 postquam
1539 2992 1620 3045 ma-

449 3090 613 3165 nisestavi
632 3090 698 3164 sibi
717 3089 753 3161 in
772 3094 889 3161 totum
908 3088 1074 3162 fraudem
1094 3089 1181 3161 milri
1199 3089 1426 3182 familiarem,
1440 3082 1470 3162 si
1486 3111 1583 3163 conte
1598 3095 1623 3165 ’1

448 3214 552 3302 duca,
579 3211 715 3284 scilicet
740 3209 910 3304 Virgilius
934 3209 1053 3282 bonus
1078 3209 1154 3282 dux
1181 3210 1244 3302 qui
1270 3210 1492 3304 procurabat
1526 3232 1622 3304 quo·

450 3332 560 3407 modo
586 3338 707 3425 posset
732 3329 928 3403 traducere
953 3330 1064 3405 istum
1090 3349 1157 3424 per
1182 3330 1292 3403 istum
1318 3330 1554 3404 fortissimum
1584 3343 1622 3409 et

450 3451 797 3545 periculosissimum
816 3470 984 3544 passum:
1013 3456 1049 3523 et
1076 3450 1127 3523 sic
1152 3455 1237 3524 nota
1255 3452 1420 3544 pulcram
1438 3451 1620 3527 fictionem

450 3571 606 3645 autoris:
634 3569 756 3643 nullus
781 3575 836 3643 est
861 3569 959 3644 enim
978 3569 1109 3643 modus
1127 3568 1280 3643 habilior
1297 3570 1534 3666 investigandi
1557 3593 1624 3667 ge·

450 3693 593 3765 nerales
619 3689 767 3763 fraudes
793 3689 996 3782 hominum,
1023 3710 1135 3781 quam
1165 3690 1397 3764 considerare
1422 3692 1621 3786 propriam,

450 3819 491 3885 ut
515 3812 567 3885 sic
592 3832 614 3884 a
640 3810 715 3885 suis
741 3808 835 3882 vitiis
861 3809 973 3890 lromo
990 3808 1114 3882 veniat
1133 3808 1169 3880 in
1187 3810 1431 3904 cognitionem
1448 3812 1620 3904 aliorum,

450 3938 550 4006 etex
568 3928 853 4023 particularibus
878 3927 1001 4001 veniat
1016 3928 1063 4001 ad
1084 3928 1314 4003 universalia.
1328 3969 1378 3982 -
1395 3933 1484 4003 Orrd'
1497 3934 1537 4003 ei.
1556 3931 1621 4006 llic

449 4059 560 4128 autor
586 4049 742 4124 ostendit
768 4048 855 4142 quid
881 4048 1051 4143 Virgilius
1076 4049 1202 4123 lecerit
1226 4069 1312 4123 cum
1339 4050 1405 4125 ista
1427 4051 1550 4144 corda,
1567 4052 1624 4124 di-

448 4195 558 4249 cens:
585 4173 667 4245 ond
680 4174 724 4260 ci,
752 4169 842 4243 idest
868 4168 967 4242 unde
992 4168 1068 4263 ipse
1098 4169 1280 4265 Virgilius,
1311 4192 1348 4243 se
1378 4175 1472 4244 outre
1499 4175 1537 4243 io
1567 4176 1624 4246 sul

446 4297 563 4368 dasiro
588 4296 674 4381 loto,
699 4289 902 4366 eratenim
929 4288 965 4362 in
990 4288 1121 4363 dextro
1146 4311 1283 4386 aggere
1309 4292 1406 4386 ripae,
1432 4313 1451 4364 e
1475 4295 1513 4365 lu
1536 4286 1623 4383 potu

446 4417 546 4506 piano
576 4415 615 4485 in
643 4413 742 4503 pull
760 4412 854 4482 altro
883 4410 1043 4499 domam,
1074 4409 1167 4484 idest
1191 4411 1227 4485 in
1256 4412 1356 4486 aliud
1380 4412 1517 4488 lossum
1553 4413 1622 4487 ob-

509 4680 535 4740 (¹)
553 4682 605 4735 liu.
623 4677 701 4728 corda
718 4677 782 4741 ligat
797 4682 824 4728 et
838 4678 944 4742 stringit
959 4679 1026 4728 sicut
1042 4678 1129 4740 lrrus3
1146 4681 1225 4730 corda
1242 4687 1281 4731 est
1297 4681 1371 4731 fortis
1387 4686 1416 4732 et
1430 4681 1569 4744 lmpllcala.

509 4755 536 4816 (¹)
553 4754 578 4804 S.
595 4755 685 4804 mulus
702 4755 776 4814 viliis,
792 4755 904 4805 malitiis.
967 4753 994 4816 (Ἴ
1011 4754 1037 4805 S.
1054 4768 1069 4805 e
1087 4756 1116 4806 ll.
1133 4763 1294 4808 armaturea
1310 4758 1342 4808 ad
1359 4757 1501 4809 mlum

509 4829 536 4891 (¹)
553 4831 583 4881 R
600 4829 709 4881 habebat
725 4843 784 4882 mm
799 4831 877 4882 cuca.
964 4831 993 4896 (¹)
1008 4831 1040 4882 B.
1056 4832 1159 4883 lumi-in
1174 4835 1304 4898 precipue
1317 4835 1378 4895 rirl3
1395 4835 1453 4884 ldeo
1468 4834 1533 4885 hem
1548 4833 1617 4886 dlult

509 4905 537 4969 (⁸)
554 4906 585 4956 Ε.
602 4906 652 4957 hoe
667 4911 706 4956 est
721 4907 841 4970 aglolrrtr
857 4912 885 4958 et
902 4907 1021 4960 κιὼν
1036 4909 1064 4961 in
1078 4922 1170 4961 unum.
1340 4910 1368 4973 (Ἰ
1382 4912 1409 4962 8.
1424 4923 1507 4967 rum
