4154 6546
449 780 517 858 138
838 789 1041 847 musarum
1067 792 1220 847 mrannr

444 961 466 1014 a
492 941 636 1033 timore,
661 938 725 1013 sed
750 938 798 1011 ab
822 956 963 1029 amore,
991 943 1032 1010 ut
1052 937 1132 1030 jam
1157 935 1294 1010 dictum
1313 942 1379 1011 est
1396 937 1441 1011 Et
1456 939 1509 1013 sic
1534 937 1617 1015 vide

447 1060 633 1152 quomodo
655 1057 827 1154 Virgilius
843 1055 1039 1152 assignavit
1054 1047 1091 1148 (¹)
1109 1075 1261 1129 causam
1277 1054 1334 1129 sui
1351 1056 1525 1152 terroris3
1542 1078 1617 1135 neu

447 1200 537 1276 ergo
562 1184 708 1272 oportet
733 1177 920 1273 assignare
944 1177 1052 1251 aliam
1079 1196 1243 1270 causam,
1268 1176 1363 1252 sicut
1386 1177 1535 1270 quidam
1564 1178 1619 1255 ta·

446 1300 547 1374 ciunt
560 1291 598 1390 (²)
624 1298 780 1371 inaniter
796 1303 834 1371 et
850 1297 1037 1390 superllue
1053 1296 1213 1372 diceutes
1229 1296 1329 1390 quod
1345 1296 1516 1392 Virgilius
1534 1297 1618 1373 ideo

446 1419 573 1513 palluit
598 1417 684 1512 quia
709 1416 866 1491 debebat
891 1417 1029 1491 intrare
1054 1417 1134 1491 lnce
1155 1417 1293 1492 mortis.
1313 1417 1383 1491 Sed
1407 1423 1510 1492 certe
1534 1418 1618 1492 Vir-

446 1539 552 1633 gilius
577 1545 659 1613 erat
682 1536 809 1611 solitus
833 1537 1007 1611 eontinuo
1036 1556 1118 1610 esse
1146 1537 1242 1611 inter
1273 1543 1451 1630 mortuos,
1482 1538 1616 1632 etjam

446 1680 511 1753 per
537 1664 590 1732 tet
615 1657 738 1732 secula
763 1677 945 1730 annorum
972 1655 1092 1730 iuerat
1109 1656 1147 1729 in
1164 1656 1232 1731 iste
1249 1656 1399 1748 circulo,
1421 1675 1533 1750 quem
1551 1676 1619 1731 uo-

447 1779 540 1854 viter
561 1778 764 1851 intraturus
788 1782 877 1850 erat.
904 1776 979 1849 Nec
1001 1775 1099 1849 valet
1119 1775 1229 1849 etiam
1254 1776 1284 1848 si
1307 1776 1451 1850 dicatur
1467 1775 1566 1870 quod
1580 1765 1619 1868 (³)

448 1899 540 1973 ratio
565 1897 690 1971 Dantis
716 1893 897 1985 extimuit,
923 1893 1010 1986 quia
1035 1894 1114 1988 jam
1146 1894 1316 1988 Virgilius
1346 1895 1620 1971 confortaverat

446 2020 577 2114 iusum,
604 2022 645 2090 ut
677 2020 776 2110 patet
806 2015 844 2086 in
874 2013 1093 2107 praecedenti
1121 2013 1291 2107 capitulo,
1324 2014 1385 2088 ulti
1417 2014 1525 2089 dicit:
1550 2036 1616 2089 ron

446 2142 522 2211 lietu
549 2140 653 2227 volte,
678 2137 759 2208 mad
772 2137 807 2207 io
833 2136 881 2206 mi
905 2136 1089 2225 confortat.
1109 2133 1153 2206 Et
1168 2133 1352 2208 concludit
1378 2134 1548 2230 Virgilius
1563 2134 1621 2208 di-
1727 2144 1730 2150 ·

446 2278 552 2332 cens:
571 2259 752 2345 andland,
770 2253 862 2327 idest
878 2273 968 2349 erge
986 2253 1175 2346 vadamus,
1194 2273 1240 2327 ne
1253 2241 1291 2344 (⁸)
1309 2253 1507 2347 perdamus
1524 2262 1620 2329 tem-

448 2400 528 2472 pus,
554 2370 616 2450 ctd
638 2379 674 2449 la
700 2377 757 2447 via
783 2377 891 2463 lunga
907 2394 951 2446 ne
966 2376 1101 2463 sptnge,
1118 2372 1220 2465 idest,
1238 2372 1324 2464 quia
1342 2373 1450 2468 longa
1476 2380 1514 2447 et
1532 2393 1620 2468 pru—

450 2499 521 2570 lixa
537 2488 574 2586 (⁵)
594 2495 748 2569 materia
766 2500 874 2588 urget
892 2513 958 2567 nos
974 2500 1012 2566 et
1029 2492 1179 2586 impellit
1194 2492 1240 2566 ad
1258 2492 1513 2588 festinandum,
1530 2495 1619 2589 quia

447 2617 626 2690 habemus
655 2614 777 2689 iacere
811 2615 962 2708 longum
995 2620 1033 2686 et
1056 2633 1228 2706 asperum
1262 2614 1342 2688 iter.
1368 2615 1413 2688 Et
1436 2616 1537 2709 ponit
1564 2617 1619 2692 ei-

448 2738 583 2810 fectum
610 2734 810 2809 verborum
836 2734 981 2808 dicens:
1008 2725 1079 2805 cosi
1101 2737 1133 2806 st
1152 2737 1248 2823 mise,
1269 2734 1414 2828 seilicet,
1435 2742 1521 2812 aute
1545 2757 1619 2829 me,

448 2856 534 2948 quia
560 2875 621 2929 me
644 2853 828 2947 precessit
843 2843 892 2944 (ὃ),
918 2875 938 2924 e
960 2845 1045 2941 cosi,
1070 2852 1273 2926 secundum
1300 2855 1398 2947 quod
1424 2856 1500 2949 ipse
1525 2877 1621 2951 prae-

447 2976 590 3049 dixerat
615 2996 668 3046 me
690 2979 746 3068 see
768 2978 919 3065 intrare,
946 2973 1081 3047 scilicet
1097 2980 1179 3067 post
1198 2994 1249 3065 se,
1272 2979 1330 3048 uel
1346 2979 1466 3066 ptime
1484 2979 1620 3051 molto

447 3099 505 3167 cte
530 3097 680 3168 cadeso
704 3097 821 3186 cinge,
841 3095 943 3186 idest,
971 3095 1007 3167 in
1028 3094 1188 3188 primum
1206 3095 1386 3169 circulum
1404 3097 1467 3189 qui
1485 3097 1621 3173 claudit

448 3215 657 3306 lniernum;
692 3235 777 3287 nam
808 3214 857 3286 illi
891 3215 980 3289 viles
1009 3221 1048 3289 et
1078 3215 1209 3308 tristes,
1239 3215 1285 3289 de
1318 3217 1452 3309 quibus
1480 3218 1617 3292 dictum

447 3342 501 3409 est
518 3356 640 3429 supra,
658 3341 846 3429 ponuntur
872 3341 977 3409 extra
1005 3341 1123 3409 totum
1149 3336 1329 3409 circulum
1356 3339 1489 3412 lnierni
1513 3347 1618 3414 extra

449 3457 594 3528 ilumen.

524 3578 624 3663 octat
647 3578 806 3647 secondo.
826 3576 896 3647 lsta
922 3579 977 3646 est
997 3573 1157 3646 secunda
1176 3594 1261 3665 pars
1280 3577 1473 3668 generalis,
1490 3578 1619 3670 inqua

446 3701 556 3768 autor
581 3700 712 3767 tractat
732 3692 778 3767 de
795 3712 888 3786 pena
914 3692 1172 3777 damnatorum
1190 3691 1227 3764 in
1245 3693 1313 3766 hoc
1330 3694 1449 3786 primo
1469 3695 1619 3787 circulo,

447 3821 484 3887 et
508 3814 669 3889 breviter
696 3812 774 3885 vult
798 3811 921 3886 dicere
946 3810 1044 3903 quod
1063 3810 1119 3883 isti
1139 3811 1286 3904 proprie
1303 3833 1376 3886 non
1394 3814 1529 3889 habent
1553 3835 1619 3909 pe-

449 3956 546 4025 nam,
572 3932 635 4008 sed
660 3931 893 4006 desiderium.
910 3931 964 4004 Ad
982 3930 1088 4004 cuius
1108 3930 1383 4027 intelligentiam
1396 3921 1435 4024 (⁷)
1453 3941 1509 4008 est
1524 3954 1620 4027 prae-

448 4053 647 4128 notandum
665 4053 734 4146 hic,
753 4052 851 4146 quod
868 4051 1002 4145 duplex
1021 4057 1077 4125 est
1093 4071 1200 4145 pena,
1218 4051 1363 4145 seilicet,
1381 4072 1475 4146 pena
1491 4074 1619 4129 sensus

448 4182 484 4248 et
509 4194 602 4268 pena
627 4173 761 4247 damni.
788 4172 893 4246 Modo
917 4191 1011 4265 perra
1044 4191 1185 4266 sensus,
1210 4171 1301 4247 idest
1325 4173 1513 4267 sensibilis,
1546 4195 1619 4249 non

448 4301 501 4368 est
523 4294 599 4387 hie3
625 4293 688 4368 sed
706 4313 799 4387 pena
815 4291 939 4366 damni
957 4291 1019 4381 sic,
1037 4291 1123 4385 quia
1144 4297 1272 4366 carent
1288 4291 1427 4367 visione
1446 4292 1522 4368 Dei.
1543 4294 1621 4370 lluc

482 4448 495 4453 -
500 4448 595 4454 -.-—.
804 4444 1230 4452 --——.-———-—.
1513 4445 1618 4454 ..—

510 4534 535 4585 ³'l
553 4536 605 4588 tlt,
624 4531 713 4580 asserit
730 4532 805 4581 aliam
824 4544 927 4580 cauum
944 4530 1010 4579 sicut
1026 4530 1130 4592 quidam
1148 4528 1253 4579 iaciunt.

510 4605 535 4661 f't
551 4605 576 4653 S.
593 4605 690 4654 iaciunt
706 4606 883 4667 superdue-
893 4606 922 4654 lt.
935 4605 1039 4663 iaciunt,
1059 4606 1134 4654 inane
1150 4608 1176 4653 ct
1192 4605 1322 4666 superduc
1340 4605 1468 4654 direntes:
1486 4611 1547 4654 tnnc
1564 4608 1618 4654 ter-

450 4682 501 4726 ruit
516 4681 585 4742 quod
602 4681 693 4729 debeat
708 4682 814 4731 intrare.

511 4754 535 4812 ζ’)
553 4756 582 4802 Ε.
599 4756 667 4817 quod
685 4756 743 4805 ideo
760 4757 854 4805 Dentes
870 4757 996 4806 extimuit.
1204 4755 1230 4816 (¹)
1248 4761 1300 4815 tlt,
1319 4771 1375 4808 nec.

513 4831 536 4888 ³⁸)
554 4831 584 4879 Ε.
601 4831 700 4893 prolixa
718 4832 757 4880 via
774 4837 858 4895 urget.
1204 4832 1230 4892 (⁸)
1247 4832 1277 4882 B.
1296 4841 1469 4894 precesserat.

513 4910 537 4971 ς’)
554 4910 580 4959 S.
597 4910 753 4960 evidentiam
769 4915 807 4960 ost
826 4912 1012 4973 praestandum
1031 4911 1081 4959 liic.
