4154 6546
855 824 994 884 caurus
1019 813 1201 883 serimus.
1490 872 1500 882 .
1548 822 1614 887 171

448 974 606 1067 tomum,
624 973 710 1067 quia
727 972 778 1048 ita
794 973 967 1049 obseurat
983 973 1169 1049 homiuem
1188 968 1332 1068 quod(¹)
1351 973 1437 1048 nihil
1455 976 1619 1069 predari

447 1093 542 1187 iacit,
568 1093 645 1167 imo
669 1099 811 1169 marcet
826 1094 924 1189 turpi
940 1093 1032 1168 ocio.
1052 1094 1096 1167 Et
1111 1092 1200 1188 quia
1217 1092 1268 1167 sic
1281 1085 1320 1185 (¹)
1338 1093 1467 1167 tristati
1490 1114 1619 1168 sumus

445 1213 481 1287 iu
511 1214 597 1289 tuce
627 1232 771 1308 serena,
802 1213 884 1289 ideo
915 1214 1011 1290 bene
1040 1230 1140 1288 nuuc
1174 1213 1363 1288 tristamur
1395 1213 1433 1287 iu
1468 1215 1618 1291 tenebra

447 1333 615 1407 obseura.
641 1332 726 1407 ideo
750 1330 857 1408 dicit:
889 1336 943 1408 Or
965 1335 999 1406 oi
1021 1334 1184 1406 mmm
1206 1333 1300 1405 raetia
1329 1332 1464 1405 moero
1490 1327 1627 1425 repre]

448 1453 540 1526 idest
563 1451 601 1525 iu
626 1451 694 1525 ista
719 1451 852 1546 palude
878 1452 1065 1527 nebulosa.
1092 1454 1235 1524 Betietto
1260 1451 1358 1526 enim
1389 1458 1445 1525 est
1472 1452 1619 1548 proprie

447 1571 535 1645 iilud
552 1569 730 1665 liquidum
748 1570 932 1645 lubricum
950 1571 1049 1665 quod
1066 1577 1234 1645 remanet
1250 1570 1286 1643 in
1303 1569 1496 1665 superficie
1509 1577 1619 1645 terra»

448 1689 594 1785 quando
622 1688 806 1763 modicum
832 1690 948 1784 pluvit
962 1681 1012 1785 (⁸),
1039 1690 1116 1764 sive
1141 1689 1240 1783 quod
1259 1690 1397 1764 flumen
1418 1691 1565 1785 reliquit
1580 1680 1615 1782 (⁴3

449 1818 555 1885 entra
585 1810 746 1902 alveum,
776 1816 814 1883 et
845 1816 899 1883 est
930 1810 1085 1905 vulgare
1118 1809 1363 1903 florentinum,
1396 1817 1433 1883 et
1463 1810 1546 1884 alibi
1581 1812 1615 1882 in

449 1931 579 2005 Tuscia
604 1929 735 2004 dicitur
765 1934 891 2003 ntetma
915 1937 953 2004 et
977 1933 1160 2021 melereto,
1190 1931 1294 2023 quasi
1325 1930 1443 2006 dicat:
1474 1951 1619 2026 semper

450 2051 585 2125 inimus
611 2050 731 2125 tristes
757 2049 794 2123 in
818 2049 892 2123 vita
918 2057 955 2124 et
979 2069 1125 2144 semper
1150 2069 1280 2123 sumus
1293 2041 1330 2143 (⁵)
1351 2057 1431 2145 post
1449 2057 1623 2155 mortem-7

448 2172 492 2246 m
516 2170 637 2246 subdit
665 2176 775 2245 autor
809 2169 959 2244 modum
996 2169 1303 2265 pronunciationis
1334 2170 1501 2264 istorum,
1533 2171 1619 2265 quia

452 2292 661 2387 imperfecte
686 2292 900 2384 loquuntur,
918 2289 1063 2363 dicens:
1090 2296 1209 2380 questo
1227 2291 1311 2361 inno
1336 2292 1368 2362 si
1390 2292 1617 2381 perpupliom

449 2411 540 2487 idest
562 2410 809 2508 gurguiiando
834 2410 982 2484 dicunt:
1008 2411 1100 2481 neila
1124 2416 1283 2500 strozzo,
1309 2408 1400 2482 idest
1426 2409 1520 2483 intra
1549 2431 1619 2505 gu-

450 2531 591 2604 iamEt
616 2530 674 2603 hic
700 2537 785 2604 nota
811 2528 909 2623 quod
936 2530 1095 2624 hymnus
1120 2535 1175 2602 est
1196 2530 1275 2602 iaus
1292 2528 1368 2602 Deo
1385 2528 1517 2622 dehita,
1535 2549 1618 2622 quae

449 2656 617 2725 cantatur
648 2649 686 2722 in
718 2649 895 2742 ecelesiis;
921 2653 959 2723 et
983 2647 1064 2723 ideo
1089 2655 1199 2722 autor
1229 2649 1323 2723 bene
1352 2648 1414 2722 dat
1437 2649 1616 2744 hymnum

448 2769 535 2863 istis,
545 2768 632 2862 quia
645 2768 863 2863 sacerdotes,
877 2789 1037 2862 quorum
1053 2776 1108 2843 est
1120 2775 1270 2843 cantare
1281 2769 1448 2865 hymnos,
1459 2768 1619 2842 maxime

452 2887 620 2960 laborant
644 2886 737 2961 vicio
761 2886 907 2961 acridiae
932 2895 970 2962 et
994 2887 1179 2981 asinitatis,
1205 2887 1304 2962 uude
1333 2889 1423 2961 taies
1453 2886 1619 2961 accidiosi

449 3026 546 3101 saepe
570 3006 660 3080 dum
685 3013 822 3080 canunt
847 3005 1010 3080 divinum
1037 3007 1200 3082 officium
1217 3008 1278 3080 vix
1296 3013 1448 3102 possunt
1463 3006 1565 3079 labra
1581 2997 1616 3097 (⁶i

449 3145 612 3219 movere,
638 3131 676 3199 et
699 3124 789 3198 dum
814 3125 938 3199 dicunt
963 3127 1113 3223 pigriter
1128 3115 1165 3219 (⁷)
1196 3134 1233 3200 et
1264 3125 1373 3200 tacito
1399 3144 1616 3197 murmure:

450 3249 597 3320 Domine
621 3245 716 3318 lodie
739 3266 817 3318 meo
841 3250 989 3339 operies,
1010 3253 1150 3341 ponunt
1174 3267 1213 3320 se
1238 3245 1284 3319 ad
1304 3244 1517 3337 sedendum,
1538 3242 1619 3315 ideo

449 3368 544 3442 bene
567 3364 666 3440 addit
680 3353 715 3457 (⁸)
743 3384 893 3440 causam
921 3366 1001 3441 talis
1025 3365 1305 3463 gurguiiationis
1325 3365 1467 3439 dicens:
1485 3365 1545 3436 cire
1561 3364 1619 3435 dir

449 3489 511 3559 not
528 3506 673 3579 possen,
699 3485 834 3560 scilicet
859 3485 1073 3580 praedictum
1100 3489 1280 3584 hymnum
1311 3507 1377 3559 con
1402 3487 1537 3577 peroio
1565 3486 1619 3555 in·

449 3620 559 3699 repro,
585 3605 672 3700 quia
697 3626 794 3701 saepe
812 3626 886 3680 non
903 3606 1116 3701 exprimunt
1136 3607 1249 3681 verba
1265 3599 1300 3699 (⁹)
1320 3607 1547 3701 psalmorum
1565 3605 1619 3677 in·

447 3732 560 3822 tegre,
579 3725 655 3797 imo
679 3718 1037 3820 ‹rigionum-cosi.
1065 3726 1131 3800 Hic
1155 3733 1265 3801 autor
1288 3726 1419 3800 ultimo
1436 3723 1619 3801 concludit

449 3844 637 3939 imponens
663 3841 773 3917 duem
800 3841 905 3917 dicte
930 3845 1108 3940 materiae,
1129 3852 1167 3921 et
1187 3846 1354 3941 aperiens
1379 3845 1476 3919 viam
1502 3844 1549 3919 ad
1565 3834 1614 3934 (¹⁰7

448 3962 582 4037 sutura.
608 3961 711 4036 Unde
737 3961 845 4035 dicit:
863 3954 934 4034 cosi
952 3965 1261 4059 praenotasse,
1279 3964 1340 4059 ita,
1362 3962 1456 4041 sicut
1479 3963 1616 4039 dictum

451 4088 516 4176 est,
541 4079 789 4175 circuivimus,
816 4083 957 4172 pronde
984 4105 1086 4176 orco,
1115 4084 1206 4158 idest
1235 4105 1413 4182 maguum
1438 4082 1616 4157 circulum

452 4199 510 4273 vei
536 4198 670 4296 girum,
694 4200 738 4272 de
763 4202 799 4272 lo
824 4201 930 4273 tordo
959 4223 1093 4295 ponzo,
1126 4202 1218 4277 idest
1250 4202 1390 4298 paludis
1424 4203 1539 4296 turpis
1573 4222 1617 4274 ex

452 4318 530 4393 luto
555 4324 593 4393 et
617 4318 759 4415 tentore,
785 4327 843 4393 tro
869 4323 905 4393 lo
931 4325 1013 4414 ripa
1039 4344 1138 4396 sacco
1163 4327 1227 4396 e’t
1249 4343 1382 4414 aterno,
1409 4322 1499 4396 idest
1525 4321 1619 4394 inter

510 4555 536 4618 (¹)
554 4560 608 4615 tte,
625 4555 670 4619 qui
686 4557 760 4608 nihil.
1027 4561 1054 4664 (ἰ)
1072 4567 1125 4619 tto,
1142 4562 1210 4648 sieut
1225 4561 1326 4648 tristati.

507 4629 537 4769 11))
551 4631 793 4772 111,111111ι11ωρ111
810 4715 932 4771 mortem,
949 4716 976 4762 et
992 4640 1099 4774 1111111111
1103 4635 1276 4761 ⁰liguresh'iffuei'utt
1287 4722 1335 4760 nos
1349 4709 1449 4770 tristes:
1466 4713 1493 4759 et
1509 4705 1593 4757 subdit

507 4780 533 4841 (⁸)
551 4786 597 4834 tre
612 4795 628 4832 e
644 4783 675 4834 E.
692 4785 767 4837 111111.
1025 4789 1052 4850 (¹)
1069 4790 1096 4839 S.
1112 4790 1193 4854 pigre.

508 4857 534 4918 i‘i
550 4859 577 4911 S·
592 4859 662 4911 ditii-
1028 4866 1054 4929 (1)
1071 4865 1097 4918 S.
1113 4865 1190 4918 verbo
1206 4866 1305 4931 integra
1321 4864 1365 4915 sed
1381 4862 1536 4929 deglutiunt.

498 4934 536 4996 (¹⁸)
551 4939 606 4997 111,
621 4935 654 4987 sd
670 4935 795 4989 tutorem.
