4154 6546
681 800 819 857 caurus
845 800 1168 857 nemausenses.
1431 788 1501 855 tm

334 951 424 1025 dixit
452 947 544 1024 iacie
574 949 760 1021 flammata
789 946 948 1022 rubore:
978 947 1056 1042 Ego
1085 945 1215 1020 inciam
1251 944 1348 1040 pingi
1377 933 1516 1039 talem,

333 1071 432 1165 quod
458 1076 526 1144 nec
550 1088 627 1161 vos,
653 1087 722 1142 nec
737 1060 775 1159 (¹)
799 1067 893 1141 alius
917 1067 1051 1163 poterit
1080 1060 1340 1141 rationabiliter
1368 1065 1503 1160 dicere,

334 1190 432 1286 quod
452 1209 657 1283 numquam
675 1178 917 1283 viderim‚'vel
932 1180 969 1279 (²)
990 1188 1155 1262 noverim
1173 1188 1299 1282 ipsam.
1319 1187 1363 1258 Et
1379 1187 1427 1260 ab
1443 1187 1503 1259 illa

333 1313 392 1386 die
417 1313 453 1384 in
479 1317 588 1386 antea
613 1316 723 1382 tantae
749 1309 817 1382 luit
841 1308 985 1382 virtutis
1002 1318 1040 1384 et
1055 1307 1224 1383 efficaciae
1242 1308 1398 1383 verbum
1415 1305 1505 1379 Gui-

335 1432 483 1528 glielmi,
510 1431 609 1526 quod
634 1437 759 1525 postea
784 1430 853 1503 luit
869 1430 1052 1505 liberalior
1068 1440 1107 1505 et
1121 1423 1315 1525 gratiosior
1327 1418 1365 1520 (³)
1385 1426 1506 1503 omni·

336 1555 415 1627 bus.
443 1553 522 1628 Non
547 1561 672 1629 tamen
697 1550 837 1645 credas,
862 1550 961 1644 quod
990 1551 1106 1625 lactus
1131 1551 1176 1624 sit
1200 1549 1384 1645 prodigus,
1410 1548 1505 1622 sicut

336 1682 462 1771 postea
487 1673 555 1749 luit
579 1673 749 1747 dominus
773 1672 926 1746 Carolus
950 1670 1125 1746 Grimaldi
1145 1670 1318 1745 dedomo
1343 1690 1423 1763 sua,
1440 1667 1505 1762 qui

339 1796 455 1871 lactus
478 1793 672 1888 arcipirata
697 1791 978 1887 valentissimus,
1002 1791 1100 1887 apud
1117 1791 1283 1865 mirabile
1308 1790 1504 1865 Castellum

337 1914 477 1990 Monaci
491 1913 684 1990 infestabat
694 1932 824 1987 omnes
841 1914 1052 2009 navigantes
1068 1933 1135 2008 per
1151 1932 1256 1987 mare
1271 1911 1412 2005 Leonis,
1430 1911 1506 1985 tor·

335 2035 493 2110 midatus
510 2034 621 2108 etiam
638 2054 661 2106 a
677 2034 821 2128 magnis
838 2033 1069 2128 principibus,
1085 2033 1222 2107 nedum
1240 2032 1388 2128 privatis
1405 2051 1506 2106 mer-

335 2157 528 2234 catoribus.
554 2154 606 2227 dd
632 2154 859 2250 propositum
883 2174 974 2249 ergo
998 2153 1091 2248 vide,
1117 2160 1254 2247 quanta
1279 2163 1360 2230 arte
1388 2152 1506 2228 utitur

337 2279 395 2351 lric
421 2286 542 2367 autor,
568 2274 630 2367 qui
657 2273 769 2369 lingit,
800 2274 900 2366 quod
928 2273 1085 2347 lacobus
1115 2273 1339 2349 Rusticutius
1371 2272 1506 2367 allegat

337 2397 599 2493 Guiglielmum
623 2393 850 2487 Burserium,
876 2391 941 2487 qui
964 2392 1061 2466 dolet
1077 2392 1124 2467 de
1139 2391 1344 2468 curialitate
1362 2389 1504 2487 perdita

336 2518 373 2591 in
399 2516 516 2612 patria
541 2536 620 2609 sua,
646 2514 733 2609 quia
753 2514 829 2609 ipse
846 2523 926 2590 erat
942 2513 1101 2609 optimus
1112 2514 1228 2609 judex
1246 2514 1282 2586 in
1301 2513 1362 2589 tali
1379 2532 1503 2607 causa,

337 2643 374 2712 et
398 2637 493 2711 bene
518 2641 672 2710 noverat
696 2633 940 2708 curialitatem
965 2640 1002 2708 ct
1027 2634 1184 2708 curiales
1209 2654 1287 2707 suae
1309 2633 1448 2729 patriae,
1462 2639 1504 2707 et

336 2746 453 2848 luit(⁸)
480 2756 632 2831 insertus
657 2755 769 2829 hostis
787 2755 960 2848 avaritiae,
988 2754 1036 2828 ita
1062 2755 1161 2849 quod
1186 2753 1222 2827 in
1248 2754 1366 2829 aliena
1391 2759 1504 2848 terra,

337 2877 399 2950 ubi
425 2876 627 2970 plurimum
647 2881 766 2971 potest
784 2875 948 2967 avaritia,
966 2874 1181 2948 mirabiliter
1197 2874 1337 2970 expulit
1356 2895 1439 2949 eam
1457 2872 1524 2987 de,

336 3002 484 3090 pectore
501 2993 668 3087 hominis,
686 2995 722 3067 in
740 3014 815 3088 quo
832 2992 1024 3068 videbatur
1040 2995 1184 3090 penitus
1201 2993 1380 3069 indurata.
1398 2996 1504 3069 Nunc

336 3115 382 3190 ad
407 3116 551 3189 literam
576 3114 662 3190 dicit
686 3114 920 3207 Rusticutius,
938 3112 1122 3188 adducens
1137 3133 1287 3189 causam
1314 3134 1433 3208 quare
1452 3114 1504 3187 sic
1559 3138 1563 3146 ·

336 3235 524 3331 petiverat,
551 3237 623 3326 cle,
647 3232 740 3308 idest
763 3233 864 3328 quia,
893 3237 1083 3325 Guglt'clmo
1108 3236 1266 3307 Borsim'
1295 3236 1328 3305 el
1356 3235 1442 3326 gual
1467 3255 1505 3308 se

335 3359 415 3429 dole
438 3377 504 3428 corr
528 3358 601 3446 noi,
627 3352 718 3428 idest
743 3354 806 3448 qui
831 3353 982 3450 punitur
1007 3354 1136 3429 eadem
1162 3373 1270 3449 poena
1302 3354 1502 3428 nobiscum.

335 3476 378 3548 Et
404 3476 461 3549 iric
487 3474 569 3549 vide
594 3475 692 3569 quod
716 3481 827 3548 autor
851 3495 917 3570 per
943 3475 1094 3548 modum
1121 3475 1322 3552 incidentiae
1340 3475 1505 3550 nominat

337 3617 454 3670 unum
481 3596 595 3669 alium
622 3595 798 3670 loedatum
825 3595 954 3670 eadem
980 3596 1099 3689 culpa,
1125 3605 1162 3672 et
1183 3596 1267 3671 lacit
1283 3597 1502 3670 memoriam

334 3717 381 3792 de
397 3717 546 3791 homine
571 3716 658 3811 quia
673 3709 709 3808 (⁵)
737 3716 804 3790 luit
821 3716 946 3791 valens
962 3715 1121 3809 curialis,
1139 3722 1176 3790 et
1191 3715 1298 3790 dicit:
1312 3739 1381 3808 per
1393 3738 1503 3810 poco,-

336 3837 393 3910 lric
418 3836 544 3910 dicunt
566 3836 691 3930 aliqui,
717 3837 815 3930 quod
841 3856 972 3931 parum
991 3836 1170 3931 peccavit3
1187 3835 1283 3910 istud
1307 3857 1381 3910 non
1402 3835 1503 3910 vide-

335 3963 397 4029 tur
422 3978 567 4051 verum,
589 3958 675 4051 quia
692 3963 748 4031 est
772 3957 818 4032 de
843 3977 957 4055 grege
983 3957 1149 4051 istorum,
1166 3956 1228 4050 qui
1246 3956 1396 4052 gravius
1413 3955 1503 4030 deli·

336 4083 499 4170 querunt
517 4096 629 4171 quam
649 4077 769 4172 primi,
782 4077 828 4152 de
841 4078 975 4171 quibus
991 4078 1128 4152 dictum
1150 4082 1205 4151 est
1224 4077 1261 4149 in
1281 4076 1502 4171 precedenti

335 4196 506 4291 capitulo,
532 4196 614 4270 ideo
639 4196 761 4269 dicas:
783 4218 850 4289 per
868 4218 974 4289 poco,
1000 4196 1091 4271 idest
1120 4217 1185 4291 per
1218 4216 1375 4290 parrum
1405 4202 1502 4271 tem·

334 4338 414 4412 pus,
428 4315 514 4410 quia
532 4315 675 4392 noviter
694 4322 865 4390 mortuus
881 4321 980 4409 erat3
999 4327 1037 4392 et
1053 4316 1119 4389 ista
1137 4322 1192 4390 est
1208 4315 1358 4391 intentio
1375 4316 1502 4412 litera,

334 4437 419 4531 quia
446 4457 544 4510 nova
570 4437 729 4512 recentia
755 4443 964 4532 portaverat
978 4427 1016 4530 (⁸)
1041 4436 1139 4529 istis3
1166 4456 1252 4510 nam
1279 4435 1440 4512 damnati
1466 4437 1503 4512 in

335 4557 477 4630 inferno
504 4558 670 4631 nesciunt
694 4579 778 4652 quae
803 4557 892 4636 liant
905 4547 942 4650 (⁷)
969 4555 1160 4652 praesentia
1191 4556 1227 4630 in
1258 4557 1408 4653 mundo,
1434 4557 1503 4632 nisi

392 4768 421 4833 (¹)
436 4770 463 4822 S.
479 4784 528 4822 nee
543 4773 635 4837 aliquis
646 4773 720 4825 aliur.
850 4772 877 4835 Ρ)
895 4773 925 4824 lt
941 4784 1026 4836 neque
1041 4774 1168 4823 mrerlm.

393 4847 420 4909 (‘)
436 4848 467 4899 ll.
484 4850 589 4912 gratior.
851 4849 878 4913 (¹)
894 4850 924 4899 li.
940 4849 990 4899 lnlt
1004 4849 1065 4899 ulls
1080 4849 1196 4902 inlotus.

392 4923 536 4990 crssqur.
854 4925 1096 4992 waltpert-nra
1274 4928 1374 4995 citra,
1391 4929 1465 4983 auc
