4154 6546
629 781 766 838 cunnus
791 783 947 839 nmmos
970 783 1153 838 summus.
1378 767 1473 855 ,559

304 929 389 1004 dem
420 926 578 1002 habebat
609 927 753 1001 vultum
787 927 943 1002 hominis
976 928 1190 1024 benignum,
1216 933 1254 1002 et
1289 926 1474 1020 reliquum

305 1070 438 1144 corpus
463 1047 639 1144 serpentis
671 1055 804 1143 praeter
829 1049 998 1142 caudam,
1034 1069 1117 1142 quae
1146 1055 1227 1122 erat
1258 1047 1474 1143 scorpionis,

305 1175 342 1243 et
367 1169 569 1264 appellatur
594 1168 642 1241 ab
668 1167 744 1262 ipso
760 1168 895 1243 Gerion
920 1169 1015 1243 sicut
1039 1176 1076 1243 et
1100 1169 1147 1242 ab
1172 1168 1251 1243 aliis
1274 1168 1400 1262 poetis.
1420 1165 1474 1240 Ad

306 1288 411 1362 cuius
442 1287 590 1381 quidem
623 1287 709 1360 ierae
738 1287 904 1362 notitiam
930 1294 985 1363 est
1011 1288 1213 1382 sciendum,
1243 1287 1342 1382 quod
1369 1286 1476 1360 iabu-

307 1410 384 1483 lose
408 1408 592 1501 loquendo
616 1407 750 1492 Geriou
768 1408 835 1481 suit
856 1429 922 1483 rex
943 1407 1122 1503 Hispaniae
1147 1408 1285 1483 habens
1306 1407 1376 1481 tria
1392 1426 1476 1480 cor-

307 1550 398 1625 pora
423 1535 460 1603 et
484 1528 534 1602 ita
560 1535 634 1602 tres
658 1528 811 1622 animas,
837 1549 950 1623 quem
976 1550 1134 1624 maguus
1158 1528 1333 1602 Hercules
1351 1525 1476 1622 praelio

308 1650 393 1725 vicit
416 1655 454 1724 et
479 1647 634 1745 privavit
659 1648 787 1744 triplici
817 1648 903 1742 vita,
935 1655 972 1723 et
1004 1649 1170 1744 spoliavit
1186 1640 1224 1741 (¹)
1256 1669 1389 1744 magno
1415 1668 1478 1721 ar-

309 1776 444 1845 mento.
478 1769 655 1845 Historice
685 1791 774 1845 vero
810 1770 1005 1864 loquendo,
1040 1770 1134 1844 sicut
1165 1770 1288 1844 scribit
1314 1770 1477 1844 lustinus

308 1892 401 1967 libro
432 1890 572 1984 ultimo,
603 1890 754 1965 suerunt
788 1896 863 1966 tres
896 1890 1028 1965 iratres
1060 1897 1170 1965 tantae
1204 1890 1406 1965 concordiae
1441 1897 1479 1964 et

310 2011 569 2104 unanimitatis,
596 2016 638 2083 ut
663 2011 876 2086 viderentur
900 2032 981 2086 esse
1005 2034 1080 2086 una
1094 2002 1132 2103 (²)
1158 2010 1282 2085 anima
1307 2011 1344 2083 iu
1361 2011 1478 2084 tribus

309 2132 535 2227 corporibus,
560 2131 674 2206 etsie
700 2132 913 2207 viderentur
930 2123 968 2224 (³)
987 2153 1085 2205 unus
1111 2152 1176 2206 rex
1202 2152 1276 2206 non
1301 2139 1386 2205 tres.
1405 2131 1479 2204 Ro-

308 2252 453 2327 dericus
478 2257 605 2325 autem
630 2250 922 2346 archiepiscopus
937 2239 974 2343 (⁴)
1001 2253 1182 2326 toletanus
1208 2251 1244 2324 in
1275 2271 1343 2323 sua
1368 2252 1478 2325 chro-

309 2372 391 2447 nica
421 2370 468 2445 de
499 2371 610 2466 gestis
639 2370 818 2465 Hispaniae
845 2370 942 2465 dicit,
968 2370 1068 2464 quod
1092 2370 1242 2460 Gerion
1258 2369 1384 2443 habuit
1408 2369 1478 2443 tria

309 2511 425 2586 regna
442 2490 480 2563 in
496 2489 676 2585 Hispania,
701 2490 836 2564 scilicet
864 2490 1101 2585 Lusitaniam,
1126 2491 1321 2566 Galieciam
1339 2482 1389 2585 (⁵),
1408 2490 1478 2564 Be-

310 2610 457 2685 thicam.
490 2609 558 2683 Alii
597 2617 721 2684 tamen
752 2610 888 2704 dicunt,
920 2611 1054 2706 quibus
1085 2611 1202 2707 magis
1231 2611 1353 2705 credo,
1378 2609 1478 2705 quod

309 2730 444 2804 Gerion
469 2729 585 2807 tenuit
609 2729 647 2802 iu
670 2730 840 2826 Hispania
868 2732 935 2807 tria
961 2753 1085 2827 regua,
1103 2732 1239 2807 scilicet
1262 2732 1354 2805 duas
1378 2731 1480 2805 insu-

311 2852 363 2924 las
388 2851 565 2944 baleares,
590 2850 727 2926 scilicet
750 2852 958 2950 Maioricam
985 2859 1022 2927 et
1041 2852 1264 2945 Minoricam,
1285 2872 1369 2945 quae
1393 2858 1480 2926 sunt

312 2970 407 3043 inter
432 2969 639 3064 Hispaniam
661 2976 699 3044 et
722 2971 895 3065 Africam,
919 2971 1092 3047 distantes
1117 2973 1211 3047 inter
1236 2992 1277 3047 se
1296 2972 1389 3047 sorte
1413 2993 1480 3067 per

311 3112 334 3165 n
365 3089 552 3186 miHiaria;
580 3091 697 3168 tenuit
720 3101 758 3167 et
787 3091 1001 3185 Valentiam,
1028 3113 1111 3186 quae
1143 3092 1211 3165 suit
1235 3103 1344 3188 caput
1368 3092 1480 3168 unius

313 3211 419 3307 regni
455 3211 644 3306 Hispaniae.
680 3212 856 3288 Hercules
890 3219 1029 3306 autem,
1062 3213 1125 3306 qui
1163 3213 1304 3308 primus
1341 3213 1483 3288 domuit

313 3331 534 3426 Hispaniam,
561 3332 710 3408 veniens
734 3354 801 3428 per
827 3353 931 3408 marc
955 3333 1002 3406 ab
1027 3333 1169 3407 oriente
1190 3333 1228 3406 in
1244 3332 1483 3429 occidentem,

311 3451 430 3546 primo
455 3451 650 3527 Geriouem
675 3453 842 3547 spoliarit
868 3453 984 3527 tribus
1009 3453 1132 3550 regnis
1157 3460 1194 3527 et
1225 3453 1310 3548 vita,
1336 3462 1484 3550 propter

311 3592 396 3664 quae
421 3572 490 3646 tria
508 3594 623 3668 regna
644 3573 844 3649 vocabatur
864 3562 901 3665 (Β)
919 3573 1054 3648 Gerion
1072 3573 1307 3670 tergeminus.
1326 3574 1380 3647 Ad
1397 3595 1483 3669 pro-

311 3693 468 3788 positum
501 3714 592 3790 ergo
616 3700 726 3768 autor
751 3715 817 3789 per
841 3694 1049 3787 Gerionem,
1075 3693 1138 3787 qui
1164 3693 1296 3768 dicitur
1321 3693 1432 3768 fuisse
1444 3684 1483 3787 (⁷)

312 3814 417 3889 valde
442 3814 708 3907 fraudulentus,
737 3813 934 3911 allegorice
966 3813 1103 3909 figurat
1126 3812 1230 3887 nobis
1255 3812 1481 3909 ingenerati

312 3935 440 4010 vitium
467 3933 675 4009 universale
700 3934 848 4028 fraudis,
869 3955 953 4027 quae
970 3933 1118 4027 quidem
1136 3940 1192 4008 est
1216 3933 1361 4028 tripic13
1380 3954 1484 4028 quae-

310 4054 398 4128 dam
422 4053 521 4128 enim
546 4053 786 4127 committitur
803 4054 931 4147 verbo,
949 4053 1118 4147 quaedam
1137 4053 1285 4148 reipsa,
1310 4053 1481 4147 quaedam

314 4174 419 4248 iacto.
438 4173 522 4247 ldeo
539 4172 658 4267 primo
674 4172 738 4246 dat
749 4172 896 4247 Gerioni
913 4172 1045 4248 taciem
1058 4174 1271 4268 humanam,
1285 4194 1351 4270 per
1366 4194 1480 4267 quam

307 4294 429 4390 tangit
453 4293 610 4390 primam
636 4293 795 4389 speciem
820 4293 969 4386 fraudis,
987 4315 1071 4387 quae
1089 4294 1329 4369 committitur
1354 4295 1480 4389 verbo,

313 4413 400 4507 quia
425 4413 526 4508 ioqui
550 4421 607 4488 est
630 4412 820 4509 proprium
847 4412 1015 4508 hominis,
1041 4420 1079 4489 et
1103 4414 1169 4490 ista
1187 4414 1289 4489 iraus
1313 4414 1484 4490 commit·

376 4673 405 4739 (¹)
421 4676 451 4726 E.
468 4676 586 4740 spoliarit
601 4678 680 4729 ctiam
695 4690 798 4742 magno.
921 4677 949 4737 (Ἴ
965 4681 1020 4739 tto,
1037 4691 1116 4728 unam
1132 4678 1245 4728 unimam
1261 4677 1353 4730 trum

377 4753 403 4816 (H
421 4758 475 4815 tto,
492 4754 631 4806 rideretur.
922 4755 948 4815 (⁸)
964 4756 989 4806 S.
1005 4756 1141 4819 opiscopus
1157 4755 1312 4806 totenham.

376 4829 403 4893 (¹)
419 4830 450 4881 E.
468 4830 586 4881 Grlitiun
601 4837 628 4883 ct
644 4831 786 4885 Betbicnm
924 4829 952 4895 θ)
968 4832 999 4882 E.
1019 4836 1127 4884 vocatur
1142 4832 1190 4884 iste
1205 4832 1301 4884 Gerion
1316 4832 1477 4898 trigeminos.

377 4903 405 4969 s»)
420 4907 446 4958 S.
463 4907 541 4959 titisse
558 4909 749 4964 uruuuteutm.
