4154 6546
372 849 376 856 ·
451 812 518 877 160
826 814 1044 873 ἘΟΜΕΝΤΠΜ
1068 819 1219 872 INFERNI

523 968 622 1038 Genti
646 967 790 1037 aaron
818 965 888 1037 lsta
914 972 970 1037 est
993 964 1023 1036 ll
1040 984 1125 1059 pars
1141 962 1334 1060 generalis,
1352 962 1388 1035 in
1412 984 1485 1056 qua
1508 969 1619 1038 autor

445 1087 617 1163 describit
632 1077 668 1178 (¹)
694 1085 890 1159 existentes
915 1084 953 1156 in
977 1091 1094 1179 prato,
1119 1090 1156 1158 et
1181 1083 1301 1177 primo
1326 1083 1424 1157 viros
1448 1088 1619 1157 strennos

446 1226 651 1299 armorum,
684 1225 778 1297 quos
809 1204 929 1299 primo
960 1203 1131 1278 describit
1159 1203 1196 1276 in
1225 1203 1388 1299 generali
1419 1203 1467 1277 ab
1492 1201 1615 1275 habitu

449 1330 612 1424 ipsorum
638 1325 785 1399 dicens:
811 1327 906 1416 penti
924 1327 956 1396 v'
968 1345 1059 1397 arao
1078 1345 1145 1397 con
1161 1326 1256 1397 ooold
1272 1327 1369 1397 tardi
1384 1345 1403 1396 c
1418 1326 1535 1414 moni,
1552 1341 1619 1416 per

448 1451 517 1522 lroc
542 1447 660 1519 innuit
684 1431 923 1519 constantiam
950 1451 988 1520 et
1017 1445 1227 1520 firmitatem
1258 1445 1426 1518 virorum
1457 1443 1619 1538 sortium,

448 1571 485 1640 di
508 1569 647 1657 mande
671 1557 825 1638 named
849 1568 902 1637 ne'
920 1569 976 1637 lor
999 1566 1193 1655 somnianti,
1219 1565 1304 1657 quia
1330 1564 1368 1636 in
1397 1583 1529 1637 eorum
1555 1582 1621 1656 ap-

449 1687 612 1782 parentia
649 1694 756 1761 erant
788 1687 1056 1780 autorizabiles,
1087 1691 1269 1778 porlooao
1299 1689 1406 1776 rodo,
1441 1685 1527 1777 quia
1562 1704 1621 1758 sa-

448 1810 550 1905 piens
561 1800 597 1900 (²)
615 1808 842 1900 tardiloquus
858 1808 977 1881 estEt
988 1808 1048 1880 bic
1060 1813 1147 1881 nota
1160 1807 1254 1880 bene
1271 1806 1371 1899 quod
1384 1806 1420 1878 in
1438 1794 1619 1896 mundol³l

449 1929 619 2023 loquendi
645 1936 700 2002 est
725 1928 953 2022 quadruplex
979 1947 1096 2022 genus
1114 1926 1330 2018 homiuum3
1353 1925 1501 2018 quidam
1521 1925 1620 1999 enim

450 2057 536 2123 suut
553 2049 624 2142 qui
650 2068 766 2142 pauca
791 2048 911 2121 sciunt
935 2054 973 2121 et
998 2067 1115 2142 pauca
1143 2046 1358 2139 loquuntur,
1384 2052 1423 2119 et
1453 2046 1509 2117 isti
1535 2052 1622 2117 sunt

452 2169 621 2266 diligendi
637 2157 687 2260 (⁸),
714 2167 800 2261 quia
825 2167 995 2241 videntur
1013 2186 1165 2241 uomere
1178 2157 1215 2256 (Β)
1233 2185 1284 2258 se,
1302 2172 1340 2239 et
1357 2164 1451 2238 velle
1466 2163 1618 2237 discere.

450 2289 517 2363 Alii
543 2295 640 2383 suut,
667 2289 730 2383 qui
756 2289 872 2362 multa
898 2288 1018 2361 sciunt
1042 2293 1079 2361 et
1109 2287 1224 2359 mulla
1254 2287 1470 2379 loquuntur,
1496 2292 1534 2358 et
1565 2284 1621 2358 isli

452 2418 537 2484 suut
567 2410 749 2503 audiendi,
783 2409 868 2503 quia
900 2429 947 2482 ex
977 2407 1198 2482 abundantia
1227 2406 1345 2480 cordis
1374 2427 1415 2479 os
1447 2406 1620 2498 loquitur.

453 2530 518 2602 llil
544 2537 640 2621 suut,
668 2529 731 2621 qui
757 2548 874 2621 pauca
900 2528 1018 2601 sciunt
1049 2535 1086 2599 et
1120 2529 1238 2601 multa
1263 2528 1477 2620 loquuntur,
1504 2532 1541 2600 et
1565 2526 1623 2598 isti

452 2656 538 2721 sunt
563 2647 776 2741 expellendi,
803 2648 889 2740 quia
914 2647 1085 2720 omnibus
1100 2637 1136 2739 (⁶)
1165 2654 1250 2720 suut
1276 2648 1427 2723 molesti.
1447 2647 1512 2720 dlii
1537 2654 1623 2720 sunt

452 2772 627 2841 econtra
652 2767 715 2859 qui
742 2767 856 2839 multa
883 2766 1003 2838 sciunt
1036 2772 1074 2840 et
1106 2788 1223 2861 pauca
1254 2768 1468 2861 loquuntur,
1499 2775 1537 2839 et
1566 2766 1621 2839 isti

452 2892 538 2961 suut
563 2885 744 2978 laudandi,
771 2885 971 2958 honorandi
998 2891 1036 2959 et
1056 2887 1308 2981 comendandi,
1323 2887 1410 2980 quia
1430 2889 1521 2961 tales
1538 2894 1624 2960 suut

451 3026 541 3081 vere
566 3006 757 3100 sapientes,
783 3004 891 3078 etde
916 3005 1048 3079 talibus
1073 3007 1236 3099 loquitur
1261 3008 1319 3081 bic
1335 2997 1385 3101 (⁷),
1415 3013 1453 3082 et
1482 3006 1528 3081 de
1553 3027 1625 3079 nu-

451 3146 557 3201 mero
570 3125 699 3198 talium
713 3124 781 3197 luit
793 3125 869 3219 ipse
881 3125 1026 3199 Dantes.
1041 3126 1125 3200 ldeo
1137 3127 1346 3203 benedicit:
1361 3150 1427 3201 coo
1440 3131 1516 3200 oocl
1525 3130 1626 3200 nass

453 3245 538 3339 quia
554 3244 742 3318 moderate
755 3247 1022 3338 loquuntur.—
1032 3252 1256 3320 Truemmocs‘.
1267 3248 1333 3321 llic
1345 3254 1454 3322 autor
1469 3245 1626 3321 ostendit

453 3364 640 3461 quomodo
664 3364 907 3458 disposuerint
920 3356 957 3458 (⁸)
985 3387 1025 3440 se
1050 3366 1097 3440 ad
1121 3368 1319 3442 videndum
1351 3369 1449 3462 istos,
1481 3367 1623 3442 diceus:

454 3487 655 3558 ncommod
683 3476 753 3556 cosi
777 3487 826 3556 do
851 3488 932 3556 l’uo
958 3488 1011 3557 de'
1028 3490 1133 3591 cond,
1159 3487 1260 3580 idest,
1287 3508 1454 3561 seorsum
1481 3487 1517 3560 in
1539 3508 1625 3583 par-
1671 3515 1675 3523 ·

454 3614 528 3679 tem
542 3596 593 3697 (⁹),
610 3607 648 3676 io
672 3606 748 3675 loco
772 3611 908 3694 operto,
927 3605 1097 3677 luminoso
1121 3612 1155 3677 et
1177 3610 1262 3697 olto,
1279 3608 1343 3679 ubi
1368 3607 1503 3680 scilicet
1528 3614 1624 3679 stant

453 3725 521 3798 viri
548 3725 716 3816 illustres,
743 3743 904 3815 quorum
931 3723 1040 3798 iacies
1070 3733 1107 3799 et
1139 3726 1255 3821 gloria
1288 3732 1427 3821 aperte,
1459 3728 1625 3800 clareat

453 3847 526 3919 alte
551 3845 659 3936 lucet,
684 3834 715 3914 sl
733 3844 793 3914 obe
817 3845 922 3916 ceder
941 3847 973 3916 si
982 3852 1114 3935 poteoa
1130 3849 1205 3918 tutti
1221 3850 1354 3937 wanti,
1371 3846 1516 3939 scilicet,
1537 3866 1624 3919 curn

454 3966 562 4039 oculo
587 3963 832 4057 intellectuali,
863 3965 967 4056 quasi
999 3964 1094 4040 dicat
1119 3967 1219 4059 quod
1242 3987 1372 4042 omnes
1401 3974 1505 4042 erant
1529 3967 1625 4042 bene

312 4134 327 4153 s
455 4083 726 4179 cognoscibiles,
744 4090 781 4157 et
798 4084 920 4157 nullus
932 4104 1064 4158 eorum
1082 4093 1174 4180 erat,
1187 4087 1233 4160 de
1253 4108 1328 4180 quo
1345 4109 1418 4161 nou
1435 4093 1556 4182 posset
1570 4078 1622 4179 (Ν)

454 4202 523 4277 dici
549 4208 586 4277 et
611 4204 719 4277 scribi
746 4205 861 4278 multa
887 4204 1081 4280 laudabilia
1107 4213 1145 4280 et
1161 4208 1424 4282 memorabilia.
1442 4209 1487 4281 llt
1504 4207 1627 4282 subdit

454 4326 552 4420 quod
570 4326 606 4399 iu
624 4332 728 4421 prato
749 4327 879 4402 virenti
896 4329 1030 4403 ostensi
1048 4329 1198 4404 luerunt
1215 4331 1281 4404 sibi
1299 4331 1367 4405 viri
1390 4330 1625 4426 magnanimi,

454 4448 500 4521 de
526 4469 686 4541 quorum
714 4448 852 4523 visione
878 4450 914 4522 in
940 4470 980 4524 se
1005 4450 1082 4545 ipso
1106 4459 1215 4524 autor
1239 4451 1430 4546 gloriatur.
1447 4450 1502 4526 Ad
1527 4449 1624 4545 quod

517 4641 544 4699 (¹)
561 4642 590 4690 E.
608 4643 728 4691 describit
745 4649 834 4706 gentes
847 4645 993 4695 existentes.
1119 4646 1145 4709 ξ’)
1162 4647 1192 4697 E.
1208 4650 1307 4710 saplesu
1323 4647 1396 4698 tarde
1413 4648 1536 4712 loquutus
1551 4652 1598 4697 est.

518 4721 542 4780 ξ’)
560 4722 590 4769 li.
607 4722 633 4770 iu
649 4723 735 4772 modo.
1118 4727 1144 4789 (l)
1161 4727 1191 4777 E.
1207 4727 1326 4792 ellgcudl.

518 4798 544 4855 (⁵)
562 4801 615 4853 tid.
633 4810 708 4846 nosse
724 4811 759 4846 se.
1119 4802 1146 4864 (⁸)
1163 4803 1193 4854 li.
1209 4806 1234 4854 in
1251 4805 1378 4854 omnibus.

518 4873 544 4933 ζ’)
560 4872 586 4921 S.
603 4873 644 4921 bic
662 4877 745 4922 autor.
1118 4879 1144 4941 ql)
1162 4884 1216 4941 uc,
1233 4882 1422 4945 dlsposrremm.

518 4950 543 5012 ς’)
560 4950 591 4999 Ε·
609 4951 634 4998 in
652 4953 731 5012 pane.
1109 4957 1145 5018 (¹⁸)
1162 4957 1192 5008 rs.
1208 4971 1260 5010 non
1277 4963 1387 5023 ment
