4154 6546
451 759 522 824 518
846 768 1050 823 counuruu
1074 768 1225 821 nunnoni

447 920 603 989 conatur
627 912 750 986 facere
775 911 843 986 sibi
868 911 1006 985 samam
1037 910 1180 987 virtutis
1205 916 1243 984 et
1265 910 1436 1007 scientie
1452 910 1500 985 ad
1525 911 1623 986 redi·

448 1030 619 1106 mendam
646 1030 833 1104 infamiam
865 1031 963 1123 eius3
992 1028 1090 1103 unde
1115 1028 1223 1103 dicit:
1249 1051 1268 1101 e
1291 1051 1422 1104 conoeu
1446 1033 1507 1103 clu
1530 997 1645 1107 netu⁴

448 1152 520 1225 mia
549 1152 670 1242 linono
698 1154 730 1223 ci
757 1172 897 1240 scona,
923 1149 1011 1243 quia
1041 1147 1087 1222 de
1117 1147 1219 1221 vobis
1248 1168 1394 1243 semper
1426 1150 1558 1244 loquar
1588 1151 1637 1235 in.

447 1268 558 1341 vestri
586 1268 733 1342 laudem
762 1275 798 1343 et
824 1266 1194 1358 commendationem,
1220 1270 1343 1340 men&
1355 1271 1391 1340 to
1417 1270 1509 1360 υιύο,
1535 1268 1635 1355 idest

446 1385 562 1461 donec
588 1387 717 1462 vixero
744 1388 819 1462 vita
836 1378 1087 1482 temporalid),
1107 1386 1181 1460 imo
1203 1386 1320 1462 donec
1339 1387 1468 1471 vixero
1487 1408 1555 1482 per
1572 1389 1626 1471 sa-
1690 1375 1700 1392 '

448 1526 560 1600 mam,
579 1507 665 1600 quia
684 1507 731 1583 de
748 1507 849 1581 vobis
866 1507 1036 1599 scribam,
1055 1512 1092 1578 et
1106 1506 1208 1581 vohis
1220 1505 1480 1601 daboiamam,
1492 1516 1627 1600 marito

451 1626 582 1699 robodi
595 1630 631 1698 in
643 1634 765 1718 proto,
780 1626 871 1700 idest
888 1632 1067 1720 quantum
1087 1625 1244 1702 habeam
1262 1632 1413 1721 gratum
1426 1633 1466 1702 et
1479 1647 1623 1703 carum.

449 1785 499 1797 —
514 1736 583 1819 oto.
612 1746 678 1819 Hic
703 1752 812 1820 autor
839 1744 1033 1839 respondet
1049 1743 1095 1819 ad
1112 1743 1148 1817 id
1165 1743 1264 1838 quod
1280 1744 1423 1820 dixerat
1438 1745 1507 1822 sibi
1529 1748 1639 1823 Bru·.

451 1871 573 1939 nettus
606 1863 653 1939 de
682 1865 738 1938 sui
772 1865 995 1961 expulsione,
1026 1863 1171 1938 dicens:
1202 1866 1238 1936 io
1265 1867 1394 1955 sodon,
1423 1865 1559 1940 scilieet
1588 1866 1627 1943 in

451 1983 644 2077 memoria,
672 1990 712 2058 ut
736 1990 863 2079 postea
889 1982 1046 2057 scribam
1071 1982 1109 2055 in
1134 1983 1239 2075 libro,
1265 1974 1319 2055 tid
1343 1984 1404 2055 cde
1424 1991 1573 2058 annoto
1588 1987 1628 2058 di

452 2107 521 2196 mio
538 2125 654 2195 corso,
681 2103 771 2178 idest
788 2103 834 2177 de
852 2102 1055 2176 mutatione
1073 2122 1166 2176 meae
1183 2102 1351 2195 fortuna,
1371 2103 1543 2177 escrdoto
1559 2124 1628 2185 oon

452 2224 545 2296 atero
571 2229 667 2314 testo,
693 2222 829 2296 scilicet
855 2234 941 2295 cum
967 2241 1013 2294 eo
1039 2220 1138 2314 quod
1162 2220 1252 2294 dixit
1277 2220 1365 2293 mihi
1391 2221 1545 2297 (dachus
1565 2221 1622 2295 vir

448 2340 631 2434 ioculator
664 2347 701 2414 et
730 2341 900 2414 Farinata
934 2339 980 2413 de
1013 2339 1155 2413 Uhertis
1186 2339 1242 2414 vir
1271 2339 1431 2433 illustris,
1463 2361 1627 2434 quorum

456 2465 615 2552 uterque
648 2460 902 2554 praenuncians
929 2459 995 2532 sibi
1032 2478 1142 2532 suum
1180 2458 1344 2551 exilium,
1370 2459 1453 2534 fecit
1482 2466 1628 2534 textum

456 2576 657 2651 obscurum
684 2578 779 2651 satis.
808 2578 963 2651 Ciachus
987 2577 1085 2651 enim
1112 2577 1278 2671 praedixit
1302 2577 1409 2651 Danti
1425 2576 1523 2672 quod
1540 2597 1627 2670 pars

455 2697 539 2775 atha
570 2696 615 2770 de
648 2717 722 2790 qua
754 2704 835 2769 erat
860 2695 1007 2769 caderet
1032 2696 1125 2770 inira
1151 2703 1226 2770 tres
1251 2698 1369 2790 soles3
1395 2703 1433 2771 et
1454 2695 1626 2770 Farinata

456 2815 621 2910 praedixit
634 2807 671 2906 (²)
693 2814 790 2908 quod
808 2821 1007 2908 antequam
1026 2816 1222 2892 transirent
1238 2816 1501 2912 quinquaginta
1519 2835 1626 2891 men-

456 2955 513 3011 ses
543 2934 617 3032 ipse
651 2933 882 3029 experiretur
915 2954 1028 3027 quam
1057 2955 1172 3029 grave
1205 2934 1251 3008 sit
1282 2934 1411 3033 expelii
1437 2933 1483 3008 de
1507 2932 1628 3028 patria

455 3055 533 3128 sine
559 3053 779 3128 reversione.
807 3052 891 3126 ldeo
917 3052 1016 3127 dicit:
1044 3075 1069 3125 a
1087 3056 1238 3144 odocar,
1258 3052 1350 3127 idest
1368 3052 1415 3126 ad
1435 3052 1627 3135 declaran-

455 3173 556 3268 dum,
594 3193 659 3245 con
696 3174 829 3262 mona,
867 3171 1003 3245 scilicet
1036 3171 1213 3265 Beatrice,
1246 3173 1306 3243 cte
1341 3161 1467 3263 cuprd,
1500 3171 1631 3267 supple

454 3292 610 3387 glosare,
636 3295 701 3363 do
734 3295 776 3363 tei
805 3293 950 3382 mrtem
976 3290 1080 3384 quasi
1105 3289 1221 3364 dicat:
1249 3289 1280 3363 si
1303 3290 1402 3364 Deus
1427 3290 1511 3365 iacit
1540 3290 1632 3367 mihi

456 3416 595 3483 tantam
619 3410 791 3505 gratiam,
807 3409 915 3503 ·quod
933 3408 1086 3482 evadam
1105 3408 1152 3484 de
1168 3409 1234 3482 isto
1253 3408 1345 3482 tristi
1362 3408 1503 3482 inferno
1521 3410 1648 3503 pleno.

456 3536 510 3603 tot
539 3530 598 3603 vel
630 3529 738 3604 tantis
772 3529 953 3624 periculo,
979 3535 1017 3601 et
1041 3549 1106 3622 per
1132 3529 1389 3624 purgatorium
1413 3529 1648 3623 perveniam,

457 3647 505 3722 ad
530 3647 740 3741 paradisum
767 3647 861 3721 duce
886 3646 1065 3740 Beatrice,
1090 3653 1177 3721 tunc
1203 3647 1417 3722 declarabor
1443 3645 1490 3721 de
1515 3667 1649 3727 cursu.

459 3766 569 3857 totius
586 3765 745 3840 fortunae
764 3787 867 3840 meae.
882 3767 957 3840 Hoc
975 3773 1101 3839 autem
1114 3765 1221 3838 faciet
1233 3770 1342 3838 autor
1359 3764 1453 3837 xvn
1470 3764 1628 3861 capitulo

457 3883 629 3979 Paradisi‚
657 3884 720 3958 ubi
746 3884 941 3958 introducit
972 3905 1089 3958 unum
1116 3884 1283 3978 spiritum
1308 3883 1503 3979 antiquum
1528 3905 1629 3969 mare

460 4004 578 4077 tistam
605 4002 651 4078 de
675 4023 814 4098 genere
838 4023 919 4096 suo,
946 4003 1009 4096 qui
1035 4002 1101 4076 sibi
1127 4004 1225 4079 clare
1250 4003 1456 4079 manifestat
1476 4024 1628 4079 omnem

458 4143 610 4197 cursum
641 4122 798 4195 fortunae
829 4121 1011 4196 mediante
1044 4121 1220 4215 Beatrice
1256 4142 1368 4216 quem
1402 4122 1508 4197 multi
1533 4144 1632 4218 prae·

458 4240 626 4335 dixerant
651 4241 720 4317 sibi
744 4241 901 4315 obscure
927 4242 964 4313 in
991 4241 1135 4316 lnierno
1152 4248 1189 4315 et
1203 4241 1491 4336 Purgatorio.-
1506 4221 1639 4327 Toeto}¹

458 4360 523 4436 Hic
560 4368 669 4436 autor
707 4361 794 4455 quia
814 4349 850 4453 (³)
892 4360 1083 4434 audiverat
1120 4361 1255 4434 durum
1294 4361 1433 4435 bellum
1471 4361 1630 4437 fortunae

458 4480 579 4574 parari
605 4486 732 4555 contra
758 4501 808 4572 se,
842 4478 923 4554 ideo
957 4478 1112 4554 ostendit
1141 4499 1182 4554 se
1211 4485 1381 4574 paratum
1418 4487 1454 4555 et
1488 4481 1632 4575 patien-

459 4606 533 4674 tem
559 4599 606 4674 ad
637 4599 761 4674 omnia
791 4598 978 4676 toleranda
1001 4598 1168 4694 adversa,
1193 4598 1242 4674 itu
1267 4605 1392 4676 tumen
1417 4599 1517 4696 quod
1540 4601 1630 4676 nihil

523 4843 550 4905 (¹)
567 4845 598 4895 Ε.
614 4859 630 4897 e
648 4852 702 4909 tto,
719 4850 857 4913 corporati.
1011 4848 1039 4912 (')
1056 4848 1086 4899 R
1103 4849 1174 4900 dixit.
1362 4848 1388 4913 (')
1404 4848 1429 4900 S.
1447 4851 1517 4915 qui„
