<?xml version="1.0" encoding="UTF-8"?>
<!DOCTYPE html PUBLIC "-//W3C//DTD XHTML 1.0 Transitional//EN"
    "http://www.w3.org/TR/xhtml1/DTD/xhtml1-transitional.dtd">
<html xmlns="http://www.w3.org/1999/xhtml" xml:lang="en" lang="en">
 <head>
  <title>
</title>
<meta http-equiv="Content-Type" content="text/html;charset=utf-8" />
  <meta name='ocr-system' content='tesseract 3.04.00' />
  <meta name='ocr-capabilities' content='ocr_page ocr_carea ocr_par ocr_line ocrx_word'/>
</head>
<body>
  <div class='ocr_page' id='page_1' title='image "./comentumsuperda00benvgoog_0476.png"; bbox 0 0 4154 6546; ppageno 0'>
   <div class='ocr_carea' id='block_1_1' title="bbox 460 806 1634 1058">
    <p class='ocr_par' dir='ltr' id='par_1_1' title="bbox 460 806 1634 1058">
     <span class='ocr_line' id='line_1_1' title="bbox 795 806 1634 873; baseline 0.002 -5"><span class='ocrx_word' id='word_1_1' title='bbox 795 815 934 871; x_wconf 77' lang='lat' dir='ltr'><strong>caurus</strong></span> <span class='ocrx_word' id='word_1_2' title='bbox 958 817 1115 873; x_wconf 75' lang='lat' dir='ltr'><strong>cccmus</strong></span> <span class='ocrx_word' id='word_1_3' title='bbox 1138 817 1299 872; x_wconf 76' lang='lat' dir='ltr'><strong>ruamus.</strong></span> <span class='ocrx_word' id='word_1_4' title='bbox 1564 806 1634 872; x_wconf 70' lang='lat'><strong>⁴27</strong></span> 
     </span>
     <span class='ocr_line' id='line_1_2' title="bbox 460 954 1633 1058; baseline 0 -23"><span class='ocrx_word' id='word_1_5' title='bbox 460 959 704 1036; x_wconf 55' lang='lat' dir='ltr'><strong>&lt;stercorizare</strong></span> <span class='ocrx_word' id='word_1_6' title='bbox 730 980 895 1035; x_wconf 88' lang='lat' dir='ltr'><strong>mensam</strong></span> <span class='ocrx_word' id='word_1_7' title='bbox 909 954 947 1053; x_wconf 80' lang='lat'><strong>(¹)</strong></span> <span class='ocrx_word' id='word_1_8' title='bbox 973 963 1069 1058; x_wconf 84' lang='lat' dir='ltr'><strong>regis</strong></span> <span class='ocrx_word' id='word_1_9' title='bbox 1096 961 1243 1057; x_wconf 71' lang='lat' dir='ltr'><strong>Pitynei7</strong></span> <span class='ocrx_word' id='word_1_10' title='bbox 1271 961 1334 1054; x_wconf 86' lang='lat' dir='ltr'><strong>qui</strong></span> <span class='ocrx_word' id='word_1_11' title='bbox 1359 967 1439 1035; x_wconf 90' lang='lat' dir='ltr'><strong>erat</strong></span> <span class='ocrx_word' id='word_1_12' title='bbox 1464 967 1633 1056; x_wconf 83' lang='lat' dir='ltr'><strong>caecatus,</strong></span> 
     </span>
    </p>
   </div>
   <div class='ocr_carea' id='block_1_2' title="bbox 335 1080 1635 1177">
    <p class='ocr_par' dir='ltr' id='par_1_2' title="bbox 335 1080 1635 1177">
     <span class='ocr_line' id='line_1_3' title="bbox 335 1080 1635 1177; baseline 0.001 -22"><span class='ocrx_word' id='word_1_13' title='bbox 335 1123 338 1126; x_wconf 55' lang='lat'><strong>&lt;</strong></span> <span class='ocrx_word' id='word_1_14' title='bbox 464 1082 549 1176; x_wconf 89' lang='lat' dir='ltr'><strong>quia</strong></span> <span class='ocrx_word' id='word_1_15' title='bbox 567 1083 799 1156; x_wconf 74' lang='lat' dir='ltr'><strong>interfecerat</strong></span> <span class='ocrx_word' id='word_1_16' title='bbox 824 1080 915 1154; x_wconf 87' lang='lat' dir='ltr'><strong>iiiios</strong></span> <span class='ocrx_word' id='word_1_17' title='bbox 932 1082 1106 1176; x_wconf 86' lang='lat' dir='ltr'><strong>proprios.</strong></span> <span class='ocrx_word' id='word_1_18' title='bbox 1126 1082 1260 1176; x_wconf 86' lang='lat' dir='ltr'><strong>Harpia</strong></span> <span class='ocrx_word' id='word_1_19' title='bbox 1277 1082 1480 1177; x_wconf 79' lang='lat' dir='ltr'><strong>figuraliter</strong></span> <span class='ocrx_word' id='word_1_20' title='bbox 1498 1101 1635 1176; x_wconf 82' lang='lat' dir='ltr'><strong>reprae-</strong></span> 
     </span>
    </p>
   </div>
   <div class='ocr_carea' id='block_1_3' title="bbox 460 1201 1635 1780">
    <p class='ocr_par' dir='ltr' id='par_1_3' title="bbox 460 1201 1635 1780">
     <span class='ocr_line' id='line_1_4' title="bbox 463 1201 1635 1295; baseline 0.001 -20"><span class='ocrx_word' id='word_1_21' title='bbox 463 1209 579 1277; x_wconf 89' lang='lat' dir='ltr'><strong>seutat</strong></span> <span class='ocrx_word' id='word_1_22' title='bbox 608 1202 812 1295; x_wconf 81' lang='lat' dir='ltr'><strong>avaritiam,</strong></span> <span class='ocrx_word' id='word_1_23' title='bbox 840 1202 938 1276; x_wconf 90' lang='lat' dir='ltr'><strong>unde</strong></span> <span class='ocrx_word' id='word_1_24' title='bbox 967 1202 1019 1275; x_wconf 91' lang='lat' dir='ltr'><strong>sic</strong></span> <span class='ocrx_word' id='word_1_25' title='bbox 1047 1202 1141 1276; x_wconf 84' lang='lat' dir='ltr'><strong>dicta</strong></span> <span class='ocrx_word' id='word_1_26' title='bbox 1175 1208 1230 1277; x_wconf 88' lang='lat' dir='ltr'><strong>est</strong></span> <span class='ocrx_word' id='word_1_27' title='bbox 1261 1222 1283 1276; x_wconf 88' lang='lat' dir='ltr'><strong>a</strong></span> <span class='ocrx_word' id='word_1_28' title='bbox 1318 1201 1502 1295; x_wconf 88' lang='lat' dir='ltr'><strong>rapiendo,</strong></span> <span class='ocrx_word' id='word_1_29' title='bbox 1527 1202 1635 1276; x_wconf 89' lang='lat' dir='ltr'><strong>etde</strong></span> 
     </span>
     <span class='ocr_line' id='line_1_5' title="bbox 461 1321 1634 1416; baseline 0.001 -20"><span class='ocrx_word' id='word_1_30' title='bbox 461 1323 530 1396; x_wconf 89' lang='lat' dir='ltr'><strong>ista</strong></span> <span class='ocrx_word' id='word_1_31' title='bbox 547 1323 666 1416; x_wconf 89' lang='lat' dir='ltr'><strong>specie</strong></span> <span class='ocrx_word' id='word_1_32' title='bbox 677 1322 811 1396; x_wconf 82' lang='lat' dir='ltr'><strong>avium</strong></span> <span class='ocrx_word' id='word_1_33' title='bbox 830 1342 903 1394; x_wconf 88' lang='lat' dir='ltr'><strong>nau</strong></span> <span class='ocrx_word' id='word_1_34' title='bbox 930 1321 1166 1398; x_wconf 87' lang='lat' dir='ltr'><strong>inveniuntur</strong></span> <span class='ocrx_word' id='word_1_35' title='bbox 1183 1321 1250 1394; x_wconf 87' lang='lat' dir='ltr'><strong>nisi</strong></span> <span class='ocrx_word' id='word_1_36' title='bbox 1277 1327 1349 1394; x_wconf 87' lang='lat' dir='ltr'><strong>tres</strong></span> <span class='ocrx_word' id='word_1_37' title='bbox 1366 1341 1523 1416; x_wconf 82' lang='lat' dir='ltr'><strong>semper,</strong></span> <span class='ocrx_word' id='word_1_38' title='bbox 1541 1342 1634 1416; x_wconf 87' lang='lat' dir='ltr'><strong>qua-</strong></span> 
     </span>
     <span class='ocr_line' id='line_1_6' title="bbox 462 1442 1634 1537; baseline 0.002 -22"><span class='ocrx_word' id='word_1_39' title='bbox 462 1464 547 1515; x_wconf 89' lang='lat' dir='ltr'><strong>rum</strong></span> <span class='ocrx_word' id='word_1_40' title='bbox 583 1443 731 1516; x_wconf 87' lang='lat' dir='ltr'><strong>nomina</strong></span> <span class='ocrx_word' id='word_1_41' title='bbox 763 1450 850 1516; x_wconf 89' lang='lat' dir='ltr'><strong>sunt</strong></span> <span class='ocrx_word' id='word_1_42' title='bbox 883 1444 985 1516; x_wconf 83' lang='lat' dir='ltr'><strong>haec:</strong></span> <span class='ocrx_word' id='word_1_43' title='bbox 1018 1442 1131 1535; x_wconf 76' lang='lat' dir='ltr'><strong>Aeliu,</strong></span> <span class='ocrx_word' id='word_1_44' title='bbox 1164 1442 1335 1535; x_wconf 85' lang='lat' dir='ltr'><strong>Occipito,</strong></span> <span class='ocrx_word' id='word_1_45' title='bbox 1369 1443 1515 1537; x_wconf 83' lang='lat' dir='ltr'><strong>Celeuu,</strong></span> <span class='ocrx_word' id='word_1_46' title='bbox 1550 1443 1634 1536; x_wconf 79' lang='lat' dir='ltr'><strong>quac</strong></span> 
     </span>
     <span class='ocr_line' id='line_1_7' title="bbox 462 1554 1633 1658; baseline 0.003 -24"><span class='ocrx_word' id='word_1_47' title='bbox 462 1562 623 1658; x_wconf 80' lang='lat' dir='ltr'><strong>figurant</strong></span> <span class='ocrx_word' id='word_1_48' title='bbox 637 1554 673 1654; x_wconf 60' lang='grc' dir='ltr'><strong>θ)</strong></span> <span class='ocrx_word' id='word_1_49' title='bbox 701 1562 877 1658; x_wconf 85' lang='lat' dir='ltr'><strong>triplicem</strong></span> <span class='ocrx_word' id='word_1_50' title='bbox 907 1569 1033 1636; x_wconf 84' lang='lat' dir='ltr'><strong>actum</strong></span> <span class='ocrx_word' id='word_1_51' title='bbox 1063 1559 1189 1654; x_wconf 82' lang='lat' dir='ltr'><strong>avari3</strong></span> <span class='ocrx_word' id='word_1_52' title='bbox 1223 1582 1308 1635; x_wconf 88' lang='lat' dir='ltr'><strong>nam</strong></span> <span class='ocrx_word' id='word_1_53' title='bbox 1342 1564 1473 1657; x_wconf 87' lang='lat' dir='ltr'><strong>primu,</strong></span> <span class='ocrx_word' id='word_1_54' title='bbox 1497 1583 1633 1638; x_wconf 87' lang='lat' dir='ltr'><strong>avarus</strong></span> 
     </span>
     <span class='ocr_line' id='line_1_8' title="bbox 460 1673 1633 1780; baseline 0.004 -24"><span class='ocrx_word' id='word_1_55' title='bbox 460 1683 596 1778; x_wconf 86' lang='lat' dir='ltr'><strong>appetit</strong></span> <span class='ocrx_word' id='word_1_56' title='bbox 625 1684 799 1777; x_wconf 85' lang='lat' dir='ltr'><strong>alienum,</strong></span> <span class='ocrx_word' id='word_1_57' title='bbox 829 1690 867 1757; x_wconf 87' lang='lat' dir='ltr'><strong>et</strong></span> <span class='ocrx_word' id='word_1_58' title='bbox 899 1684 965 1756; x_wconf 88' lang='lat' dir='ltr'><strong>iste</strong></span> <span class='ocrx_word' id='word_1_59' title='bbox 981 1673 1017 1774; x_wconf 81' lang='lat'><strong>(³)</strong></span> <span class='ocrx_word' id='word_1_60' title='bbox 1052 1681 1232 1776; x_wconf 89' lang='lat' dir='ltr'><strong>appetitus</strong></span> <span class='ocrx_word' id='word_1_61' title='bbox 1262 1683 1416 1757; x_wconf 87' lang='lat' dir='ltr'><strong>habendi</strong></span> <span class='ocrx_word' id='word_1_62' title='bbox 1451 1683 1633 1780; x_wconf 81' lang='lat' dir='ltr'><strong>figuratur</strong></span> 
     </span>
    </p>
   </div>
   <div class='ocr_carea' id='block_1_4' title="bbox 312 1790 1630 1899">
    <p class='ocr_par' dir='ltr' id='par_1_4' title="bbox 312 1790 1630 1899">
     <span class='ocr_line' id='line_1_9' title="bbox 312 1790 1630 1899; baseline 0.008 -31"><span class='ocrx_word' id='word_1_63' title='bbox 312 1861 316 1868; x_wconf 91' lang='lat'>.</span> <span class='ocrx_word' id='word_1_64' title='bbox 460 1822 527 1897; x_wconf 89' lang='lat' dir='ltr'><strong>per</strong></span> <span class='ocrx_word' id='word_1_65' title='bbox 552 1805 719 1898; x_wconf 84' lang='lat' dir='ltr'><strong>primam.</strong></span> <span class='ocrx_word' id='word_1_66' title='bbox 738 1804 876 1877; x_wconf 87' lang='lat' dir='ltr'><strong>Dicitur</strong></span> <span class='ocrx_word' id='word_1_67' title='bbox 901 1803 997 1878; x_wconf 88' lang='lat' dir='ltr'><strong>enim</strong></span> <span class='ocrx_word' id='word_1_68' title='bbox 1016 1803 1118 1877; x_wconf 75' lang='lat' dir='ltr'><strong>Aello</strong></span> <span class='ocrx_word' id='word_1_69' title='bbox 1131 1790 1181 1895; x_wconf 72' lang='lat'><strong>(⁴),</strong></span> <span class='ocrx_word' id='word_1_70' title='bbox 1200 1800 1291 1875; x_wconf 89' lang='lat' dir='ltr'><strong>idest</strong></span> <span class='ocrx_word' id='word_1_71' title='bbox 1314 1803 1475 1877; x_wconf 86' lang='lat' dir='ltr'><strong>aiicnum</strong></span> <span class='ocrx_word' id='word_1_72' title='bbox 1492 1813 1630 1899; x_wconf 83' lang='lat' dir='ltr'><strong>aptans</strong></span> 
     </span>
    </p>
   </div>
   <div class='ocr_carea' id='block_1_5' title="bbox 360 1921 1719 3696">
    <p class='ocr_par' dir='ltr' id='par_1_5' title="bbox 360 1921 1719 3696">
     <span class='ocr_line' id='line_1_10' title="bbox 461 1921 1631 2020; baseline 0.002 -24"><span class='ocrx_word' id='word_1_73' title='bbox 461 1923 639 2017; x_wconf 85' lang='lat' dir='ltr'><strong>Secundo,</strong></span> <span class='ocrx_word' id='word_1_74' title='bbox 665 1943 801 1997; x_wconf 87' lang='lat' dir='ltr'><strong>avarus</strong></span> <span class='ocrx_word' id='word_1_75' title='bbox 825 1929 907 2016; x_wconf 89' lang='lat' dir='ltr'><strong>pust</strong></span> <span class='ocrx_word' id='word_1_76' title='bbox 929 1923 1129 2017; x_wconf 82' lang='lat' dir='ltr'><strong>appetitum</strong></span> <span class='ocrx_word' id='word_1_77' title='bbox 1155 1921 1313 2014; x_wconf 85' lang='lat' dir='ltr'><strong>acquirit</strong></span> <span class='ocrx_word' id='word_1_78' title='bbox 1336 1929 1374 1996; x_wconf 90' lang='lat' dir='ltr'><strong>et</strong></span> <span class='ocrx_word' id='word_1_79' title='bbox 1398 1926 1631 2020; x_wconf 80' lang='lat' dir='ltr'><strong>accumulat3</strong></span> 
     </span>
     <span class='ocr_line' id='line_1_11' title="bbox 360 2040 1630 2139; baseline 0.002 -23"><span class='ocrx_word' id='word_1_80' title='bbox 360 2081 362 2084; x_wconf 92' lang='lat'>·</span> <span class='ocrx_word' id='word_1_81' title='bbox 461 2049 499 2117; x_wconf 90' lang='lat' dir='ltr'><strong>et</strong></span> <span class='ocrx_word' id='word_1_82' title='bbox 523 2043 594 2116; x_wconf 87' lang='lat' dir='ltr'><strong>huc</strong></span> <span class='ocrx_word' id='word_1_83' title='bbox 624 2043 806 2139; x_wconf 83' lang='lat' dir='ltr'><strong>figuratur</strong></span> <span class='ocrx_word' id='word_1_84' title='bbox 835 2062 901 2137; x_wconf 90' lang='lat' dir='ltr'><strong>per</strong></span> <span class='ocrx_word' id='word_1_85' title='bbox 931 2042 1142 2116; x_wconf 88' lang='lat' dir='ltr'><strong>secundam.</strong></span> <span class='ocrx_word' id='word_1_86' title='bbox 1170 2040 1310 2114; x_wconf 87' lang='lat' dir='ltr'><strong>Dicitur</strong></span> <span class='ocrx_word' id='word_1_87' title='bbox 1338 2042 1435 2121; x_wconf 80' lang='lat' dir='ltr'><strong>euim</strong></span> <span class='ocrx_word' id='word_1_88' title='bbox 1462 2042 1630 2139; x_wconf 88' lang='lat' dir='ltr'><strong>Occipito‚</strong></span> 
     </span>
     <span class='ocr_line' id='line_1_12' title="bbox 459 2162 1630 2258; baseline 0 -20"><span class='ocrx_word' id='word_1_89' title='bbox 459 2165 549 2238; x_wconf 77' lang='lat' dir='ltr'><strong>idest</strong></span> <span class='ocrx_word' id='word_1_90' title='bbox 575 2163 692 2239; x_wconf 89' lang='lat' dir='ltr'><strong>aiieua</strong></span> <span class='ocrx_word' id='word_1_91' title='bbox 717 2183 910 2257; x_wconf 88' lang='lat' dir='ltr'><strong>occupans.</strong></span> <span class='ocrx_word' id='word_1_92' title='bbox 929 2162 1062 2255; x_wconf 84' lang='lat' dir='ltr'><strong>Tertio,</strong></span> <span class='ocrx_word' id='word_1_93' title='bbox 1080 2182 1216 2237; x_wconf 85' lang='lat' dir='ltr'><strong>avarus</strong></span> <span class='ocrx_word' id='word_1_94' title='bbox 1239 2163 1415 2256; x_wconf 85' lang='lat' dir='ltr'><strong>acquisita</strong></span> <span class='ocrx_word' id='word_1_95' title='bbox 1432 2164 1630 2258; x_wconf 85' lang='lat' dir='ltr'><strong>abscondit,</strong></span> 
     </span>
     <span class='ocr_line' id='line_1_13' title="bbox 460 2267 1631 2378; baseline 0 -21"><span class='ocrx_word' id='word_1_96' title='bbox 460 2281 615 2357; x_wconf 87' lang='lat' dir='ltr'><strong>custodit</strong></span> <span class='ocrx_word' id='word_1_97' title='bbox 640 2290 677 2358; x_wconf 86' lang='lat' dir='ltr'><strong>et</strong></span> <span class='ocrx_word' id='word_1_98' title='bbox 701 2267 904 2375; x_wconf 86' lang='lat' dir='ltr'><strong>conservat,</strong></span> <span class='ocrx_word' id='word_1_99' title='bbox 931 2287 967 2355; x_wconf 85' lang='lat' dir='ltr'><strong>et</strong></span> <span class='ocrx_word' id='word_1_100' title='bbox 992 2283 1061 2356; x_wconf 89' lang='lat' dir='ltr'><strong>hoc</strong></span> <span class='ocrx_word' id='word_1_101' title='bbox 1086 2282 1269 2378; x_wconf 83' lang='lat' dir='ltr'><strong>figuratur</strong></span> <span class='ocrx_word' id='word_1_102' title='bbox 1294 2303 1361 2376; x_wconf 89' lang='lat' dir='ltr'><strong>per</strong></span> <span class='ocrx_word' id='word_1_103' title='bbox 1386 2283 1543 2357; x_wconf 88' lang='lat' dir='ltr'><strong>tertium.</strong></span> <span class='ocrx_word' id='word_1_104' title='bbox 1570 2284 1631 2357; x_wconf 87' lang='lat' dir='ltr'><strong>Di·</strong></span> 
     </span>
     <span class='ocr_line' id='line_1_14' title="bbox 459 2401 1630 2497; baseline -0.001 -20"><span class='ocrx_word' id='word_1_105' title='bbox 459 2402 556 2477; x_wconf 89' lang='lat' dir='ltr'><strong>citur</strong></span> <span class='ocrx_word' id='word_1_106' title='bbox 581 2404 678 2478; x_wconf 89' lang='lat' dir='ltr'><strong>euim</strong></span> <span class='ocrx_word' id='word_1_107' title='bbox 705 2403 838 2476; x_wconf 82' lang='lat' dir='ltr'><strong>Celere</strong></span> <span class='ocrx_word' id='word_1_108' title='bbox 858 2401 967 2495; x_wconf 67' lang='lat' dir='ltr'><strong>⁴quasi</strong></span> <span class='ocrx_word' id='word_1_109' title='bbox 993 2403 1115 2475; x_wconf 87' lang='lat' dir='ltr'><strong>celans</strong></span> <span class='ocrx_word' id='word_1_110' title='bbox 1138 2402 1268 2495; x_wconf 89' lang='lat' dir='ltr'><strong>aliena,</strong></span> <span class='ocrx_word' id='word_1_111' title='bbox 1294 2410 1332 2476; x_wconf 89' lang='lat' dir='ltr'><strong>et</strong></span> <span class='ocrx_word' id='word_1_112' title='bbox 1357 2403 1424 2477; x_wconf 89' lang='lat' dir='ltr'><strong>ista</strong></span> <span class='ocrx_word' id='word_1_113' title='bbox 1449 2411 1504 2477; x_wconf 88' lang='lat' dir='ltr'><strong>est</strong></span> <span class='ocrx_word' id='word_1_114' title='bbox 1527 2404 1630 2497; x_wconf 91' lang='lat' dir='ltr'><strong>peior</strong></span> 
     </span>
     <span class='ocr_line' id='line_1_15' title="bbox 460 2513 1631 2616; baseline 0.001 -20"><span class='ocrx_word' id='word_1_115' title='bbox 460 2523 602 2596; x_wconf 75' lang='lat' dir='ltr'><strong>ceteris</strong></span> <span class='ocrx_word' id='word_1_116' title='bbox 619 2529 656 2597; x_wconf 88' lang='lat' dir='ltr'><strong>ct</strong></span> <span class='ocrx_word' id='word_1_117' title='bbox 681 2522 797 2615; x_wconf 81' lang='lat' dir='ltr'><strong>vilior,</strong></span> <span class='ocrx_word' id='word_1_118' title='bbox 815 2521 901 2614; x_wconf 89' lang='lat' dir='ltr'><strong>quia</strong></span> <span class='ocrx_word' id='word_1_119' title='bbox 928 2520 1038 2595; x_wconf 86' lang='lat' dir='ltr'><strong>miser</strong></span> <span class='ocrx_word' id='word_1_120' title='bbox 1063 2540 1198 2595; x_wconf 85' lang='lat' dir='ltr'><strong>avarus</strong></span> <span class='ocrx_word' id='word_1_121' title='bbox 1223 2522 1350 2616; x_wconf 85' lang='lat' dir='ltr'><strong>sepelit</strong></span> <span class='ocrx_word' id='word_1_122' title='bbox 1364 2513 1413 2616; x_wconf 82' lang='lat'><strong>(⁵),</strong></span> <span class='ocrx_word' id='word_1_123' title='bbox 1431 2541 1499 2597; x_wconf 89' lang='lat' dir='ltr'><strong>nec</strong></span> <span class='ocrx_word' id='word_1_124' title='bbox 1517 2523 1631 2597; x_wconf 90' lang='lat' dir='ltr'><strong>audet</strong></span> 
     </span>
     <span class='ocr_line' id='line_1_16' title="bbox 444 2641 1629 2739; baseline 0 -23"><span class='ocrx_word' id='word_1_125' title='bbox 444 2649 612 2739; x_wconf 80' lang='lat' dir='ltr'><strong>tangere</strong></span> <span class='ocrx_word' id='word_1_126' title='bbox 645 2663 712 2737; x_wconf 89' lang='lat' dir='ltr'><strong>pro</strong></span> <span class='ocrx_word' id='word_1_127' title='bbox 743 2641 798 2714; x_wconf 90' lang='lat' dir='ltr'><strong>sui</strong></span> <span class='ocrx_word' id='word_1_128' title='bbox 824 2641 990 2734; x_wconf 83' lang='lat' dir='ltr'><strong>comodo,</strong></span> <span class='ocrx_word' id='word_1_129' title='bbox 1017 2647 1054 2715; x_wconf 87' lang='lat' dir='ltr'><strong>et</strong></span> <span class='ocrx_word' id='word_1_130' title='bbox 1078 2642 1241 2735; x_wconf 81' lang='lat' dir='ltr'><strong>honorc3</strong></span> <span class='ocrx_word' id='word_1_131' title='bbox 1268 2642 1349 2716; x_wconf 88' lang='lat' dir='ltr'><strong>ideo</strong></span> <span class='ocrx_word' id='word_1_132' title='bbox 1378 2642 1629 2718; x_wconf 87' lang='lat' dir='ltr'><strong>benedicitur</strong></span> 
     </span>
     <span class='ocr_line' id='line_1_17' title="bbox 460 2753 1628 2858; baseline 0.001 -21"><span class='ocrx_word' id='word_1_133' title='bbox 460 2763 558 2857; x_wconf 89' lang='lat' dir='ltr'><strong>quod</strong></span> <span class='ocrx_word' id='word_1_134' title='bbox 571 2753 609 2854; x_wconf 52' lang='grc' dir='ltr'><strong>(ὅ)</strong></span> <span class='ocrx_word' id='word_1_135' title='bbox 627 2763 762 2837; x_wconf 88' lang='lat' dir='ltr'><strong>habeut</strong></span> <span class='ocrx_word' id='word_1_136' title='bbox 779 2762 917 2836; x_wconf 81' lang='lat' dir='ltr'><strong>ioedarc</strong></span> <span class='ocrx_word' id='word_1_137' title='bbox 942 2762 1077 2836; x_wconf 90' lang='lat' dir='ltr'><strong>cibaria</strong></span> <span class='ocrx_word' id='word_1_138' title='bbox 1094 2763 1241 2857; x_wconf 83' lang='lat' dir='ltr'><strong>Phynei.</strong></span> <span class='ocrx_word' id='word_1_139' title='bbox 1261 2763 1431 2858; x_wconf 83' lang='lat' dir='ltr'><strong>Phyneus</strong></span> <span class='ocrx_word' id='word_1_140' title='bbox 1456 2763 1554 2838; x_wconf 89' lang='lat' dir='ltr'><strong>euim</strong></span> <span class='ocrx_word' id='word_1_141' title='bbox 1573 2772 1628 2838; x_wconf 85' lang='lat' dir='ltr'><strong>est</strong></span> 
     </span>
     <span class='ocr_line' id='line_1_18' title="bbox 459 2882 1629 2978; baseline 0 -20"><span class='ocrx_word' id='word_1_142' title='bbox 459 2886 535 2978; x_wconf 89' lang='lat' dir='ltr'><strong>ipse</strong></span> <span class='ocrx_word' id='word_1_143' title='bbox 560 2904 695 2958; x_wconf 89' lang='lat' dir='ltr'><strong>avarus</strong></span> <span class='ocrx_word' id='word_1_144' title='bbox 719 2905 742 2956; x_wconf 91' lang='lat' dir='ltr'><strong>a</strong></span> <span class='ocrx_word' id='word_1_145' title='bbox 767 2882 979 2957; x_wconf 80' lang='lat' dir='ltr'><strong>imperando</strong></span> <span class='ocrx_word' id='word_1_146' title='bbox 1004 2882 1133 2975; x_wconf 85' lang='lat' dir='ltr'><strong>dictus,</strong></span> <span class='ocrx_word' id='word_1_147' title='bbox 1151 2883 1214 2975; x_wconf 90' lang='lat' dir='ltr'><strong>qui</strong></span> <span class='ocrx_word' id='word_1_148' title='bbox 1240 2883 1326 2956; x_wconf 91' lang='lat' dir='ltr'><strong>nihii</strong></span> <span class='ocrx_word' id='word_1_149' title='bbox 1344 2889 1462 2977; x_wconf 82' lang='lat' dir='ltr'><strong>potest</strong></span> <span class='ocrx_word' id='word_1_150' title='bbox 1487 2886 1544 2958; x_wconf 88' lang='lat' dir='ltr'><strong>vel</strong></span> <span class='ocrx_word' id='word_1_151' title='bbox 1561 2884 1629 2958; x_wconf 89' lang='lat' dir='ltr'><strong>scit</strong></span> 
     </span>
     <span class='ocr_line' id='line_1_19' title="bbox 459 3001 1626 3097; baseline 0.001 -21"><span class='ocrx_word' id='word_1_152' title='bbox 459 3005 580 3078; x_wconf 87' lang='lat' dir='ltr'><strong>iacere</strong></span> <span class='ocrx_word' id='word_1_153' title='bbox 599 3012 674 3076; x_wconf 84' lang='lat' dir='ltr'><strong>tam</strong></span> <span class='ocrx_word' id='word_1_154' title='bbox 700 3004 931 3096; x_wconf 85' lang='lat' dir='ltr'><strong>praeciarum,</strong></span> <span class='ocrx_word' id='word_1_155' title='bbox 949 3001 1046 3095; x_wconf 87' lang='lat' dir='ltr'><strong>quod</strong></span> <span class='ocrx_word' id='word_1_156' title='bbox 1073 3007 1189 3075; x_wconf 86' lang='lat' dir='ltr'><strong>tutum</strong></span> <span class='ocrx_word' id='word_1_157' title='bbox 1207 3002 1360 3076; x_wconf 87' lang='lat' dir='ltr'><strong>avaritia</strong></span> <span class='ocrx_word' id='word_1_158' title='bbox 1386 3023 1459 3076; x_wconf 87' lang='lat' dir='ltr'><strong>nou</strong></span> <span class='ocrx_word' id='word_1_159' title='bbox 1477 3003 1626 3097; x_wconf 78' lang='lat' dir='ltr'><strong>polluat,</strong></span> 
     </span>
     <span class='ocr_line' id='line_1_20' title="bbox 457 3121 1627 3216; baseline -0.002 -19"><span class='ocrx_word' id='word_1_160' title='bbox 457 3123 551 3197; x_wconf 88' lang='lat' dir='ltr'><strong>sicut</strong></span> <span class='ocrx_word' id='word_1_161' title='bbox 575 3122 769 3216; x_wconf 86' lang='lat' dir='ltr'><strong>aliquando</strong></span> <span class='ocrx_word' id='word_1_162' title='bbox 795 3122 902 3196; x_wconf 89' lang='lat' dir='ltr'><strong>iaciet</strong></span> <span class='ocrx_word' id='word_1_163' title='bbox 926 3123 1090 3195; x_wconf 81' lang='lat' dir='ltr'><strong>solemne</strong></span> <span class='ocrx_word' id='word_1_164' title='bbox 1114 3121 1335 3214; x_wconf 86' lang='lat' dir='ltr'><strong>convivium,</strong></span> <span class='ocrx_word' id='word_1_165' title='bbox 1354 3128 1390 3195; x_wconf 90' lang='lat' dir='ltr'><strong>et</strong></span> <span class='ocrx_word' id='word_1_166' title='bbox 1416 3142 1482 3216; x_wconf 86' lang='lat' dir='ltr'><strong>pro</strong></span> <span class='ocrx_word' id='word_1_167' title='bbox 1499 3122 1627 3198; x_wconf 89' lang='lat' dir='ltr'><strong>iructi-</strong></span> 
     </span>
     <span class='ocr_line' id='line_1_21' title="bbox 455 3240 1627 3336; baseline 0 -20"><span class='ocrx_word' id='word_1_168' title='bbox 455 3244 525 3316; x_wconf 90' lang='lat' dir='ltr'><strong>bus</strong></span> <span class='ocrx_word' id='word_1_169' title='bbox 550 3243 608 3316; x_wconf 85' lang='lat' dir='ltr'><strong>vei</strong></span> <span class='ocrx_word' id='word_1_170' title='bbox 637 3261 767 3336; x_wconf 83' lang='lat' dir='ltr'><strong>sapere</strong></span> <span class='ocrx_word' id='word_1_171' title='bbox 792 3242 850 3315; x_wconf 90' lang='lat' dir='ltr'><strong>vei</strong></span> <span class='ocrx_word' id='word_1_172' title='bbox 880 3241 1019 3314; x_wconf 85' lang='lat' dir='ltr'><strong>aliare</strong></span> <span class='ocrx_word' id='word_1_173' title='bbox 1049 3240 1199 3315; x_wconf 86' lang='lat' dir='ltr'><strong>minima</strong></span> <span class='ocrx_word' id='word_1_174' title='bbox 1225 3240 1424 3314; x_wconf 84' lang='lat' dir='ltr'><strong>maculabit</strong></span> <span class='ocrx_word' id='word_1_175' title='bbox 1453 3241 1627 3335; x_wconf 89' lang='lat' dir='ltr'><strong>quicquid</strong></span> 
     </span>
     <span class='ocr_line' id='line_1_22' title="bbox 453 3360 1719 3456; baseline 0.002 -21"><span class='ocrx_word' id='word_1_176' title='bbox 453 3362 590 3437; x_wconf 85' lang='lat' dir='ltr'><strong>feccrit.</strong></span> <span class='ocrx_word' id='word_1_177' title='bbox 617 3361 701 3435; x_wconf 87' lang='lat' dir='ltr'><strong>ideo</strong></span> <span class='ocrx_word' id='word_1_178' title='bbox 727 3362 822 3435; x_wconf 87' lang='lat' dir='ltr'><strong>bene</strong></span> <span class='ocrx_word' id='word_1_179' title='bbox 848 3360 998 3456; x_wconf 84' lang='lat' dir='ltr'><strong>tingitur</strong></span> <span class='ocrx_word' id='word_1_180' title='bbox 1022 3379 1142 3435; x_wconf 83' lang='lat' dir='ltr'><strong>caecus</strong></span> <span class='ocrx_word' id='word_1_181' title='bbox 1174 3381 1321 3454; x_wconf 81' lang='lat' dir='ltr'><strong>avarus,</strong></span> <span class='ocrx_word' id='word_1_182' title='bbox 1348 3367 1386 3435; x_wconf 94' lang='lat' dir='ltr'><strong>et</strong></span> <span class='ocrx_word' id='word_1_183' title='bbox 1410 3360 1544 3436; x_wconf 87' lang='lat' dir='ltr'><strong>dicitur</strong></span> <span class='ocrx_word' id='word_1_184' title='bbox 1569 3362 1626 3436; x_wconf 90' lang='lat' dir='ltr'><strong>in·</strong></span> <span class='ocrx_word' id='word_1_185' title='bbox 1717 3432 1719 3437; x_wconf 81' lang='grc'>,</span> 
     </span>
     <span class='ocr_line' id='line_1_23' title="bbox 453 3480 1625 3576; baseline 0 -19"><span class='ocrx_word' id='word_1_186' title='bbox 453 3482 638 3557; x_wconf 82' lang='lat' dir='ltr'><strong>tersecisse</strong></span> <span class='ocrx_word' id='word_1_187' title='bbox 670 3481 762 3554; x_wconf 86' lang='lat' dir='ltr'><strong>iiiios</strong></span> <span class='ocrx_word' id='word_1_188' title='bbox 795 3481 972 3574; x_wconf 83' lang='lat' dir='ltr'><strong>proprios,</strong></span> <span class='ocrx_word' id='word_1_189' title='bbox 1001 3480 1099 3573; x_wconf 88' lang='lat' dir='ltr'><strong>quod</strong></span> <span class='ocrx_word' id='word_1_190' title='bbox 1129 3486 1246 3555; x_wconf 85' lang='lat' dir='ltr'><strong>tetum</strong></span> <span class='ocrx_word' id='word_1_191' title='bbox 1282 3487 1338 3554; x_wconf 86' lang='lat' dir='ltr'><strong>est</strong></span> <span class='ocrx_word' id='word_1_192' title='bbox 1375 3501 1519 3576; x_wconf 84' lang='lat' dir='ltr'><strong>verum,</strong></span> <span class='ocrx_word' id='word_1_193' title='bbox 1550 3483 1625 3557; x_wconf 87' lang='lat' dir='ltr'><strong>imo</strong></span> 
     </span>
     <span class='ocr_line' id='line_1_24' title="bbox 453 3589 1625 3696; baseline 0.002 -21"><span class='ocrx_word' id='word_1_194' title='bbox 453 3601 550 3696; x_wconf 88' lang='lat' dir='ltr'><strong>quod</strong></span> <span class='ocrx_word' id='word_1_195' title='bbox 576 3607 631 3675; x_wconf 89' lang='lat' dir='ltr'><strong>est</strong></span> <span class='ocrx_word' id='word_1_196' title='bbox 655 3600 769 3695; x_wconf 86' lang='lat' dir='ltr'><strong>peius,</strong></span> <span class='ocrx_word' id='word_1_197' title='bbox 787 3619 884 3693; x_wconf 86' lang='lat' dir='ltr'><strong>saepe</strong></span> <span class='ocrx_word' id='word_1_198' title='bbox 909 3600 1077 3674; x_wconf 88' lang='lat' dir='ltr'><strong>interficit</strong></span> <span class='ocrx_word' id='word_1_199' title='bbox 1090 3589 1128 3691; x_wconf 80' lang='lat'><strong>(⁷)</strong></span> <span class='ocrx_word' id='word_1_200' title='bbox 1145 3621 1185 3675; x_wconf 88' lang='lat' dir='ltr'><strong>se</strong></span> <span class='ocrx_word' id='word_1_201' title='bbox 1211 3600 1330 3693; x_wconf 92' lang='lat' dir='ltr'><strong>ipsum</strong></span> <span class='ocrx_word' id='word_1_202' title='bbox 1357 3620 1403 3675; x_wconf 86' lang='lat' dir='ltr'><strong>ex</strong></span> <span class='ocrx_word' id='word_1_203' title='bbox 1429 3600 1625 3695; x_wconf 86' lang='lat' dir='ltr'><strong>cupiditate</strong></span> 
     </span>
    </p>
   </div>
   <div class='ocr_carea' id='block_1_6' title="bbox 446 3710 1624 4535">
    <p class='ocr_par' dir='ltr' id='par_1_6' title="bbox 446 3710 1624 4535">
     <span class='ocr_line' id='line_1_25' title="bbox 451 3710 1623 3815; baseline -0.001 -19"><span class='ocrx_word' id='word_1_204' title='bbox 451 3722 554 3815; x_wconf 86' lang='lat' dir='ltr'><strong>lucri,</strong></span> <span class='ocrx_word' id='word_1_205' title='bbox 568 3720 783 3815; x_wconf 84' lang='lat' dir='ltr'><strong>exponendo</strong></span> <span class='ocrx_word' id='word_1_206' title='bbox 800 3740 841 3795; x_wconf 90' lang='lat' dir='ltr'><strong>sc</strong></span> <span class='ocrx_word' id='word_1_207' title='bbox 858 3720 1158 3794; x_wconf 76' lang='lat' dir='ltr'><strong>manifestissimis</strong></span> <span class='ocrx_word' id='word_1_208' title='bbox 1171 3710 1208 3811; x_wconf 81' lang='lat'><strong>(⁸)</strong></span> <span class='ocrx_word' id='word_1_209' title='bbox 1222 3720 1393 3815; x_wconf 87' lang='lat' dir='ltr'><strong>periculis</strong></span> <span class='ocrx_word' id='word_1_210' title='bbox 1406 3721 1544 3795; x_wconf 90' lang='lat' dir='ltr'><strong>mortis.</strong></span> <span class='ocrx_word' id='word_1_211' title='bbox 1560 3723 1623 3795; x_wconf 90' lang='lat' dir='ltr'><strong>Ul-</strong></span> 
     </span>
     <span class='ocr_line' id='line_1_26' title="bbox 451 3840 1623 3936; baseline 0.002 -21"><span class='ocrx_word' id='word_1_212' title='bbox 451 3841 565 3916; x_wconf 88' lang='lat' dir='ltr'><strong>terius</strong></span> <span class='ocrx_word' id='word_1_213' title='bbox 590 3847 646 3915; x_wconf 89' lang='lat' dir='ltr'><strong>est</strong></span> <span class='ocrx_word' id='word_1_214' title='bbox 670 3841 858 3915; x_wconf 89' lang='lat' dir='ltr'><strong>sciendum</strong></span> <span class='ocrx_word' id='word_1_215' title='bbox 884 3840 983 3934; x_wconf 88' lang='lat' dir='ltr'><strong>quod</strong></span> <span class='ocrx_word' id='word_1_216' title='bbox 1003 3840 1120 3915; x_wconf 87' lang='lat' dir='ltr'><strong>Eneas</strong></span> <span class='ocrx_word' id='word_1_217' title='bbox 1145 3841 1235 3914; x_wconf 91' lang='lat' dir='ltr'><strong>dum</strong></span> <span class='ocrx_word' id='word_1_218' title='bbox 1262 3840 1468 3915; x_wconf 88' lang='lat' dir='ltr'><strong>recessisset</strong></span> <span class='ocrx_word' id='word_1_219' title='bbox 1504 3842 1623 3936; x_wconf 89' lang='lat' dir='ltr'><strong>primo</strong></span> 
     </span>
     <span class='ocr_line' id='line_1_27' title="bbox 449 3958 1624 4055; baseline 0.001 -21"><span class='ocrx_word' id='word_1_220' title='bbox 449 3981 471 4034; x_wconf 87' lang='lat' dir='ltr'><strong>a</strong></span> <span class='ocrx_word' id='word_1_221' title='bbox 491 3960 608 4052; x_wconf 85' lang='lat' dir='ltr'><strong>Troia,</strong></span> <span class='ocrx_word' id='word_1_222' title='bbox 626 3958 756 4033; x_wconf 86' lang='lat' dir='ltr'><strong>deiude</strong></span> <span class='ocrx_word' id='word_1_223' title='bbox 772 3980 795 4032; x_wconf 87' lang='lat' dir='ltr'><strong>a</strong></span> <span class='ocrx_word' id='word_1_224' title='bbox 812 3959 920 4034; x_wconf 86' lang='lat' dir='ltr'><strong>Creta</strong></span> <span class='ocrx_word' id='word_1_225' title='bbox 946 3960 1111 4054; x_wconf 88' lang='lat' dir='ltr'><strong>pervenit</strong></span> <span class='ocrx_word' id='word_1_226' title='bbox 1128 3961 1175 4034; x_wconf 89' lang='lat' dir='ltr'><strong>ad</strong></span> <span class='ocrx_word' id='word_1_227' title='bbox 1191 3960 1423 4055; x_wconf 83' lang='lat' dir='ltr'><strong>Strophades,</strong></span> <span class='ocrx_word' id='word_1_228' title='bbox 1437 3981 1521 4053; x_wconf 84' lang='lat' dir='ltr'><strong>quae</strong></span> <span class='ocrx_word' id='word_1_229' title='bbox 1537 3970 1624 4036; x_wconf 89' lang='lat' dir='ltr'><strong>suut</strong></span> 
     </span>
     <span class='ocr_line' id='line_1_28' title="bbox 450 4077 1622 4174; baseline 0.005 -22"><span class='ocrx_word' id='word_1_230' title='bbox 450 4080 577 4153; x_wconf 86' lang='lat' dir='ltr'><strong>iusuiae</strong></span> <span class='ocrx_word' id='word_1_231' title='bbox 593 4077 742 4151; x_wconf 75' lang='lat' dir='ltr'><strong>Graecirc</strong></span> <span class='ocrx_word' id='word_1_232' title='bbox 758 4077 795 4149; x_wconf 90' lang='lat' dir='ltr'><strong>iu</strong></span> <span class='ocrx_word' id='word_1_233' title='bbox 823 4078 916 4152; x_wconf 91' lang='lat' dir='ltr'><strong>mari</strong></span> <span class='ocrx_word' id='word_1_234' title='bbox 928 4079 1042 4173; x_wconf 86' lang='lat' dir='ltr'><strong>jonio,</strong></span> <span class='ocrx_word' id='word_1_235' title='bbox 1062 4080 1099 4153; x_wconf 91' lang='lat' dir='ltr'><strong>in</strong></span> <span class='ocrx_word' id='word_1_236' title='bbox 1125 4079 1259 4174; x_wconf 89' lang='lat' dir='ltr'><strong>quibus</strong></span> <span class='ocrx_word' id='word_1_237' title='bbox 1278 4081 1517 4156; x_wconf 85' lang='lat' dir='ltr'><strong>morabantur</strong></span> <span class='ocrx_word' id='word_1_238' title='bbox 1535 4088 1622 4158; x_wconf 89' lang='lat' dir='ltr'><strong>tunc</strong></span> 
     </span>
     <span class='ocr_line' id='line_1_29' title="bbox 449 4198 1621 4294; baseline 0.005 -22"><span class='ocrx_word' id='word_1_239' title='bbox 449 4200 528 4273; x_wconf 82' lang='lat' dir='ltr'><strong>istae</strong></span> <span class='ocrx_word' id='word_1_240' title='bbox 546 4219 634 4273; x_wconf 86' lang='lat' dir='ltr'><strong>aves</strong></span> <span class='ocrx_word' id='word_1_241' title='bbox 659 4205 912 4273; x_wconf 65' lang='lat' dir='ltr'><strong>monstruosae.</strong></span> <span class='ocrx_word' id='word_1_242' title='bbox 932 4198 984 4273; x_wconf 87' lang='lat' dir='ltr'><strong>lbi</strong></span> <span class='ocrx_word' id='word_1_243' title='bbox 1001 4199 1156 4293; x_wconf 86' lang='lat' dir='ltr'><strong>Troiani,</strong></span> <span class='ocrx_word' id='word_1_244' title='bbox 1175 4200 1278 4273; x_wconf 88' lang='lat' dir='ltr'><strong>iactis</strong></span> <span class='ocrx_word' id='word_1_245' title='bbox 1303 4200 1418 4294; x_wconf 88' lang='lat' dir='ltr'><strong>epulis</strong></span> <span class='ocrx_word' id='word_1_246' title='bbox 1434 4223 1481 4276; x_wconf 80' lang='lat' dir='ltr'><strong>ex</strong></span> <span class='ocrx_word' id='word_1_247' title='bbox 1498 4203 1621 4278; x_wconf 87' lang='lat' dir='ltr'><strong>bestiis</strong></span> 
     </span>
     <span class='ocr_line' id='line_1_30' title="bbox 448 4319 1621 4416; baseline 0.005 -24"><span class='ocrx_word' id='word_1_248' title='bbox 448 4339 542 4415; x_wconf 86' lang='lat' dir='ltr'><strong>quus</strong></span> <span class='ocrx_word' id='word_1_249' title='bbox 559 4320 778 4395; x_wconf 87' lang='lat' dir='ltr'><strong>invenerunt</strong></span> <span class='ocrx_word' id='word_1_250' title='bbox 803 4320 852 4393; x_wconf 87' lang='lat' dir='ltr'><strong>ibi</strong></span> <span class='ocrx_word' id='word_1_251' title='bbox 878 4320 956 4394; x_wconf 87' lang='lat' dir='ltr'><strong>siue</strong></span> <span class='ocrx_word' id='word_1_252' title='bbox 981 4319 1156 4413; x_wconf 81' lang='lat' dir='ltr'><strong>custodia,</strong></span> <span class='ocrx_word' id='word_1_253' title='bbox 1173 4325 1365 4415; x_wconf 88' lang='lat' dir='ltr'><strong>coeperuut</strong></span> <span class='ocrx_word' id='word_1_254' title='bbox 1388 4322 1540 4416; x_wconf 85' lang='lat' dir='ltr'><strong>epulari,</strong></span> <span class='ocrx_word' id='word_1_255' title='bbox 1558 4343 1621 4398; x_wconf 92' lang='lat' dir='ltr'><strong>or·</strong></span> 
     </span>
     <span class='ocr_line' id='line_1_31' title="bbox 446 4438 1620 4535; baseline 0.003 -21"><span class='ocrx_word' id='word_1_256' title='bbox 446 4438 577 4515; x_wconf 83' lang='lat' dir='ltr'><strong>dinatis</strong></span> <span class='ocrx_word' id='word_1_257' title='bbox 606 4440 643 4512; x_wconf 91' lang='lat' dir='ltr'><strong>iu</strong></span> <span class='ocrx_word' id='word_1_258' title='bbox 674 4439 779 4513; x_wconf 80' lang='lat' dir='ltr'><strong>litore</strong></span> <span class='ocrx_word' id='word_1_259' title='bbox 806 4439 959 4533; x_wconf 83' lang='lat' dir='ltr'><strong>mensis3</strong></span> <span class='ocrx_word' id='word_1_260' title='bbox 986 4446 1022 4514; x_wconf 90' lang='lat' dir='ltr'><strong>et</strong></span> <span class='ocrx_word' id='word_1_261' title='bbox 1054 4461 1141 4515; x_wconf 84' lang='lat' dir='ltr'><strong>ecce</strong></span> <span class='ocrx_word' id='word_1_262' title='bbox 1176 4440 1312 4535; x_wconf 85' lang='lat' dir='ltr'><strong>harpiae</strong></span> <span class='ocrx_word' id='word_1_263' title='bbox 1336 4461 1423 4515; x_wconf 92' lang='lat' dir='ltr'><strong>cum</strong></span> <span class='ocrx_word' id='word_1_264' title='bbox 1458 4442 1620 4519; x_wconf 86' lang='lat' dir='ltr'><strong>clamore</strong></span> 
     </span>
    </p>
   </div>
   <div class='ocr_carea' id='block_1_7' title="bbox 507 4707 1595 5002">
    <p class='ocr_par' dir='ltr' id='par_1_7' title="bbox 508 4707 1326 4774">
     <span class='ocr_line' id='line_1_32' title="bbox 508 4707 1326 4774; baseline 0.001 -16"><span class='ocrx_word' id='word_1_265' title='bbox 508 4709 536 4771; x_wconf 75' lang='lat'><strong>(⁸)</strong></span> <span class='ocrx_word' id='word_1_266' title='bbox 551 4707 577 4758; x_wconf 79' lang='lat' dir='ltr'><strong>S.</strong></span> <span class='ocrx_word' id='word_1_267' title='bbox 594 4709 780 4758; x_wconf 70' lang='lat' dir='ltr'><strong>menna-B.</strong></span> <span class='ocrx_word' id='word_1_268' title='bbox 797 4712 856 4760; x_wconf 76' lang='lat' dir='ltr'><strong>ants</strong></span> <span class='ocrx_word' id='word_1_269' title='bbox 872 4722 996 4762; x_wconf 72' lang='lat' dir='ltr'><strong>mcum.</strong></span> <span class='ocrx_word' id='word_1_270' title='bbox 1060 4708 1158 4772; x_wconf 66' lang='lat' dir='ltr'><strong>wita,</strong></span> <span class='ocrx_word' id='word_1_271' title='bbox 1175 4709 1326 4774; x_wconf 62' lang='lat' dir='ltr'><strong>agustinum.</strong></span> 
     </span>
    </p>

    <p class='ocr_par' dir='ltr' id='par_1_8' title="bbox 507 4782 1595 5002">
     <span class='ocr_line' id='line_1_33' title="bbox 507 4782 1595 4850; baseline 0.007 -19"><span class='ocrx_word' id='word_1_272' title='bbox 507 4783 535 4844; x_wconf 76' lang='lat'><strong>(¹)</strong></span> <span class='ocrx_word' id='word_1_273' title='bbox 550 4782 575 4832; x_wconf 88' lang='lat' dir='ltr'><strong>S.</strong></span> <span class='ocrx_word' id='word_1_274' title='bbox 591 4787 618 4833; x_wconf 84' lang='lat' dir='ltr'><strong>ct</strong></span> <span class='ocrx_word' id='word_1_275' title='bbox 633 4784 681 4832; x_wconf 84' lang='lat' dir='ltr'><strong>istc</strong></span> <span class='ocrx_word' id='word_1_276' title='bbox 697 4783 799 4834; x_wconf 82' lang='lat' dir='ltr'><strong>habitus</strong></span> <span class='ocrx_word' id='word_1_277' title='bbox 814 4789 842 4834; x_wconf 81' lang='lat' dir='ltr'><strong>ct</strong></span> <span class='ocrx_word' id='word_1_278' title='bbox 858 4785 994 4848; x_wconf 76' lang='lat' dir='ltr'><strong>rppoutm.</strong></span> <span class='ocrx_word' id='word_1_279' title='bbox 1059 4785 1086 4848; x_wconf 76' lang='lat'><strong>(⁸)</strong></span> <span class='ocrx_word' id='word_1_280' title='bbox 1103 4784 1133 4835; x_wconf 82' lang='lat' dir='ltr'><strong>E.</strong></span> <span class='ocrx_word' id='word_1_281' title='bbox 1150 4784 1236 4846; x_wconf 75' lang='lat' dir='ltr'><strong>Aciio,</strong></span> <span class='ocrx_word' id='word_1_282' title='bbox 1254 4784 1319 4835; x_wconf 79' lang='lat' dir='ltr'><strong>idest</strong></span> <span class='ocrx_word' id='word_1_283' title='bbox 1335 4785 1447 4835; x_wconf 80' lang='lat' dir='ltr'><strong>alienum</strong></span> <span class='ocrx_word' id='word_1_284' title='bbox 1465 4791 1595 4850; x_wconf 62' lang='lat' dir='ltr'><strong>appetas.</strong></span> 
     </span>
     <span class='ocr_line' id='line_1_34' title="bbox 508 4858 1483 4925; baseline 0.006 -18"><span class='ocrx_word' id='word_1_285' title='bbox 508 4859 536 4920; x_wconf 65' lang='grc' dir='ltr'><strong>ι’)</strong></span> <span class='ocrx_word' id='word_1_286' title='bbox 552 4858 582 4908; x_wconf 83' lang='lat' dir='ltr'><strong>E.</strong></span> <span class='ocrx_word' id='word_1_287' title='bbox 599 4858 690 4921; x_wconf 75' lang='lat' dir='ltr'><strong>sepem</strong></span> <span class='ocrx_word' id='word_1_288' title='bbox 706 4861 838 4924; x_wconf 56' lang='lat' dir='ltr'><strong>marita.</strong></span> <span class='ocrx_word' id='word_1_289' title='bbox 1057 4861 1085 4923; x_wconf 79' lang='lat'><strong>(⁸)</strong></span> <span class='ocrx_word' id='word_1_290' title='bbox 1102 4861 1132 4911; x_wconf 83' lang='lat' dir='ltr'><strong>E.</strong></span> <span class='ocrx_word' id='word_1_291' title='bbox 1148 4862 1219 4925; x_wconf 80' lang='lat' dir='ltr'><strong>quod</strong></span> <span class='ocrx_word' id='word_1_292' title='bbox 1234 4875 1294 4912; x_wconf 72' lang='lat' dir='ltr'><strong>m</strong></span> <span class='ocrx_word' id='word_1_293' title='bbox 1309 4862 1365 4912; x_wconf 72' lang='lat' dir='ltr'><strong>isto</strong></span> <span class='ocrx_word' id='word_1_294' title='bbox 1380 4862 1483 4915; x_wconf 66' lang='grc' dir='ltr'><strong>Μ.</strong></span> 
     </span>
     <span class='ocr_line' id='line_1_35' title="bbox 509 4934 1389 5002; baseline 0.006 -4"><span class='ocrx_word' id='word_1_295' title='bbox 509 4934 731 4998; x_wconf 64' lang='lat' dir='ltr'><strong>vicinarum</strong></span> <span class='ocrx_word' id='word_1_296' title='bbox 778 4958 781 4965; x_wconf 58' lang='lat'><strong><em>¹</em></strong></span> <span class='ocrx_word' id='word_1_297' title='bbox 1018 4941 1022 4946; x_wconf 84' lang='lat'>&#39;</span> <span class='ocrx_word' id='word_1_298' title='bbox 1058 4936 1389 5002; x_wconf 58' lang='lat' dir='ltr'><strong>timuissem</strong></span> 
     </span>
    </p>
   </div>
   <div class='ocr_carea' id='block_1_8' title="bbox 0 0 2082 6546">
    <p class='ocr_par' dir='ltr' id='par_1_9' title="bbox 0 0 2082 6546">
     <span class='ocr_line' id='line_1_36' title="bbox 0 0 2082 6546; baseline 0 8"><span class='ocrx_word' id='word_1_299' title='bbox 0 0 2082 6546; x_wconf 95' lang='lat' dir='ltr'><strong> </strong></span> 
     </span>
    </p>
   </div>
  </div>
 </body>
</html>
