4154 6546
721 782 859 841 CANTUS
884 782 1077 845 securium.
1436 773 1482 837 7⁸1

311 932 396 1013 dicit
411 937 537 1009 autor:
555 951 577 1003 o
594 949 708 1019 mma,
720 927 823 1022 idest,
840 948 864 1001 o
880 927 1030 1005 scientia
1047 927 1198 1022 poetica.
1217 927 1262 1001 Et
1282 934 1368 1005 notu
1386 927 1486 1022 quod

311 1051 424 1145 aliqui
448 1055 571 1127 textus
596 1048 742 1140 nabent,
767 1068 790 1119 o
815 1068 922 1138 muse,
947 1047 984 1125 in
1009 1046 1161 1141 plurali3
1179 1045 1243 1120 sed
1259 1046 1370 1122 credo
1387 1045 1486 1140 quon

312 1169 612 1262 monosticum,
628 1188 652 1243 o
667 1187 781 1257 musa,
794 1166 831 1243 iu
848 1166 1035 1262 singulari,
1048 1166 1135 1261 quia
1151 1172 1260 1239 autor
1274 1157 1486 1257 imitaturi)

313 1289 505 1385 Virgilium
530 1307 654 1381 suum,
680 1285 805 1380 quiin
830 1284 1005 1379 principio
1029 1285 1195 1380 lineydos
1209 1275 1246 1377 (¹)
1272 1285 1393 1379 incipit
1418 1285 1485 1365 sicr

315 1413 431 1498 Maon,
445 1408 528 1479 arsilli
542 1426 668 1481 camos
688 1425 855 1481 mensore.
874 1403 926 1484 Ite
939 1409 976 1479 et
988 1404 1182 1497 Homerus,
1197 1404 1486 1500 quemVirgilius

316 1515 546 1623 sequitur(³)‚
571 1526 610 1601 in
633 1524 808 1619 principio
833 1524 1002 1620 edyssoae
1027 1524 1134 1599 dicit:
1161 1527 1227 1597 Dic
1249 1526 1343 1614 miii,
1368 1529 1486 1615 Musa,

316 1651 440 1725 virum
459 1645 631 1721 Similiter
650 1645 686 1718 iu
704 1643 879 1739 principio
895 1643 1025 1717 Iliados
1041 1642 1143 1719 dicit:
1162 1648 1263 1717 Iram
1271 1645 1390 1734 ponde
1406 1644 1489 1717 milri

315 1772 404 1849 Dea.
435 1764 555 1845 lituo
581 1762 664 1838 vide
686 1762 872 1857 quomodo
901 1768 1011 1840 nutor
1040 1763 1185 1837 invocat
1211 1762 1248 1835 iu
1272 1761 1435 1858 generali
1448 1748 1487 1852 (⁴)

317 1905 477 1978 musam,
501 1903 585 1978 quae
611 1882 772 1957 eontinet
801 1902 934 1957 novem
965 1904 1101 1957 musas.
1127 1882 1247 1976 Aliqui
1272 1887 1397 1956 tamen
1422 1900 1488 1961 vo*

318 2007 397 2082 lunt
428 2002 527 2096 quod
555 2002 667 2097 possit
695 2001 806 2077 etiam
832 2001 981 2097 intelligi
1006 2002 1044 2075 in
1074 2001 1218 2097 speciali
1245 2000 1488 2075 authonoma-

317 2125 390 2201 sice
403 2115 441 2216 (⁵)
467 2122 515 2201 de
540 2143 647 2197 musa
672 2121 1022 2217 principalissima
1039 2121 1208 2216 Calliope,
1226 2141 1311 2214 quae
1335 2127 1390 2201 est
1412 2120 1488 2201 Dee

317 2242 547 2338 eloquentie,
573 2248 609 2317 et
633 2241 767 2317 dicitur
791 2241 919 2336 regina
944 2262 1150 2335 musarum,
1168 2263 1280 2335 quarn
1301 2249 1411 2320 autor
1435 2242 1491 2323 im·

318 2370 425 2445 rorat
449 2363 665 2441 nominatim
690 2362 728 2437 iu
753 2361 928 2457 principio
944 2361 1162 2457 Purgatorii,
1179 2362 1243 2435 ubi
1263 2362 1367 2437 dicit:
1385 2367 1419 2437 Ε
1432 2363 1492 2454 om

323 2487 498 2579 calliopea
517 2485 685 2574 mquam
703 2501 824 2572 sarpa.
843 2480 934 2567 Quae
958 2487 1084 2555 autem
1106 2481 1176 2556 sint
1201 2481 1278 2556 istm
1305 2500 1432 2575 musae,
1453 2486 1490 2555 et

319 2609 419 2697 quot
446 2608 482 2677 et
507 2601 608 2696 quod
632 2621 764 2675 earum
789 2599 965 2694 officium,
986 2600 1104 2675 dicam
1131 2599 1334 2694 specialiter
1358 2599 1489 2677 eodem

319 2722 476 2817 capitulo
501 2720 621 2815 primo
646 2718 863 2814 Purgatorii.
890 2720 933 2795 Et
958 2719 1101 2794 dicimo
1126 2722 1198 2792 olto
1217 2722 1382 2810 lupence,
1400 2718 1490 2795 idest

319 2841 566 2937 prolumium3
591 2845 646 2914 est
671 2839 770 2914 enim
796 2839 984 2935 ingenium
1010 2840 1186 2913 naturalis
1208 2840 1263 2915 ris
1287 2839 1420 2914 animm
1444 2836 1491 2917 ad

320 2960 457 3054 aliquid
480 2960 553 3035 cito
577 2959 838 3034 inveniendum
864 2965 901 3034 et
926 2959 1211 3054 percipiendum.
1235 2960 1493 3035 011911.Νο-

320 3084 441 3157 tauter
468 3078 558 3153 dixit
586 3085 709 3170 monte,
742 3078 862 3172 potius
895 3099 1008 3172 quam
1042 3081 1212 3151 memorio
1223 3104 1239 3171 ,·
1269 3099 1356 3152 nam
1386 3098 1492 3152 mens

320 3197 530 3293 simpliciter
553 3203 591 3275 et
614 3197 761 3292 proprie
786 3197 969 3292 loquendo
993 3197 1039 3272 de
1064 3217 1104 3271 se
1129 3216 1275 3292 semper
1300 3204 1354 3271 est
1379 3197 1492 3290 bona3

320 3315 501 3393 memoria
524 3335 615 3391 vero
639 3322 756 3410 potest
781 3336 861 3390 esse
885 3336 998 3409 prava
1013 3305 1062 3407 (⁶).
1081 3315 1187 3389 Unde
1204 3313 1430 3410 Augustinus
1446 3313 1493 3394 de

320 3436 472 3513 Ciuitate
496 3436 572 3529 Dei,
599 3434 693 3511 libro
714 3435 774 3509 Vll
792 3425 846 3527 (⁷):
877 3438 959 3523 an's
988 3437 1079 3511 cuim
1112 3435 1239 3508 molter
1272 3456 1345 3509 esre
1374 3438 1493 3511 metim

319 3557 598 3631 mauraneum
622 3563 781 3647 amntem
807 3575 913 3647 pacm
947 3557 1154 3629 memoriam
1183 3561 1492 3647 quaommcumpue

319 3682 519 3770 mpetum?
543 3680 652 3751 Neam
667 3678 757 3749 mum
775 3679 887 3748 mulus
904 3682 955 3748 est
977 3678 1037 3766 qui
1052 3675 1180 3748 bonnm
1199 3675 1301 3748 uocet
1323 3682 1491 3769 nwntcm5

321 3802 463 3897 mium
488 3818 572 3871 oero
600 3798 741 3889 pessimi
754 3785 792 3888 (⁸)
824 3798 994 3869 menotio
1017 3804 1098 3869 sum
1121 3796 1285 3885 mmamii,
1312 3802 1408 3868 tanto
1426 3817 1492 3888 pe-

311 3921 427 4011 jores,
452 3924 583 4009 ouem
607 3919 720 3989 mium
739 3923 888 4007 possum
915 3918 1010 4007 paon
1033 3918 1124 3989 male
1151 3918 1305 4006 cupitam
1328 3916 1489 3993 meme.

320 4041 447 4115 -cm
468 4040 638 4127 moeri,
655 4035 800 4129 scilicet,
826 4034 863 4107 in
888 4035 1020 4110 cellula
1045 4035 1250 4109 memoriali
1276 4035 1417 4128 notasti,
1436 4025 1490 4108 cil

320 4161 417 4235 oi’io
443 4160 527 4248 uidi,
552 4156 699 4249 scilicet,
715 4177 801 4230 cum
819 4156 928 4229 oculo
953 4155 1187 4234 intellectuali
1205 4155 1243 4234 in
1268 4156 1335 4230 ista
1360 4176 1492 4250 specu-

320 4278 456 4355 latione
471 4296 573 4369 mea3
590 4278 696 4370 moa
714 4265 836 4367 parre
852 4278 888 4348 lo
906 4281 966 4349 tuo
987 4275 1174 4365 notitiam,
1191 4275 1296 4368 quasi
1312 4275 1426 4353 dicat:
1454 4277 1492 4351 in

322 4395 388 4475 nu
412 4401 488 4471 tum
510 4395 619 4471 nobili
637 4394 803 4487 materia,
821 4414 934 4487 quam
951 4414 1071 4488 nuper
1087 4394 1267 4488 assumpsi
1283 4394 1494 4469 describen-

385 4583 412 4645 (¹)
428 4585 454 4636 S.
471 4585 563 4634 imitat.
937 4580 963 4642 (¹)
981 4586 1035 4642 tte,
1052 4583 1221 4646 Eneyrlorum
1237 4583 1339 4633 invocat
1354 4583 1399 4634 sic.

385 4660 411 4722 θ)
427 4661 453 4711 S.
469 4661 586 4724 sequitur
602 4658 741 4723 Virgilium
758 4660 811 4722 qui.
937 4657 963 4719 (⁸)
980 4657 1005 4709 8.
1021 4658 1047 4708 in
1064 4658 1197 4722 ungulam

385 4736 412 4798 (⁸)
429 4736 459 4786 E.
476 4736 705 4786 enthonommtlce.
935 4735 964 4796 (⁸)
983 4739 1036 4793 tto,
1053 4748 1114 4799 sepe
1130 4748 1217 4799 praru.

358 4878 362 4885 μ
385 4812 412 4872 l’l
429 4816 483 4872 rm,
500 4811 645 4871 libronll,
662 4825 717 4874 cup.
728 4812 774 4862 111.
789 4810 853 4872 Quis
869 4810 939 4860 enlm
955 4810 1055 4865 dubitet
1069 4824 1125 4865 αιο
1140 4809 1242 4863 mim.

386 4887 413 4948 (¹)
430 4891 483 4947 tto,
500 4889 603 4951 pessimi
619 4888 713 4939 nubent
728 4887 882 4943 memorum
897 4887 1052 4947 mirabilem,
1067 4892 1147 4941 tuto.
