4154 6546
868 760 1010 816 camus
1030 758 1201 816 tuumne.
1547 754 1621 821 119

455 910 575 982 totum
599 905 766 980 animum
792 903 1023 979 intenderant
1035 898 1085 996 (¹).
1111 904 1196 979 Post
1228 912 1403 1001 papamm
1433 908 1624 1004 magnani-

454 1015 691 1116 m‘issimusffl
721 1022 817 1117 iuit;
846 1042 934 1097 nam
965 1023 1126 1119 deposita
1157 1024 1276 1120 papali
1304 1026 1489 1123 dignitate,
1520 1024 1624 1121 quasi

454 1143 615 1241 quadam
640 1142 857 1239 gravissima
882 1142 1036 1236 sarcina,
1065 1142 1254 1237 pristinam
1284 1145 1515 1219 solitudinem
1546 1152 1623 1219 tam

452 1256 559 1342 avide
583 1262 783 1359 repetebat,
808 1267 851 1335 ut
874 1261 1063 1336 videretur
1079 1260 1242 1358 captivus
1267 1263 1315 1339 ab
1331 1265 1449 1339 hostili
1474 1280 1624 1339 carcere

452 1380 639 1458 liberatus.
656 1378 758 1456 Siout
775 1380 872 1455 euim
887 1390 1133 1456 narraverunt
1146 1380 1209 1476 qui
1219 1381 1404 1477 viderunt,
1418 1403 1503 1457 cum
1520 1387 1623 1456 tanto

454 1501 590 1601 gaudio
613 1508 651 1576 et
670 1500 787 1576 'letitie
811 1499 1018 1593 recedebat,
1036 1507 1078 1574 ut
1103 1522 1176 1574 non
1193 1501 1381 1576 videretur
1398 1502 1623 1577 subtraxisse

453 1624 654 1696 immerum
679 1620 811 1695 biando
836 1619 952 1713 oneri,
970 1620 1033 1693 sed
1049 1619 1231 1694 eervicem
1246 1620 1382 1696 minaci
1399 1621 1529 1696 securi.
1547 1618 1622 1695 Neo

455 1740 616 1834 mirum3
637 1739 777 1815 sciebat
802 1737 898 1812 enim
929 1758 1004 1831 quo
1034 1736 1184 1832 redibat,
1216 1759 1284 1813 nec
1309 1737 1499 1836 ignorabat
1523 1738 1622 1813 unde

448 1854 651 1934 recederet
677 1852 884 1932 Recedebat
908 1856 1006 1930 enim
1033 1857 1080 1932 ab
1104 1856 1247 1931 inferno
1269 1858 1486 1952 viventium,
1503 1863 1541 1932 et
1561 1877 1622 1931 re-

446 1976 551 2052 dibu
575 1976 622 2052 ad
639 1972 857 2072 'paradisum
870 1972 1088 2069 viventium,
1107 1977 1173 2049 nisi
1194 1972 1260 2050 sibi
1280 1976 1473 2052 obstitisset
1482 1976 1621 2052 asiana

450 2092 837 2191 &desidorium
858 2101 1006 2190 captum
1028 2096 1192 2190 retraxit,
1210 2104 1246 2170 et
1264 2096 1412 2171 retrusit
1427 2088 1463 2191 (³)
1481 2096 1523 2170 in
1538 2115 1622 2169 car-

445 2228 575 2293 ‘oeuem
600 2217 671 2292 sub
696 2214 804 2289 flrmn
830 2212 1006 2309 custodia,
1029 2212 1107 2309 nbi,
1127 2215 1162 2289 si
1189 2213 1316 2290 iocum
1350 2214 1518 2311 mutavit,
1548 2236 1622 2291 non

446 2340 576 2411 tumen
593 2335 771 2408 animum.
790 2332 903 2409 Cuius
917 2333 1057 2407 mortui
1074 2334 1196 2408 anima
1213 2332 1465 2408 ascendeus'in
1480 2332 1620 2409 coeium

447 2452 619 2551 'maluit
639 2452 803 2529 iioberto
828 2453 1004 2548 discipulo
1034 2452 1202 2548 superius
1231 2461 1449 2548 memorato,
1474 2462 1512 2529 et
1533 2472 1621 2549 per-

445 2575 565 2650 suasit
580 2579 624 2648 ut
640 2574 677 2648 in
689 2580 818 2648 sancta
836 2572 1028 2647 solitudine
1043 2580 1298 2667 perseveraret
1311 2573 1479 2667 usquein
1495 2570 1619 2667 finem,

450 2693 544 2768 sicut
575 2715 598 2768 a
629 2692 805 2788 principio
830 2691 1004 2765 noluerat
1017 2679 1055 2783 (⁸)
1086 2710 1173 2765 enm
1206 2688 1310 2785 sequi
1340 2690 1486 2786 qnando
1518 2688 1620 2789 prins

447 2814 591 2887 tradtus
607 2808 737 2886 'brerat
760 2808 806 2884 ad
831 2818 1024 2906 papatum.
1051 2806 1099 2883 bt
1126 2808 1291 2885 breviter
1323 2811 1403 2905 ejus
1427 2810 1524 2885 iama
1550 2809 1618 2884 dii-

448 2930 533 3003 msa
553 2942 627 3025 'per
649 2936 771 3004 totam
795 2924 954 3023 italiam,
986 2936 1023 3003 et
1048 2930 1136 3024 ejus
1164 2929 1309 3003 devotio
1331 2920 1367 3021 (Β)
1393 2926 1619 3002 'transcendit

451 3047 571 3143 bipes,
592 3042 800 3142 ‘mutisque
829 3047 1071 3122 conventibus
1102 3066 1256 3120 suorum
1287 3047 1442 3122 fratrum
1473 3044 1617 3140 relictis,

452 3160 577 3241 maritis
596 3166 728 3242 claruit
738 3166 943 3263 miraculis,
959 3173 1108 3262 propter
1125 3184 1208 3259 quae
1229 3165 1361 3239 merita
1376 3160 1485 3261 digne
1502 3164 1618 3238 extitit

451 3292 662 3362 sabcwrum
686 3282 886 3384 ‘eatbalogo
912 3293 1146 3360 numeratus.
1182 3284 1287 3360 Patet
1315 3302 1405 3383 ergo
1438 3305 1485 3358 ex
1516 3284 1618 3358 dictis

447 3404 550 3503 duod
566 3418 648 3483 'non
662 3408 728 3482 eit
751 3400 922 3481 standum
947 3405 1104 3501 opinioni
1130 3402 1255 3502 vdigi3
1281 3422 1367 3480 nam
1377 3424 1489 3480 ranae
1503 3422 1618 3480 voces

449 3522 549 3624 uugi
571 3544 647 3602 riou
660 3528 758 3600 ‘surb
782 3520 984 3619 audiendae,
1009 3546 1077 3600 nec
1094 3526 1158 3599 'vir
1174 3524 1458 3621 sapientissimus
1474 3524 1619 3600 'names

448 3644 654 3723 credendus
669 3652 735 3721 regi
757 3645 881 3720 virum
901 3634 1228 3737 sanctssimumdi
1254 3644 1446 3720 damnasse
1470 3645 1515 3718 ad
1541 3644 1619 3739 oni-

446 3764 596 3839 itionem
619 3764 730 3862 vulgi
761 3762 889 3860 ignari.
915 3760 1013 3852 Quis
1042 3784 1133 3860 ergo
1161 3762 1233 3837 'tuit
1251 3762 1329 3839 'iste
1353 3763 1618 3838 'tristissimus'i

448 3872 536 3959 biso
545 3884 726 3979 breviter,
742 3883 821 3958 sine
830 3878 1023 3981 anudioio
1035 3871 1296 3978 Cimeiiorum,
1309 3885 1408 3978 quod
1420 3884 1489 3958 init
1496 3882 1616 3960 usaue

448 4002 517 4080 tite
530 4002 639 4079 enim
649 4003 742 4078 'iecit
758 4018 931 4100 maguum
950 4003 1207 4079 refutationem
1228 4003 1374 4098 quando
1391 4004 1619 4080 renunciavit

449 4123 573 4198 omnia
604 4117 847 4220 primogenita
877 4143 947 4197 sua
975 4120 1078 4197 tratri
1108 4144 1176 4198 suo
1206 4123 1328 4198 Jacob.
1352 4120 1432 4198 Nec
1461 4124 1618 4199 miretur

449 4238 644 4337 diiudisiie
660 4242 841 4336 bon-qino
851 4240 926 4315 ista
936 4238 1195 4315 'idiomatiima
1211 4232 1247 4334 (⁸)
1265 4240 1518 4337 renunciatio,
1531 4262 1616 4316 nam

449 4376 496 4435 ox
513 4360 801 4459 primogenitura
817 4350 974 4453 diisset
989 4360 1102 4457 patris
1121 4379 1253 4434 eorum
1275 4357 1521 4437 descensurus
1538 4367 1619 4436 erat

509 4568 539 4634 (¹)
555 4574 609 4631 iit,
625 4571 801 4621 incenderant·
958 4570 987 4635 (¹)
1004 4575 1057 4629 iia,
1073 4569 1337 4632 magnanimus-s.
1353 4570 1574 4634 mundaturus.

496 4645 578 4709 'wit
594 4646 710 4697 recinuit.
960 4644 988 4709 (¹)
1003 4644 1034 4695 B.
1045 4644 1095 4695 οὓ.
1111 4640 1238 4695 Noluerit
1253 4646 1324 4696 onim
1339 4648 1413 4711 aqui
1429 4658 1490 4697 eum
1506 4648 1618 4712 quando.

507 4722 536 4785 θ)
550 4721 648 4774 lurni.
662 4726 690 4772 et
705 4720 821 4787 ennam
836 4719 917 4771 Ordo·
955 4720 982 4783 (⁸)
997 4720 1023 4771 S.
1040 4720 1263 4783 sapientissimum.

507 4796 535 4859 θ)
550 4797 582 4846 Β.
597 4796 741 4848 mundum
752 4796 883 4861 judicium
899 4795 1048 4848 meliorum.

507 4871 536 4936 θ)
549 4873 576 4924 S.
591 4878 692 4940 magiis
952 4873 980 4938 i')
997 4874 1023 4925 Β.
1040 4874 1220 4939 primogenito.
1234 4870 1302 4926 -m
1320 4872 1504 4939 primogenitis.
