4154 6546
762 794 900 848 caurus
928 793 1083 848 nucruus
1108 790 1300 846 sucunnus.
1545 778 1613 845 399

448 959 523 1031 quo
540 937 664 1011 audito
685 937 853 1032 Deianira
879 947 959 1031 pust
984 958 1161 1032 maguum
1179 937 1365 1032 planctum
1386 946 1423 1011 et
1439 935 1617 1031 dolorem,

447 1059 602 1133 finaliter
626 1059 825 1132 deliberata
851 1069 1041 1152 tamquam
1069 1058 1203 1131 femina
1229 1056 1381 1151 simplex
1400 1063 1437 1129 et
1456 1057 1618 1151 credula,

447 1179 543 1251 misit
568 1185 707 1252 vestem
734 1199 839 1251 suam
865 1198 931 1273 per
956 1179 1136 1251 lamulum
1167 1198 1277 1250 suum
1310 1176 1431 1248 Licam
1459 1177 1618 1270 Herculi,

447 1321 521 1392 qua
548 1299 706 1392 indutus,
723 1298 844 1371 subito
864 1318 1040 1371 accensus
1065 1303 1140 1373 tcto
1166 1317 1334 1390 corpure,
1359 1295 1467 1390 coepit
1486 1297 1619 1370 resolvi

446 1440 512 1515 per
536 1419 660 1492 omnia
687 1419 865 1512 membra,
883 1424 920 1492 et
940 1418 1084 1512 spoliari
1101 1439 1167 1513 per
1185 1417 1307 1512 omnia
1326 1438 1418 1490 ossa.
1438 1418 1521 1492 Post
1540 1418 1618 1489 lun-

446 1561 532 1635 gam
547 1533 584 1631 (¹)
610 1539 742 1612 luriam
769 1549 806 1615 et
831 1540 1031 1632 querelam
1050 1539 1225 1612 llercules
1242 1544 1369 1631 sponte
1387 1537 1508 1611 iniecit
1524 1558 1564 1611 se
1581 1538 1617 1610 in

447 1659 590 1754 iguem3
613 1669 650 1735 et
674 1660 725 1732 sic
750 1660 806 1732 vir
832 1658 1040 1753 indomitus,
1058 1658 1120 1751 qui
1147 1658 1341 1731 domuerat
1367 1664 1563 1730 centauros
1581 1665 1617 1731 et

447 1779 570 1852 omnia
602 1788 765 1855 monstra
796 1779 934 1872 mundi,
959 1779 1118 1854 domitus
1144 1783 1180 1851 et
1210 1777 1326 1853 victus
1357 1788 1411 1853 est
1442 1778 1620 1873 sanguine

324 1972 327 1979 ,
448 1898 550 1972 Nessi
575 1898 759 1992 centauri3
778 1904 815 1971 et
839 1898 890 1972 sic
915 1900 1048 1973 Nessus
1074 1898 1245 1991 moriens,
1264 1897 1326 1991 qui
1353 1918 1426 1971 non
1451 1904 1619 1991 potuerat

449 2039 515 2114 per
541 2018 750 2092 violentiam
777 2018 914 2092 habere
939 2018 1105 2092 dilectam
1134 2018 1355 2112 Dejauiram‚
1377 2039 1442 2112 per
1467 2019 1620 2091 fraudu-

451 2139 598 2214 lentiam
626 2137 769 2212 necavit
798 2137 920 2210 virum
953 2138 1021 2211 sibi
1049 2139 1228 2232 odiosum,
1254 2138 1461 2212 Herculem.
1493 2139 1537 2210 Et
1562 2138 1619 2210 lrlc

449 2265 535 2332 uota
561 2258 659 2351 quod
684 2257 797 2351 aliqui
823 2258 951 2331 volunt
983 2259 1052 2331 hcc
1083 2265 1201 2331 totum
1234 2258 1345 2332 luisse
1380 2279 1521 2352 rerum,
1548 2279 1619 2332 non

451 2379 600 2454 lictum:
631 2378 754 2451 dicunt
786 2377 882 2451 enirn
916 2378 1014 2472 quod
1053 2378 1113 2451 ille
1146 2379 1294 2474 sanguis
1331 2379 1432 2453 Nessi
1466 2379 1619 2453 inlectus

450 2500 579 2595 sagitta
605 2504 784 2572 venenata
809 2497 974 2570 Herculis
999 2498 1066 2570 luit
1092 2504 1201 2572 tantae
1231 2499 1414 2593 efficacia,
1441 2498 1539 2593 quod
1567 2500 1618 2572 sic

450 2619 599 2693 resolvit
629 2619 761 2713 ipsum,
790 2617 884 2688 sicut
916 2638 938 2690 a
976 2617 1083 2690 simili
1121 2618 1243 2690 scribit
1279 2619 1433 2705 Quintus
1467 2619 1614 2691 Curtius
1692 2654 1694 2658 ν

450 2741 497 2814 de
526 2740 587 2813 illo
613 2758 754 2812 veneno
780 2737 936 2832 pessimo
961 2738 1219 2831 putentissimo,
1250 2759 1324 2832 quo
1359 2738 1538 2812 extinctus
1564 2743 1618 2811 est

450 2858 655 2932 Alexander
684 2857 844 2933 Macedo,
870 2857 922 2929 lld
948 2858 1172 2951 propositum
1198 2878 1288 2952 ergo
1318 2864 1426 2931 autor
1450 2857 1620 2931 describit

451 2978 571 3073 ipsum
591 2978 745 3050 Nessum
763 2977 810 3050 ab
828 2977 894 3049 ista
914 2976 1088 3072 singulari
1110 2978 1292 3071 violentia,
1306 2998 1418 3070 quam
1429 2968 1465 3068 (Ζ)
1480 2983 1621 3051 temere

452 3098 641 3171 attentavit
665 3098 713 3170 ab
738 3097 817 3171 eius
833 3087 868 3189 (³)
897 3097 1066 3170 violentia
1092 3104 1128 3171 et
1157 3119 1180 3170 a
1212 3104 1332 3171 morte
1357 3097 1502 3192 indigna
1527 3098 1621 3170 ller-

451 3219 552 3311 culis‚
571 3218 676 3291 cuius
702 3218 777 3312 ipse
803 3218 870 3290 luit
887 3238 1021 3291 causa:
1040 3224 1076 3290 et
1096 3218 1178 3292 vide
1196 3239 1307 3311 quam
1326 3218 1487 3291 breviter
1508 3218 1621 3313 tangit

448 3337 526 3411 ista.
553 3339 657 3411 Nunc
689 3338 733 3410 ad
766 3339 907 3411 literam
940 3337 1025 3410 dicit
1057 3344 1188 3411 autor:
1220 3345 1256 3412 et
1290 3338 1349 3411 ille
1381 3338 1550 3434 Virgilius
1575 3343 1623 3412 mi
1740 3366 1743 3371 ·

452 3450 541 3530 enti
563 3461 638 3550 pot,
656 3458 747 3534 idest
773 3459 887 3553 tangit
903 3446 939 3550 (⁴)
966 3479 1039 3552 me,
1065 3468 1107 3533 ut
1132 3459 1268 3531 laceret
1287 3478 1348 3531 me
1367 3464 1547 3531 attentum
1574 3459 1620 3532 ad

450 3577 713 3671 respiciendum
731 3569 768 3669 (⁵)
797 3578 883 3651 istos
908 3577 966 3651 vel
991 3577 1300 3673 cognoscendum,
1325 3599 1344 3649 e
1372 3581 1483 3650 unse.-
1509 3581 1622 3669 quenti

448 3692 484 3770 δε
510 3703 632 3789 Nesso,
649 3701 709 3770 cte
734 3701 847 3770 niorto
869 3719 936 3789 pcr
960 3701 997 3770 la
1021 3700 1109 3770 bella
1135 3699 1323 3788 chunira,
1340 3704 1462 3771 amata
1480 3700 1620 3772 Hercu-

448 3818 501 3911 lis,
524 3838 636 3910 quam
663 3817 778 3891 voluit
803 3824 972 3911 stuprare
987 3808 1037 3912 (ὓ),
1051 3818 1134 3892 licet
1155 3823 1250 3891 esset
1267 3837 1333 3911 pro
1359 3823 1464 3911 parte
1489 3838 1619 3912 equus,

446 3946 480 4010 et
502 3940 559 4010 elli
582 3945 688 4010 stesso
711 3942 765 4031 see
789 3940 827 4009 la
852 3941 1009 4011 ammte
1040 3941 1078 4011 di
1105 3960 1155 4028 se,
1189 3938 1280 4012 illest
1312 3938 1359 4013 de
1392 3945 1512 4013 morte
1541 3960 1619 4033 sua,

449 4058 535 4152 quia
556 4064 753 4151 antequam
772 4065 982 4132 moreretur
1000 4058 1147 4153 reliquit
1160 4049 1196 4150 (⁷)
1217 4058 1412 4131 vindictam
1430 4079 1535 4131 suam
1553 4080 1620 4152 po-

448 4179 654 4272 tentialiter,
682 4179 764 4252 licet
790 4200 862 4251 non
893 4179 1085 4253 actualiter
1116 4186 1213 4253 tunc.
1249 4179 1385 4254 Deinde
1416 4178 1531 4274 tangit
1561 4199 1621 4254 se·

511 4449 537 4506 (¹)
554 4446 584 4495 E.
601 4446 704 4510 longam
722 4459 785 4496 vero
798 4446 902 4495 suriam.

511 4526 538 4590 (¹)
557 4526 583 4575 S.
599 4540 650 4589 qua
666 4531 720 4576 lam
737 4530 835 4576 temere
852 4527 1012 4590 attemptarlt
1028 4527 1060 4577 ab
1076 4528 1131 4577 eius
1147 4533 1232 4578 morte
1242 4527 1354 4577 violenta
1362 4530 1389 4575 et
1399 4538 1413 4574 ι
1423 4529 1509 4575 morte
1518 4525 1620 4589 indign·

449 4603 578 4653 Herculis.

511 4678 537 4742 l‘)
555 4682 599 4728 llll
615 4691 631 4729 e
648 4679 678 4729 E.
695 4680 727 4729 ab
743 4681 798 4730 eius
814 4685 900 4731 morta
917 4679 1028 4731 violenta
1045 4686 1072 4732 el
1087 4695 1102 4731 ι
1118 4686 1203 4732 morte
1218 4682 1319 4745 mdlgu·
1335 4679 1466 4730 Herculls.

513 4755 539 4817 (⁸)
557 4755 582 4803 S.
599 4768 614 4803 e
632 4755 662 4803 E.
680 4757 763 4819 tetigit
777 4770 829 4807 mc.

513 4830 540 4890 (⁸)
557 4831 587 4880 E.
605 4832 794 4893 respiciendum
812 4834 871 4884 ‘llos
886 4838 914 4884 el
929 4836 1146 4897 cognoscendum.

514 4907 541 4970 (·)
558 4912 611 4968 lle,
629 4914 754 4973 strupare.
1068 4912 1095 4973 (⁷)
1110 4913 1136 4962 S.
1153 4912 1213 4963 lecit
1230 4912 1375 4963 vindictam.
