4154 6546
454 789 524 854 400
845 800 1048 856 COMENTUM
1073 801 1224 855 inultum

452 944 626 1038 cundum,
652 944 787 1021 scilicet
811 945 1018 1020 Chironem.
1036 947 1090 1019 bd
1115 946 1222 1019 cuius
1246 945 1409 1019 notitiam
1424 945 1513 1019 uolo
1527 936 1565 1037 (¹)
1585 950 1623 1019 la

451 1065 509 1138 hic
534 1065 628 1138 bene
653 1065 896 1160 considerare,
917 1087 1029 1159 quam
1045 1057 1083 1157 (²)
1101 1065 1334 1141 artificialiter
1359 1072 1469 1139 autor
1494 1084 1626 1159 proce·

450 1184 501 1257 dit
526 1204 611 1257 cum
642 1184 769 1257 ordine
793 1184 925 1259 debito.
953 1185 1130 1259 Describit
1159 1184 1256 1259 enim
1290 1184 1505 1258 secundario
1538 1183 1624 1258 Chi·

452 1324 592 1398 ronom,
610 1304 674 1378 sed
694 1324 780 1377 cum
807 1305 939 1379 laude:
965 1306 1059 1379 sicut
1083 1305 1180 1380 enim
1200 1312 1280 1378 erat
1301 1305 1508 1400 expediens,
1535 1305 1620 1398 quia

450 1424 597 1500 dixisset
621 1425 751 1518 aliquis
777 1432 867 1519 quot
892 1425 1043 1502 luerunt
1067 1425 1286 1528 stipendiarii
1303 1425 1371 1499 viri
1389 1427 1473 1499 boni
1492 1432 1529 1500 et
1546 1424 1622 1499 vir-

452 1543 556 1637 tuosi,
583 1543 663 1617 ideo
688 1552 797 1618 autor
822 1545 901 1618 vult
925 1546 1117 1619 ostendere
1143 1545 1242 1639 quod
1266 1545 1361 1621 inter
1393 1547 1483 1620 tales
1508 1544 1622 1621 inter-

450 1664 538 1737 dum
568 1664 749 1757 reperitur
780 1664 909 1758 aliquis
935 1664 1062 1738 nobilis
1087 1665 1206 1738 bonus
1235 1671 1272 1738 et
1301 1665 1473 1759 prudens,
1503 1664 1566 1758 qui
1581 1654 1619 1757 (³)

450 1791 555 1858 cavet
580 1784 646 1857 sibi
671 1805 694 1857 a
720 1784 897 1858 violentiis
925 1790 962 1858 et
993 1785 1138 1878 rapinis,
1164 1792 1202 1858 et
1232 1784 1348 1861 utitur
1378 1784 1517 1859 viribus
1546 1785 1621 1858 suis

450 1904 545 1977 bene
569 1903 606 1975 in
631 1904 726 1976 iusto
751 1903 857 1977 bello.
886 1904 956 1978 lste
981 1924 1142 1997 namque
1167 1903 1301 1978 Chiron
1327 1910 1526 1980 centaurus
1551 1903 1619 1978 luit

451 2022 507 2094 vir
532 2023 673 2116 sapiens
699 2044 855 2118 magnus
881 2023 1055 2120 magister
1080 2044 1276 2118 equorum,
1293 2031 1439 2097 amator
1451 2011 1490 2116 (⁴)
1510 2044 1621 2099 sono·

450 2163 533 2214 rum
573 2142 812 2237 musicorum,
844 2143 1009 2238 cognitor
1025 2134 1060 2235 (⁵)
1092 2143 1304 2237 herbarum,
1336 2142 1619 2236 patientissimus

450 2261 631 2356 laborum,
649 2262 863 2336 fortissimus
885 2270 1055 2357 venator,
1075 2263 1172 2337 unde
1190 2263 1366 2336 utebatur
1383 2262 1458 2337 suis
1480 2262 1619 2358 sagittis

448 2390 574 2456 oontra
600 2384 723 2457 leones
748 2390 785 2457 et
807 2384 896 2457 alias
929 2384 1036 2477 ieras,
1062 2390 1287 2477 temperatus
1320 2384 1505 2476 multum;
1535 2402 1621 2477 quae

448 2503 570 2576 omnia
584 2493 619 2593 (⁶)
638 2504 761 2576 docuit
785 2503 971 2598 Achillem,
989 2505 1095 2576 cuius
1112 2504 1187 2597 ipsc
1203 2503 1270 2575 luit
1289 2503 1447 2577 nutritor
1473 2514 1509 2579 et
1534 2524 1620 2598 pre·

449 2628 574 2716 ceptor
600 2643 622 2694 a
648 2623 781 2696 teneris
806 2624 924 2716 annis3
951 2623 1031 2697 ideo
1057 2624 1150 2697 benc
1175 2630 1284 2696 autor
1309 2622 1479 2697 describit
1498 2623 1617 2717 ipsum

450 2741 507 2814 bic
531 2742 578 2813 ab
604 2741 671 2814 ista
697 2742 870 2837 singulari
896 2743 1080 2815 nutritura
1097 2749 1134 2815 et
1149 2742 1324 2836 doctrina,
1343 2743 1482 2818 dicens:
1503 2746 1619 2841 equcl

448 2864 486 2933 di
510 2882 644 2951 ntczzo,
670 2862 769 2955 ponit
795 2863 913 2956 ipsum
938 2862 975 2934 in
1002 2862 1121 2935 modio
1146 2862 1264 2957 gralia
1290 2862 1449 2955 honoris,
1477 2861 1619 2937 ratione

449 2980 651 3075 nobilitatis,
677 2982 803 3075 aetatis,
830 2971 1038 3075 virtutisl⁷l,
1064 2989 1101 3056 et
1126 2989 1168 3054 ut
1199 2988 1420 3077 temperaret
1448 2982 1555 3077 iram,
1580 2988 1619 3057 el

447 3102 610 3176 furorem
638 3103 842 3196 sociorum3
868 3103 949 3176 ideo
974 3102 1080 3178 dicit:
1102 3105 1152 3175 cl'
1166 3106 1204 3175 al
1221 3109 1315 3194 petto
1339 3105 1371 3174 sl
1394 3105 1500 3195 mdo,
1527 3102 1563 3175 in
1578 3090 1615 3194 (Ὀ)

447 3223 516 3296 hoc
555 3230 655 3298 notat
690 3223 907 3318 gravitatem
947 3228 984 3296 et
1022 3223 1270 3296 maturitatem
1312 3223 1479 3317 hominis,
1515 3219 1553 3296 c‘o
1590 3226 1621 3296 ll

445 3365 541 3432 pron
568 3347 708 3436 Chiron,
735 3364 891 3438 magnus
908 3335 944 3433 (⁹)
972 3363 1126 3436 corpore
1151 3350 1188 3416 el
1213 3343 1353 3437 animo,
1371 3346 1404 3415 el
1426 3347 1510 3436 qual
1524 3334 1617 3416 noba*

446 3468 586 3555 Achille,
606 3464 697 3540 idest
723 3465 784 3558 qui
811 3463 963 3539 nutrivit
980 3484 1156 3560 magnum
1174 3463 1363 3557 Achillem;
1381 3471 1419 3538 et
1435 3465 1505 3537 hoc
1522 3462 1617 3538 cedit

446 3585 491 3657 ad
517 3584 740 3680 singularem
767 3584 913 3657 laudem
939 3584 1085 3658 Chironi
1101 3576 1154 3675 (¹⁰)
1181 3585 1350 3658 habuisse
1375 3590 1450 3657 tam
1481 3583 1613 3657 sortem

445 3705 638 3778 alumnum
664 3714 701 3779 et
725 3703 953 3797 discipulum,
979 3703 1024 3777 de
1057 3723 1131 3797 quo
1160 3702 1302 3777 dicetur
1333 3704 1439 3798 plene
1474 3703 1617 3799 Purga-

447 3824 528 3897 torii
555 3824 713 3918 capitulo
733 3824 791 3895 lX.
812 3824 856 3899 Et
880 3824 1043 3897 nominat
1069 3823 1218 3897 tertium
1246 3830 1479 3918 centaurum,
1504 3844 1615 3917 quem

446 3944 613 4017 describit
638 3944 846 4038 simpliciter
870 3945 917 4017 ab
943 3944 1129 4018 iracundia
1155 3965 1234 4038 sua,
1254 3944 1397 4018 dicens:
1424 3946 1618 4034 quellollro

446 4061 483 4137 ce
507 4069 592 4137 Folo
617 4067 677 4137 che
698 4069 738 4158 su
763 4058 792 4136 sl
813 4067 895 4156 pico
919 4067 1038 4154 d'irn,
1064 4071 1100 4137 et
1124 4065 1251 4137 dicunt
1275 4063 1387 4158 aliqui
1422 4063 1520 4158 quod
1550 4084 1617 4157 per

446 4180 555 4258 istum
590 4185 801 4280 intelligitur
836 4184 1037 4277 Capaneus,
1071 4184 1169 4277 quod
1205 4191 1259 4257 est
1292 4183 1436 4278 penitus
1471 4183 1616 4276 salsum,

446 4305 531 4398 quia
548 4304 737 4399 Capaneus
762 4304 912 4399 punitur
927 4296 979 4395 (⁴¹)
1002 4303 1152 4376 inferius
1172 4304 1267 4378 inter
1284 4303 1461 4377 violentos
1487 4310 1615 4377 contra

504 4536 533 4598 (¹)
551 4540 603 4593 ilc,
622 4536 682 4585 volo
700 4536 741 4585 hic
758 4541 846 4586 tamen
862 4536 934 4585 bene.
1013 4536 1038 4597 (¹)
1057 4536 1086 4586 E.
1104 4536 1182 4599 quod.
1262 4535 1289 4598 l')
1306 4536 1336 4585 E.
1354 4535 1398 4600 qul
1415 4539 1491 4585 cruta
1507 4538 1589 4585 curel.

505 4615 531 4676 (·)
549 4614 579 4662 ll.
595 4619 620 4662 ol
639 4619 749 4663 amator.
1262 4612 1288 4673 (¹)
1309 4612 1334 4662 S.
1350 4617 1377 4662 el
1394 4612 1521 4674 coguitor.

505 4689 532 4750 (⁸)
550 4693 602 4748 llo,
620 4690 650 4738 E.
667 4704 681 4739 e
697 4690 723 4740 S.
739 4704 797 4753 qum
813 4692 898 4741 omnin
915 4690 1003 4740 docuit
1019 4702 1141 4751 magnum
1159 4689 1301 4739 Achillem.

505 4766 530 4826 (ll
547 4767 577 4814 ll.
594 4766 703 4826 virtutis,
720 4773 746 4816 et
763 4768 897 4831 probitatis
914 4772 943 4816 ul
960 4760 1123 4829 temperaret.

504 4842 531 4906 (⁸)
547 4843 577 4891 ll.
594 4847 620 4891 ol
637 4844 662 4890 in
682 4844 740 4893 hoc.
1014 4843 1042 4905 θ)
1059 4848 1113 4903 llll,
1131 4844 1195 4894 idest
1211 4857 1327 4907 magnus.

493 4917 531 4981 (¹⁰)
548 4918 578 4968 E.
595 4917 712 4969 Chironis
728 4919 816 4983 ipsius.
1004 4918 1044 4983 (¹¹)
1059 4920 1085 4969 S.
1102 4922 1214 4983 ponitur.
