4154 6546
895 781 1033 837 crnrus
1059 780 1226 836 anemos.
1571 762 1642 831 343

471 927 610 1024 poetari
625 919 676 1021 (¹),
699 947 813 1022 quam
838 926 957 1002 Guido
981 928 1030 1003 de
1052 919 1182 1021 solo(¹)
1200 927 1457 1024 philosophari,
1474 924 1561 1019 quia
1586 944 1648 1001 er·

460 1070 595 1125 wrorem
622 1068 734 1145 quem
753 1055 858 1144 pater
874 1049 1032 1124 habebat
1053 1070 1099 1125 ox
1118 1049 1334 1146 ignorantia,
1352 1047 1428 1145 ipse
1444 1048 1647 1123 conabatur

445 1171 670 1272 ,hdeiendere
686 1191 753 1266 per
769 1169 1076 1245 seientiam-Le
1090 1192 1160 1244 stre.
1179 1171 1244 1245 Hic
1268 1177 1377 1245 autor
1397 1169 1481 1244 iacit
1506 1168 1647 1264 antipo-

472 1292 591 1368 ioram
604 1282 655 1387 (ἢ,
674 1290 895 1386 respondeus
915 1290 1106 1387 quaestioni
1132 1291 1252 1386 tacite,
1269 1290 1356 1384 quia
1374 1288 1505 1384 aliquis
1524 1294 1645 1384 posset

472 1411 618 1486 dicere:
644 1409 831 1505 quomodo
863 1410 1076 1507 respondisti
1107 1418 1149 1485 tu
1180 1411 1229 1486 ita
1257 1409 1364 1506 plene
1388 1397 1527 1502 istitd)
1551 1427 1646 1504 quo-

470 1530 581 1605 modo
605 1529 744 1605 sciebas
761 1534 802 1604 tu
820 1531 920 1625 quod
937 1531 1013 1626 ipso
1038 1537 1134 1606 esset
1153 1531 1382 1625 Cavaioante,
1403 1535 1441 1605 et
1465 1529 1564 1623 quod
1581 1548 1646 1624 po·

469 1656 565 1726 teret
595 1650 642 1726 de
667 1649 740 1725 filio
770 1669 838 1725 suo
862 1649 1053 1725 Gnidonei
1084 1650 1138 1725 dd
1171 1649 1270 1746 quod
1300 1649 1494 1745 respondet
1522 1654 1675 1743 autor,-

470 1772 571 1866 quod
596 1792 644 1847 en
670 1771 789 1845 iorma
820 1771 1021 1846 verborum
1051 1776 1089 1846 et
1122 1770 1297 1867 qualitate
1325 1791 1444 1866 poenoe
1474 1770 1550 1866 ipse
1579 1769 1645 1844 de-

473 1882 676 1985 venemt(⁸)
700 1891 738 1965 in
763 1890 1008 1988 cognitionem
1035 1890 1124 1967 eius.
1157 1890 1249 1966 Dicit
1280 1892 1456 1987 ergo:1e
1488 1909 1548 1964 sae
1576 1909 1646 1982 pa·
1767 1899 1772 1909 “

470 2013 558 2102 rote,
583 2010 671 2106 quia
699 2010 836 2086 seilicet
869 2010 928 2087 ille
959 2011 1148 2107 petiverat,
1179 2030 1297 2106 quara
1328 2009 1424 2085 filius
1454 2011 1546 2084 riuus
1570 2030 1645 2085 non

471 2135 551 2204 erat
575 2149 715 2226 secum
740 2130 772 2204 si
795 2129 873 2226 ipse
897 2131 972 2205 ibat
996 2148 1063 2225 per
1087 2131 1274 2205 lniemum
1301 2151 1348 2205 ex
1374 2129 1565 2206 altitudine
1589 2131 1664 2205 in·-

470 2249 590 2347 genii;
625 2257 662 2326 et
696 2257 807 2327 antor
839 2250 961 2326 statim
994 2250 1162 2347 cognorit
1204 2250 1304 2344 quod
1341 2249 1562 2345 loquebatur
1598 2252 1645 2327 de

472 2369 649 2467 Gnidone,
680 2372 766 2468 qnia
795 2372 891 2448 bene
919 2370 1056 2448 sciebat
1089 2371 1189 2466 quod
1218 2370 1280 2445 iiio
1305 2376 1473 2467 tempora
1500 2372 1537 2446 in
1563 2358 1680 2451 rto'

472 2493 589 2568 nentia
615 2512 689 2567 non
713 2498 793 2568 erat
808 2482 845 2584 (θ)
871 2491 971 2568 aliud
991 2491 1179 2588 ingenium
1196 2510 1264 2587 par
1279 2491 1358 2589 sibi,
1375 2495 1409 2565 er
1424 2494 1528 2566 modo
1547 2495 1591 2567 da
1606 2495 1644 2566 tu
1787 2478 1794 2487 ’

467 2633 574 2705 perta,
601 2613 705 2707 quasi
730 2612 844 2688 dieat:
871 2611 958 2713 quia
984 2611 1152 2687 videbam
1188 2632 1276 2688 eum
1305 2610 1401 2687 inter
1431 2612 1641 2709 Epicureos,

469 2734 641 2806 m’ovean
664 2723 726 2827 yid
750 2735 829 2807 letto
851 2735 881 2808 tr
901 2753 1004 2807 nome
1028 2734 1067 2807 di
1089 2735 1210 2825 rostri,
1241 2730 1376 2808 scilieet
1400 2732 1638 2828 cavairantis,

468 2853 608 2947 absque
632 2871 678 2927 eo
703 2852 802 2946 quod
828 2853 904 2952 ipse
928 2852 1178 2928 manifestaret
1190 2841 1231 2945 U)
1245 2872 1286 2928 se
1309 2852 1427 2947 aliter,
1441 2844 1586 2948 prrdlu
1603 2855 1641 2926 to

467 2975 620 3066 rirporto
631 2967 703 3046 cosi
711 2971 1639 3068 promeretaudist-msaottoutoamorponit

468 3092 640 3168 eiectum
676 3092 1143 3188 respondeamusque
1174 3092 1243 3167 init
1275 3092 1373 3187 quod
1402 3092 1464 3169 iiie
1493 3093 1643 3189 spiritus

348 3216 350 3220 ’
467 3213 588 3288 statim
615 3234 662 3289 ex
689 3213 809 3288 verbis
832 3213 972 3289 autoris
992 3212 1224 3309 presumpsit
1240 3232 1288 3287 ne
1305 3211 1399 3287 iilius
1415 3234 1506 3288 suns
1522 3212 1641 3290 Guido

467 3339 563 3409 esset
580 3339 771 3428 mortuns3
796 3332 881 3408 dicit
906 3352 1014 3429 ergo:
1041 3339 1078 3407 et
1103 3331 1163 3407 iile
1187 3331 1405 3408 caraioante
1420 3336 1589 3409 Madaro
1602 3336 1644 3409 di

467 3455 577 3528 subito
593 3453 680 3549 quia
690 3444 729 3546 (⁸)
741 3474 788 3529 ex
806 3453 1005 3549 suspitione
1021 3452 1182 3527 surrexit
1200 3451 1237 3528 in
1253 3452 1416 3549 pedibus,
1439 3454 1501 3529 ubi
1518 3455 1640 3551 primo

468 3574 585 3648 stabat
615 3574 652 3647 in
681 3573 836 3670 genibus
869 3573 965 3649 intra
996 3593 1134 3668 amam,
1166 3563 1272 3665 paro
1300 3593 1398 3647 come
1426 3576 1545 3650 direti
1573 3579 1643 3668 epo·

467 3694 560 3784 ebbe,
585 3694 688 3788 quasi
713 3693 833 3768 dieat:
866 3713 936 3769 our
968 3692 1087 3768 dixisti
1123 3698 1176 3787 tu,
1212 3692 1339 3768 habuit
1366 3694 1413 3769 de
1442 3695 1639 3791 praeterito,

467 3819 504 3888 et
528 3834 603 3888 non
626 3809 714 3890 diois
739 3814 849 3889 habet
873 3814 920 3890 de
944 3798 1141 3910 praesentit
1165 3812 1269 3889 Unde
1292 3813 1441 3890 attende
1456 3814 1515 3890 hic
1540 3817 1640 3910 quod

465 3940 576 4036 autor
596 3939 720 4009 noster
738 3933 989 4028 respondendo
1010 3933 1218 4029 Caraicanti
1234 3933 1388 4030 dixerat,
1404 3935 1504 4030 qnod
1521 3935 1641 4011 Guido
1780 4026 1788 4040 x

467 4052 563 4128 lilius
579 4053 659 4129 eius
675 4054 801 4129 habuit
818 4054 865 4130 ad
881 4052 1166 4150 indignationem
1179 4053 1383 4151 Virgilium,
1396 4060 1434 4130 et
1449 4054 1501 4130 sic
1517 4054 1639 4133 inerat

464 4194 554 4249 usus
589 4173 703 4248 verbo
733 4173 906 4269 preteriti
941 4173 1126 4269 temporis,
1154 4194 1228 4249 non
1257 4174 1357 4269 quod
1382 4175 1493 4251 veliet
1516 4174 1640 4252 dioere

464 4293 668 4370 Gnidonem
694 4294 773 4370 iore
790 4300 994 4389 mortuum,
1010 4294 1075 4370 sed
1094 4295 1195 4390 quod
1214 4294 1333 4370 Guido
1351 4315 1375 4371 a
1392 4295 1584 4372 iuventute
1595 4289 1636 4390 (⁹)

464 4433 631 4522 oongmo
656 4421 823 4511 tempore
840 4434 912 4490 non
934 4421 1129 4493 vacaverat
1145 4415 1261 4510 poetis
1277 4415 1372 4492 siout
1388 4416 1466 4512 ipse
1481 4416 1638 4512 Dantem

524 4602 552 4663 ι’)
569 4608 623 4663 tto,
639 4616 672 4654 ex
687 4604 796 4668 poetria
1072 4603 1100 4667 (¹)
1115 4602 1141 4653 S.
1157 4615 1190 4653 ex
1206 4604 1271 4655 solo.
1282 4630 1311 4640 -
1321 4604 1352 4654 E.
1368 4616 1401 4655 ax
1416 4603 1603 4670 podosopimri.

525 4679 553 4741 (⁸)
570 4683 624 4740 tit,
640 4681 812 4744 antiphoram.
1072 4680 1099 4742 (⁸)
1116 4680 1147 4730 B.
1164 4679 1241 4744 piane
1257 4681 1316 4732 istit
1330 4686 1358 4732 st
1373 4681 1514 4746 quomodo.

525 4755 758 4818 widiomaro.
1072 4756 1170 4818 mitt,
1186 4757 1582 4823 murmuramus-utut.

526 4831 554 4893 Γ)
569 4831 601 4883 B.
618 4833 791 4885 mammet
807 4833 890 4885 alitor.
1072 4833 1100 4893 Ρ)
1115 4833 1141 4884 S.
1156 4832 1333 4899 quinniens

527 4907 555 4970 t't
570 4907 601 4959 E·
618 4909 783 4974 aureorum
796 4925 850 4963 noa
868 4915 1012 4962 rourorrt.
