<?xml version="1.0" encoding="UTF-8"?>
<!DOCTYPE html PUBLIC "-//W3C//DTD XHTML 1.0 Transitional//EN"
    "http://www.w3.org/TR/xhtml1/DTD/xhtml1-transitional.dtd">
<html xmlns="http://www.w3.org/1999/xhtml" xml:lang="en" lang="en">
 <head>
  <title>
</title>
<meta http-equiv="Content-Type" content="text/html;charset=utf-8" />
  <meta name='ocr-system' content='tesseract 3.04.00' />
  <meta name='ocr-capabilities' content='ocr_page ocr_carea ocr_par ocr_line ocrx_word'/>
</head>
<body>
  <div class='ocr_page' id='page_1' title='image "./comentumsuperda00benvgoog_0089.png"; bbox 0 0 4154 6546; ppageno 0'>
   <div class='ocr_carea' id='block_1_1' title="bbox 591 780 1364 851">
    <p class='ocr_par' dir='ltr' id='par_1_1' title="bbox 591 780 1364 851">
     <span class='ocr_line' id='line_1_1' title="bbox 591 780 1364 851; baseline -0.004 0"><span class='ocrx_word' id='word_1_1' title='bbox 591 780 638 851; x_wconf 86' lang='grc'>36</span> <span class='ocrx_word' id='word_1_2' title='bbox 985 795 1188 851; x_wconf 81' lang='lat' dir='ltr'>coumruu</span> <span class='ocrx_word' id='word_1_3' title='bbox 1213 797 1364 851; x_wconf 82' lang='lat' dir='ltr'>rursum</span> 
     </span>
    </p>
   </div>
   <div class='ocr_carea' id='block_1_2' title="bbox 589 940 1759 1277">
    <p class='ocr_par' dir='ltr' id='par_1_2' title="bbox 589 940 1759 1277">
     <span class='ocr_line' id='line_1_2' title="bbox 590 940 1759 1037; baseline -0.001 -20"><span class='ocrx_word' id='word_1_4' title='bbox 590 963 684 1017; x_wconf 92' lang='lat' dir='ltr'>eam.</span> <span class='ocrx_word' id='word_1_5' title='bbox 712 941 783 1016; x_wconf 89' lang='lat' dir='ltr'>Sed</span> <span class='ocrx_word' id='word_1_6' title='bbox 812 961 898 1015; x_wconf 90' lang='lat' dir='ltr'>cum</span> <span class='ocrx_word' id='word_1_7' title='bbox 927 947 1036 1015; x_wconf 84' lang='lat' dir='ltr'>auter</span> <span class='ocrx_word' id='word_1_8' title='bbox 1065 941 1123 1016; x_wconf 92' lang='lat' dir='ltr'>bic</span> <span class='ocrx_word' id='word_1_9' title='bbox 1148 941 1282 1037; x_wconf 78' lang='lat' dir='ltr'>figuret</span> <span class='ocrx_word' id='word_1_10' title='bbox 1307 940 1518 1036; x_wconf 83' lang='lat' dir='ltr'><strong>superbiam</strong></span> <span class='ocrx_word' id='word_1_11' title='bbox 1543 943 1614 1016; x_wconf 89' lang='lat' dir='ltr'>sub</span> <span class='ocrx_word' id='word_1_12' title='bbox 1639 943 1759 1019; x_wconf 87' lang='lat' dir='ltr'>lorma</span> 
     </span>
     <span class='ocr_line' id='line_1_3' title="bbox 590 1059 1757 1158; baseline -0.001 -21"><span class='ocrx_word' id='word_1_13' title='bbox 590 1062 715 1155; x_wconf 91' lang='lat' dir='ltr'>leonis,</span> <span class='ocrx_word' id='word_1_14' title='bbox 728 1080 801 1134; x_wconf 91' lang='lat' dir='ltr'>non</span> <span class='ocrx_word' id='word_1_15' title='bbox 815 1059 1030 1155; x_wconf 75' lang='lat' dir='ltr'>expediebat</span> <span class='ocrx_word' id='word_1_16' title='bbox 1043 1061 1250 1154; x_wconf 81' lang='lat' dir='ltr'>expressius</span> <span class='ocrx_word' id='word_1_17' title='bbox 1263 1060 1425 1156; x_wconf 82' lang='lat' dir='ltr'>figurare</span> <span class='ocrx_word' id='word_1_18' title='bbox 1443 1061 1589 1136; x_wconf 87' lang='lat' dir='ltr'>inanem</span> <span class='ocrx_word' id='word_1_19' title='bbox 1601 1062 1757 1158; x_wconf 81' lang='lat' dir='ltr'>gloriam</span> 
     </span>
     <span class='ocr_line' id='line_1_4' title="bbox 589 1173 1758 1277; baseline 0 -21"><span class='ocrx_word' id='word_1_20' title='bbox 589 1183 659 1257; x_wconf 91' lang='lat' dir='ltr'>sub</span> <span class='ocrx_word' id='word_1_21' title='bbox 675 1181 794 1277; x_wconf 90' lang='lat' dir='ltr'>specie</span> <span class='ocrx_word' id='word_1_22' title='bbox 810 1180 961 1255; x_wconf 87' lang='lat' dir='ltr'>alterius</span> <span class='ocrx_word' id='word_1_23' title='bbox 981 1180 1068 1255; x_wconf 83' lang='lat' dir='ltr'>lerae</span> <span class='ocrx_word' id='word_1_24' title='bbox 1085 1173 1134 1272; x_wconf 78' lang='lat'>(¹).</span> <span class='ocrx_word' id='word_1_25' title='bbox 1162 1181 1295 1274; x_wconf 87' lang='lat' dir='ltr'>Tertio,</span> <span class='ocrx_word' id='word_1_26' title='bbox 1313 1181 1400 1275; x_wconf 87' lang='lat' dir='ltr'>quia</span> <span class='ocrx_word' id='word_1_27' title='bbox 1416 1181 1513 1255; x_wconf 92' lang='lat' dir='ltr'>istud</span> <span class='ocrx_word' id='word_1_28' title='bbox 1531 1182 1665 1256; x_wconf 80' lang='lat' dir='ltr'>vicium</span> <span class='ocrx_word' id='word_1_29' title='bbox 1684 1202 1758 1256; x_wconf 94' lang='lat' dir='ltr'>non</span> 
     </span>
    </p>
   </div>
   <div class='ocr_carea' id='block_1_3' title="bbox 590 1299 1891 1395">
    <p class='ocr_par' dir='ltr' id='par_1_3' title="bbox 590 1299 1891 1395">
     <span class='ocr_line' id='line_1_5' title="bbox 590 1299 1891 1395; baseline -0.002 -20"><span class='ocrx_word' id='word_1_30' title='bbox 590 1308 808 1376; x_wconf 88' lang='lat' dir='ltr'>numeratur</span> <span class='ocrx_word' id='word_1_31' title='bbox 834 1300 928 1374; x_wconf 87' lang='lat' dir='ltr'>inter</span> <span class='ocrx_word' id='word_1_32' title='bbox 950 1306 1102 1395; x_wconf 87' lang='lat' dir='ltr'>peccata</span> <span class='ocrx_word' id='word_1_33' title='bbox 1119 1301 1304 1393; x_wconf 79' lang='lat' dir='ltr'>mortalia3</span> <span class='ocrx_word' id='word_1_34' title='bbox 1321 1299 1419 1374; x_wconf 89' lang='lat' dir='ltr'>unde</span> <span class='ocrx_word' id='word_1_35' title='bbox 1439 1301 1476 1373; x_wconf 90' lang='lat' dir='ltr'>in</span> <span class='ocrx_word' id='word_1_36' title='bbox 1494 1307 1569 1375; x_wconf 85' lang='lat' dir='ltr'>tote</span> <span class='ocrx_word' id='word_1_37' title='bbox 1587 1301 1679 1375; x_wconf 95' lang='lat' dir='ltr'>libro</span> <span class='ocrx_word' id='word_1_38' title='bbox 1696 1301 1756 1373; x_wconf 93' lang='lat' dir='ltr'>ln-</span> <span class='ocrx_word' id='word_1_39' title='bbox 1889 1300 1891 1305; x_wconf 80' lang='grc'><strong>’</strong></span> 
     </span>
    </p>
   </div>
   <div class='ocr_carea' id='block_1_4' title="bbox 494 1419 1819 3782">
    <p class='ocr_par' dir='ltr' id='par_1_4' title="bbox 494 1419 1819 3782">
     <span class='ocr_line' id='line_1_6' title="bbox 589 1419 1757 1515; baseline -0.002 -21"><span class='ocrx_word' id='word_1_40' title='bbox 589 1422 681 1497; x_wconf 90' lang='lat' dir='ltr'>lerni</span> <span class='ocrx_word' id='word_1_41' title='bbox 701 1428 810 1496; x_wconf 87' lang='lat' dir='ltr'>autor</span> <span class='ocrx_word' id='word_1_42' title='bbox 827 1441 900 1493; x_wconf 90' lang='lat' dir='ltr'>non</span> <span class='ocrx_word' id='word_1_43' title='bbox 917 1419 1020 1514; x_wconf 90' lang='lat' dir='ltr'>punit</span> <span class='ocrx_word' id='word_1_44' title='bbox 1037 1419 1182 1493; x_wconf 86' lang='lat' dir='ltr'>inanem</span> <span class='ocrx_word' id='word_1_45' title='bbox 1200 1419 1367 1515; x_wconf 83' lang='lat' dir='ltr'>gloriam,</span> <span class='ocrx_word' id='word_1_46' title='bbox 1385 1439 1472 1493; x_wconf 90' lang='lat' dir='ltr'>cum</span> <span class='ocrx_word' id='word_1_47' title='bbox 1489 1427 1613 1496; x_wconf 88' lang='lat' dir='ltr'>tamen</span> <span class='ocrx_word' id='word_1_48' title='bbox 1630 1420 1757 1515; x_wconf 87' lang='lat' dir='ltr'>puniat</span> 
     </span>
     <span class='ocr_line' id='line_1_7' title="bbox 588 1538 1758 1634; baseline -0.002 -19"><span class='ocrx_word' id='word_1_49' title='bbox 588 1542 712 1615; x_wconf 82' lang='lat' dir='ltr'>omnia</span> <span class='ocrx_word' id='word_1_50' title='bbox 744 1540 836 1615; x_wconf 80' lang='lat' dir='ltr'>vicia</span> <span class='ocrx_word' id='word_1_51' title='bbox 861 1538 1037 1634; x_wconf 91' lang='lat' dir='ltr'>capitalia,</span> <span class='ocrx_word' id='word_1_52' title='bbox 1063 1544 1196 1632; x_wconf 85' lang='lat' dir='ltr'>praeter</span> <span class='ocrx_word' id='word_1_53' title='bbox 1221 1538 1416 1613; x_wconf 88' lang='lat' dir='ltr'>invidiam:</span> <span class='ocrx_word' id='word_1_54' title='bbox 1452 1539 1516 1612; x_wconf 91' lang='lat' dir='ltr'>sed</span> <span class='ocrx_word' id='word_1_55' title='bbox 1541 1559 1658 1632; x_wconf 88' lang='lat' dir='ltr'>quare</span> <span class='ocrx_word' id='word_1_56' title='bbox 1683 1559 1758 1613; x_wconf 92' lang='lat' dir='ltr'>non</span> 
     </span>
     <span class='ocr_line' id='line_1_8' title="bbox 587 1649 1757 1754; baseline 0 -22"><span class='ocrx_word' id='word_1_57' title='bbox 587 1659 773 1753; x_wconf 85' lang='lat' dir='ltr'>invidiam,</span> <span class='ocrx_word' id='word_1_58' title='bbox 789 1658 930 1732; x_wconf 85' lang='lat' dir='ltr'>dicetur</span> <span class='ocrx_word' id='word_1_59' title='bbox 947 1649 985 1749; x_wconf 78' lang='lat'>(²)</span> <span class='ocrx_word' id='word_1_60' title='bbox 1011 1659 1047 1730; x_wconf 96' lang='lat' dir='ltr'>in</span> <span class='ocrx_word' id='word_1_61' title='bbox 1068 1658 1299 1754; x_wconf 83' lang='lat' dir='ltr'>Purgatorio,</span> <span class='ocrx_word' id='word_1_62' title='bbox 1321 1659 1478 1753; x_wconf 89' lang='lat' dir='ltr'>capitulo</span> <span class='ocrx_word' id='word_1_63' title='bbox 1499 1660 1586 1731; x_wconf 88' lang='lat' dir='ltr'>Xlll.</span> <span class='ocrx_word' id='word_1_64' title='bbox 1605 1660 1757 1751; x_wconf 85' lang='lat' dir='ltr'>Quarto,</span> 
     </span>
     <span class='ocr_line' id='line_1_9' title="bbox 587 1775 1757 1874; baseline -0.002 -23"><span class='ocrx_word' id='word_1_65' title='bbox 587 1779 674 1874; x_wconf 85' lang='lat' dir='ltr'>quia</span> <span class='ocrx_word' id='word_1_66' title='bbox 691 1784 800 1853; x_wconf 89' lang='lat' dir='ltr'>autor</span> <span class='ocrx_word' id='word_1_67' title='bbox 817 1777 902 1852; x_wconf 87' lang='lat' dir='ltr'>satis</span> <span class='ocrx_word' id='word_1_68' title='bbox 922 1777 1077 1871; x_wconf 85' lang='lat' dir='ltr'>explicat</span> <span class='ocrx_word' id='word_1_69' title='bbox 1093 1798 1199 1850; x_wconf 90' lang='lat' dir='ltr'>suam</span> <span class='ocrx_word' id='word_1_70' title='bbox 1217 1777 1453 1851; x_wconf 90' lang='lat' dir='ltr'>intentionem</span> <span class='ocrx_word' id='word_1_71' title='bbox 1471 1775 1517 1850; x_wconf 91' lang='lat' dir='ltr'>de</span> <span class='ocrx_word' id='word_1_72' title='bbox 1533 1777 1681 1851; x_wconf 81' lang='lat' dir='ltr'>luxuria</span> <span class='ocrx_word' id='word_1_73' title='bbox 1698 1778 1757 1849; x_wconf 94' lang='lat' dir='ltr'>ln·</span> 
     </span>
     <span class='ocr_line' id='line_1_10' title="bbox 588 1896 1758 1992; baseline -0.003 -20"><span class='ocrx_word' id='word_1_74' title='bbox 588 1898 680 1973; x_wconf 77' lang='lat' dir='ltr'>terni</span> <span class='ocrx_word' id='word_1_75' title='bbox 700 1897 858 1992; x_wconf 85' lang='lat' dir='ltr'>capitulo</span> <span class='ocrx_word' id='word_1_76' title='bbox 884 1897 974 1990; x_wconf 86' lang='lat' dir='ltr'>XVI,</span> <span class='ocrx_word' id='word_1_77' title='bbox 994 1896 1058 1968; x_wconf 95' lang='lat' dir='ltr'>ubi</span> <span class='ocrx_word' id='word_1_78' title='bbox 1078 1896 1181 1971; x_wconf 88' lang='lat' dir='ltr'>dicit:</span> <span class='ocrx_word' id='word_1_79' title='bbox 1202 1899 1359 1987; x_wconf 81' lang='lat' dir='ltr'>prender</span> <span class='ocrx_word' id='word_1_80' title='bbox 1383 1898 1420 1968; x_wconf 84' lang='lat' dir='ltr'>lu</span> <span class='ocrx_word' id='word_1_81' title='bbox 1444 1898 1552 1968; x_wconf 81' lang='lat' dir='ltr'>tonza</span> <span class='ocrx_word' id='word_1_82' title='bbox 1575 1899 1649 1968; x_wconf 82' lang='lat' dir='ltr'>alta</span> <span class='ocrx_word' id='word_1_83' title='bbox 1666 1899 1758 1987; x_wconf 79' lang='lat' dir='ltr'>pede</span> 
     </span>
     <span class='ocr_line' id='line_1_11' title="bbox 586 2012 1755 2111; baseline -0.004 -19"><span class='ocrx_word' id='word_1_84' title='bbox 586 2021 733 2111; x_wconf 69' lang='lat' dir='ltr'>diptota,</span> <span class='ocrx_word' id='word_1_85' title='bbox 758 2024 801 2089; x_wconf 91' lang='lat' dir='ltr'>ut</span> <span class='ocrx_word' id='word_1_86' title='bbox 825 2015 1068 2090; x_wconf 77' lang='lat' dir='ltr'>declarabitur</span> <span class='ocrx_word' id='word_1_87' title='bbox 1093 2015 1152 2088; x_wconf 90' lang='lat' dir='ltr'>ibi.</span> <span class='ocrx_word' id='word_1_88' title='bbox 1179 2014 1241 2087; x_wconf 88' lang='lat' dir='ltr'>llis</span> <span class='ocrx_word' id='word_1_89' title='bbox 1270 2014 1414 2107; x_wconf 90' lang='lat' dir='ltr'>notatis,</span> <span class='ocrx_word' id='word_1_90' title='bbox 1440 2012 1568 2087; x_wconf 92' lang='lat' dir='ltr'>ordina</span> <span class='ocrx_word' id='word_1_91' title='bbox 1597 2014 1755 2088; x_wconf 85' lang='lat' dir='ltr'>litteram</span> 
     </span>
     <span class='ocr_line' id='line_1_12' title="bbox 586 2132 1758 2229; baseline -0.002 -19"><span class='ocrx_word' id='word_1_92' title='bbox 586 2137 655 2212; x_wconf 89' lang='lat' dir='ltr'>sic:</span> <span class='ocrx_word' id='word_1_93' title='bbox 682 2140 726 2210; x_wconf 89' lang='lat' dir='ltr'>ed</span> <span class='ocrx_word' id='word_1_94' title='bbox 749 2158 827 2208; x_wconf 85' lang='lat' dir='ltr'>ecco</span> <span class='ocrx_word' id='word_1_95' title='bbox 844 2138 945 2228; x_wconf 79' lang='lat' dir='ltr'>quasi</span> <span class='ocrx_word' id='word_1_96' title='bbox 961 2137 1000 2207; x_wconf 86' lang='lat' dir='ltr'>at</span> <span class='ocrx_word' id='word_1_97' title='bbox 1013 2137 1203 2207; x_wconf 71' lang='lat' dir='ltr'>comitetur</span> <span class='ocrx_word' id='word_1_98' title='bbox 1226 2136 1400 2224; x_wconf 79' lang='lat' dir='ltr'>dell&#39;ertu,</span> <span class='ocrx_word' id='word_1_99' title='bbox 1417 2132 1508 2207; x_wconf 90' lang='lat' dir='ltr'>idest</span> <span class='ocrx_word' id='word_1_100' title='bbox 1529 2135 1567 2206; x_wconf 92' lang='lat' dir='ltr'>in</span> <span class='ocrx_word' id='word_1_101' title='bbox 1583 2134 1758 2229; x_wconf 87' lang='lat' dir='ltr'>principio</span> 
     </span>
     <span class='ocr_line' id='line_1_13' title="bbox 588 2253 1756 2349; baseline -0.003 -20"><span class='ocrx_word' id='word_1_102' title='bbox 588 2255 819 2349; x_wconf 85' lang='lat' dir='ltr'>ascensionis,</span> <span class='ocrx_word' id='word_1_103' title='bbox 840 2275 912 2326; x_wconf 85' lang='lat' dir='ltr'>una</span> <span class='ocrx_word' id='word_1_104' title='bbox 928 2257 1035 2326; x_wconf 81' lang='lat' dir='ltr'>tonza</span> <span class='ocrx_word' id='word_1_105' title='bbox 1051 2257 1194 2344; x_wconf 74' lang='lat' dir='ltr'>teppera</span> <span class='ocrx_word' id='word_1_106' title='bbox 1207 2274 1225 2324; x_wconf 90' lang='lat' dir='ltr'>e</span> <span class='ocrx_word' id='word_1_107' title='bbox 1231 2259 1355 2344; x_wconf 80' lang='lat' dir='ltr'>presto</span> <span class='ocrx_word' id='word_1_108' title='bbox 1372 2255 1490 2343; x_wconf 82' lang='lat' dir='ltr'>molto,</span> <span class='ocrx_word' id='word_1_109' title='bbox 1509 2253 1595 2346; x_wconf 89' lang='lat' dir='ltr'>quia</span> <span class='ocrx_word' id='word_1_110' title='bbox 1613 2253 1756 2326; x_wconf 92' lang='lat' dir='ltr'>nullum</span> 
     </span>
     <span class='ocr_line' id='line_1_14' title="bbox 587 2371 1757 2467; baseline -0.004 -18"><span class='ocrx_word' id='word_1_111' title='bbox 587 2375 721 2449; x_wconf 90' lang='lat' dir='ltr'>vicium</span> <span class='ocrx_word' id='word_1_112' title='bbox 754 2374 916 2449; x_wconf 89' lang='lat' dir='ltr'>velocius</span> <span class='ocrx_word' id='word_1_113' title='bbox 949 2373 1109 2467; x_wconf 84' lang='lat' dir='ltr'>luxuria,</span> <span class='ocrx_word' id='word_1_114' title='bbox 1141 2394 1229 2446; x_wconf 91' lang='lat' dir='ltr'>nam</span> <span class='ocrx_word' id='word_1_115' title='bbox 1262 2372 1383 2445; x_wconf 91' lang='lat' dir='ltr'>subito</span> <span class='ocrx_word' id='word_1_116' title='bbox 1417 2372 1454 2444; x_wconf 96' lang='lat' dir='ltr'>in</span> <span class='ocrx_word' id='word_1_117' title='bbox 1486 2372 1641 2446; x_wconf 85' lang='lat' dir='ltr'>transitu</span> <span class='ocrx_word' id='word_1_118' title='bbox 1668 2371 1757 2466; x_wconf 88' lang='lat' dir='ltr'>jacit</span> 
     </span>
     <span class='ocr_line' id='line_1_15' title="bbox 586 2483 1819 2597; baseline -0.003 -28"><span class='ocrx_word' id='word_1_119' title='bbox 586 2516 770 2570; x_wconf 90' lang='lat' dir='ltr'>venenum</span> <span class='ocrx_word' id='word_1_120' title='bbox 790 2494 924 2585; x_wconf 91' lang='lat' dir='ltr'>oculis;</span> <span class='ocrx_word' id='word_1_121' title='bbox 945 2494 1041 2568; x_wconf 94' lang='lat' dir='ltr'>unde</span> <span class='ocrx_word' id='word_1_122' title='bbox 1059 2493 1192 2567; x_wconf 93' lang='lat' dir='ltr'>mulier</span> <span class='ocrx_word' id='word_1_123' title='bbox 1213 2492 1313 2566; x_wconf 89' lang='lat' dir='ltr'>velut</span> <span class='ocrx_word' id='word_1_124' title='bbox 1325 2491 1512 2567; x_wconf 92' lang='lat' dir='ltr'>basiliscus</span> <span class='ocrx_word' id='word_1_125' title='bbox 1526 2483 1562 2584; x_wconf 81' lang='lat'>(³)</span> <span class='ocrx_word' id='word_1_126' title='bbox 1586 2492 1664 2597; x_wconf 68' lang='lat' dir='ltr'>solo⁴</span> <span class='ocrx_word' id='word_1_127' title='bbox 1674 2493 1755 2568; x_wconf 88' lang='lat' dir='ltr'>visu</span> <span class='ocrx_word' id='word_1_128' title='bbox 1816 2506 1819 2512; x_wconf 85' lang='grc'><strong>’</strong></span> 
     </span>
     <span class='ocr_line' id='line_1_16' title="bbox 585 2611 1756 2705; baseline 0 -19"><span class='ocrx_word' id='word_1_129' title='bbox 585 2615 705 2687; x_wconf 88' lang='lat' dir='ltr'>subito</span> <span class='ocrx_word' id='word_1_130' title='bbox 734 2613 904 2687; x_wconf 87' lang='lat' dir='ltr'>interficit</span> <span class='ocrx_word' id='word_1_131' title='bbox 933 2613 1143 2686; x_wconf 90' lang='lat' dir='ltr'>bominem:</span> <span class='ocrx_word' id='word_1_132' title='bbox 1175 2611 1255 2686; x_wconf 89' lang='lat' dir='ltr'>ideo</span> <span class='ocrx_word' id='word_1_133' title='bbox 1285 2611 1399 2684; x_wconf 75' lang='lat' dir='ltr'>rimor</span> <span class='ocrx_word' id='word_1_134' title='bbox 1427 2632 1450 2684; x_wconf 90' lang='lat' dir='ltr'>a</span> <span class='ocrx_word' id='word_1_135' title='bbox 1479 2612 1593 2705; x_wconf 91' lang='lat' dir='ltr'>poetis</span> <span class='ocrx_word' id='word_1_136' title='bbox 1624 2613 1756 2686; x_wconf 92' lang='lat' dir='ltr'>merito</span> 
     </span>
     <span class='ocr_line' id='line_1_17' title="bbox 585 2731 1756 2826; baseline 0 -22"><span class='ocrx_word' id='word_1_137' title='bbox 585 2731 734 2826; x_wconf 86' lang='lat' dir='ltr'>lingitur</span> <span class='ocrx_word' id='word_1_138' title='bbox 765 2731 893 2805; x_wconf 86' lang='lat' dir='ltr'>alatus.</span> <span class='ocrx_word' id='word_1_139' title='bbox 925 2732 969 2803; x_wconf 90' lang='lat' dir='ltr'>Et</span> <span class='ocrx_word' id='word_1_140' title='bbox 998 2731 1107 2804; x_wconf 88' lang='lat' dir='ltr'>dicit:</span> <span class='ocrx_word' id='word_1_141' title='bbox 1145 2733 1204 2802; x_wconf 77' lang='lat' dir='ltr'>cbo</span> <span class='ocrx_word' id='word_1_142' title='bbox 1228 2733 1266 2802; x_wconf 86' lang='lat' dir='ltr'>di</span> <span class='ocrx_word' id='word_1_143' title='bbox 1296 2733 1359 2822; x_wconf 88' lang='lat' dir='ltr'>pel</span> <span class='ocrx_word' id='word_1_144' title='bbox 1389 2733 1563 2804; x_wconf 82' lang='lat' dir='ltr'>maculato</span> <span class='ocrx_word' id='word_1_145' title='bbox 1596 2753 1661 2804; x_wconf 85' lang='lat' dir='ltr'>era</span> <span class='ocrx_word' id='word_1_146' title='bbox 1694 2752 1756 2804; x_wconf 87' lang='lat' dir='ltr'>oo-</span> 
     </span>
     <span class='ocr_line' id='line_1_18' title="bbox 580 2851 1754 2946; baseline 0.001 -21"><span class='ocrx_word' id='word_1_147' title='bbox 580 2860 697 2946; x_wconf 83' lang='lat' dir='ltr'>perto,</span> <span class='ocrx_word' id='word_1_148' title='bbox 715 2852 805 2925; x_wconf 90' lang='lat' dir='ltr'>idest</span> <span class='ocrx_word' id='word_1_149' title='bbox 822 2851 931 2924; x_wconf 86' lang='lat' dir='ltr'>variis</span> <span class='ocrx_word' id='word_1_150' title='bbox 949 2851 1131 2925; x_wconf 92' lang='lat' dir='ltr'>coloribus</span> <span class='ocrx_word' id='word_1_151' title='bbox 1147 2851 1334 2925; x_wconf 85' lang='lat' dir='ltr'>adornata.</span> <span class='ocrx_word' id='word_1_152' title='bbox 1353 2853 1397 2924; x_wconf 90' lang='lat' dir='ltr'>Et</span> <span class='ocrx_word' id='word_1_153' title='bbox 1413 2851 1533 2925; x_wconf 88' lang='lat' dir='ltr'>subdit</span> <span class='ocrx_word' id='word_1_154' title='bbox 1550 2852 1754 2926; x_wconf 82' lang='lat' dir='ltr'>molestiam</span> 
     </span>
     <span class='ocr_line' id='line_1_19' title="bbox 583 2971 1755 3065; baseline -0.002 -20"><span class='ocrx_word' id='word_1_155' title='bbox 583 2972 686 3045; x_wconf 89' lang='lat' dir='ltr'>istius</span> <span class='ocrx_word' id='word_1_156' title='bbox 711 2971 810 3063; x_wconf 84' lang='lat' dir='ltr'>lerae,</span> <span class='ocrx_word' id='word_1_157' title='bbox 836 2971 975 3044; x_wconf 89' lang='lat' dir='ltr'>dicens:</span> <span class='ocrx_word' id='word_1_158' title='bbox 1002 2992 1021 3042; x_wconf 89' lang='lat' dir='ltr'>e</span> <span class='ocrx_word' id='word_1_159' title='bbox 1045 2991 1117 3042; x_wconf 77' lang='lat' dir='ltr'>raon</span> <span class='ocrx_word' id='word_1_160' title='bbox 1141 2973 1189 3041; x_wconf 82' lang='lat' dir='ltr'>mi</span> <span class='ocrx_word' id='word_1_161' title='bbox 1211 2973 1384 3062; x_wconf 81' lang='lat' dir='ltr'>sipartia</span> <span class='ocrx_word' id='word_1_162' title='bbox 1409 2973 1556 3043; x_wconf 74' lang='lat' dir='ltr'>dinami</span> <span class='ocrx_word' id='word_1_163' title='bbox 1580 2974 1619 3042; x_wconf 86' lang='lat' dir='ltr'>al</span> <span class='ocrx_word' id='word_1_164' title='bbox 1641 2974 1755 3065; x_wconf 80' lang='lat' dir='ltr'>eollo,-</span> 
     </span>
     <span class='ocr_line' id='line_1_20' title="bbox 494 3089 1757 3183; baseline -0.002 -16"><span class='ocrx_word' id='word_1_165' title='bbox 494 3166 498 3174; x_wconf 80' lang='grc'>,</span> <span class='ocrx_word' id='word_1_166' title='bbox 583 3098 620 3167; x_wconf 88' lang='lat' dir='ltr'>et</span> <span class='ocrx_word' id='word_1_167' title='bbox 645 3111 777 3167; x_wconf 91' lang='lat' dir='ltr'>verum</span> <span class='ocrx_word' id='word_1_168' title='bbox 803 3090 899 3183; x_wconf 90' lang='lat' dir='ltr'>dicit,</span> <span class='ocrx_word' id='word_1_169' title='bbox 924 3090 1011 3183; x_wconf 88' lang='lat' dir='ltr'>quia</span> <span class='ocrx_word' id='word_1_170' title='bbox 1041 3089 1087 3164; x_wconf 94' lang='lat' dir='ltr'>de</span> <span class='ocrx_word' id='word_1_171' title='bbox 1119 3090 1173 3163; x_wconf 94' lang='lat' dir='ltr'>rei</span> <span class='ocrx_word' id='word_1_172' title='bbox 1198 3091 1353 3166; x_wconf 89' lang='lat' dir='ltr'>veritate</span> <span class='ocrx_word' id='word_1_173' title='bbox 1381 3097 1491 3165; x_wconf 87' lang='lat' dir='ltr'>autor</span> <span class='ocrx_word' id='word_1_174' title='bbox 1516 3092 1676 3164; x_wconf 93' lang='lat' dir='ltr'>multum</span> <span class='ocrx_word' id='word_1_175' title='bbox 1702 3092 1757 3165; x_wconf 90' lang='lat' dir='ltr'>la-</span> 
     </span>
     <span class='ocr_line' id='line_1_21' title="bbox 499 3208 1756 3303; baseline -0.001 -18"><span class='ocrx_word' id='word_1_176' title='bbox 499 3231 502 3235; x_wconf 70' lang='grc'>’</span> <span class='ocrx_word' id='word_1_177' title='bbox 582 3210 727 3285; x_wconf 87' lang='lat' dir='ltr'>boravit</span> <span class='ocrx_word' id='word_1_178' title='bbox 751 3209 820 3282; x_wconf 92' lang='lat' dir='ltr'>isto</span> <span class='ocrx_word' id='word_1_179' title='bbox 846 3208 988 3302; x_wconf 93' lang='lat' dir='ltr'>morbo,</span> <span class='ocrx_word' id='word_1_180' title='bbox 1014 3217 1057 3281; x_wconf 93' lang='lat' dir='ltr'>ut</span> <span class='ocrx_word' id='word_1_181' title='bbox 1076 3209 1156 3303; x_wconf 77' lang='lat' dir='ltr'>Jam</span> <span class='ocrx_word' id='word_1_182' title='bbox 1181 3209 1320 3283; x_wconf 91' lang='lat' dir='ltr'>dictum</span> <span class='ocrx_word' id='word_1_183' title='bbox 1345 3216 1412 3303; x_wconf 90' lang='lat' dir='ltr'>est,</span> <span class='ocrx_word' id='word_1_184' title='bbox 1437 3216 1474 3283; x_wconf 89' lang='lat' dir='ltr'>et</span> <span class='ocrx_word' id='word_1_185' title='bbox 1499 3211 1640 3285; x_wconf 91' lang='lat' dir='ltr'>dicetur</span> <span class='ocrx_word' id='word_1_186' title='bbox 1663 3209 1756 3284; x_wconf 80' lang='lat' dir='ltr'>intra</span> 
     </span>
     <span class='ocr_line' id='line_1_22' title="bbox 581 3329 1757 3425; baseline -0.003 -19"><span class='ocrx_word' id='word_1_187' title='bbox 581 3330 740 3425; x_wconf 86' lang='lat' dir='ltr'>capitulo</span> <span class='ocrx_word' id='word_1_188' title='bbox 765 3330 808 3420; x_wconf 88' lang='lat' dir='ltr'>V,</span> <span class='ocrx_word' id='word_1_189' title='bbox 834 3334 871 3402; x_wconf 92' lang='lat' dir='ltr'>et</span> <span class='ocrx_word' id='word_1_190' title='bbox 904 3329 988 3402; x_wconf 92' lang='lat' dir='ltr'>alibi</span> <span class='ocrx_word' id='word_1_191' title='bbox 1015 3349 1120 3423; x_wconf 89' lang='lat' dir='ltr'>saepe.</span> <span class='ocrx_word' id='word_1_192' title='bbox 1147 3329 1192 3402; x_wconf 84' lang='lat' dir='ltr'>ut</span> <span class='ocrx_word' id='word_1_193' title='bbox 1223 3330 1329 3403; x_wconf 89' lang='lat' dir='ltr'>dicit:</span> <span class='ocrx_word' id='word_1_194' title='bbox 1357 3333 1442 3402; x_wconf 82' lang='lat' dir='ltr'>anzi</span> <span class='ocrx_word' id='word_1_195' title='bbox 1462 3333 1636 3422; x_wconf 72' lang='lat' dir='ltr'>impedito</span> <span class='ocrx_word' id='word_1_196' title='bbox 1661 3337 1757 3403; x_wconf 79' lang='lat' dir='ltr'>uno</span> 
     </span>
     <span class='ocr_line' id='line_1_23' title="bbox 580 3446 1755 3542; baseline 0 -18"><span class='ocrx_word' id='word_1_197' title='bbox 580 3453 609 3524; x_wconf 79' lang='lat' dir='ltr'>o</span> <span class='ocrx_word' id='word_1_198' title='bbox 641 3453 710 3522; x_wconf 81' lang='lat' dir='ltr'>mio</span> <span class='ocrx_word' id='word_1_199' title='bbox 739 3452 891 3539; x_wconf 81' lang='lat' dir='ltr'>camino,</span> <span class='ocrx_word' id='word_1_200' title='bbox 922 3452 972 3520; x_wconf 86' lang='lat' dir='ltr'>clt&#39;</span> <span class='ocrx_word' id='word_1_201' title='bbox 991 3453 1026 3520; x_wconf 81' lang='lat' dir='ltr'>io</span> <span class='ocrx_word' id='word_1_202' title='bbox 1052 3452 1106 3542; x_wconf 78' lang='lat' dir='ltr'>sui</span> <span class='ocrx_word' id='word_1_203' title='bbox 1129 3471 1199 3540; x_wconf 85' lang='lat' dir='ltr'>per</span> <span class='ocrx_word' id='word_1_204' title='bbox 1234 3453 1397 3522; x_wconf 73' lang='lat' dir='ltr'>ritmw</span> <span class='ocrx_word' id='word_1_205' title='bbox 1432 3446 1496 3541; x_wconf 81' lang='lat' dir='ltr'>pid</span> <span class='ocrx_word' id='word_1_206' title='bbox 1534 3454 1622 3523; x_wconf 81' lang='lat' dir='ltr'>volte</span> <span class='ocrx_word' id='word_1_207' title='bbox 1651 3455 1755 3542; x_wconf 83' lang='lat' dir='ltr'>voltu,</span> 
     </span>
     <span class='ocr_line' id='line_1_24' title="bbox 582 3568 1755 3664; baseline 0 -23"><span class='ocrx_word' id='word_1_208' title='bbox 582 3569 670 3664; x_wconf 85' lang='lat' dir='ltr'>quia</span> <span class='ocrx_word' id='word_1_209' title='bbox 695 3569 830 3642; x_wconf 89' lang='lat' dir='ltr'>scilicet</span> <span class='ocrx_word' id='word_1_210' title='bbox 855 3568 1052 3642; x_wconf 83' lang='lat' dir='ltr'>revocabat</span> <span class='ocrx_word' id='word_1_211' title='bbox 1081 3587 1170 3641; x_wconf 91' lang='lat' dir='ltr'>eum</span> <span class='ocrx_word' id='word_1_212' title='bbox 1200 3568 1247 3641; x_wconf 90' lang='lat' dir='ltr'>ad</span> <span class='ocrx_word' id='word_1_213' title='bbox 1277 3570 1420 3642; x_wconf 84' lang='lat' dir='ltr'>vallem.</span> <span class='ocrx_word' id='word_1_214' title='bbox 1453 3571 1527 3643; x_wconf 91' lang='lat' dir='ltr'>Nec</span> <span class='ocrx_word' id='word_1_215' title='bbox 1557 3570 1693 3643; x_wconf 90' lang='lat' dir='ltr'>mirum</span> <span class='ocrx_word' id='word_1_216' title='bbox 1725 3570 1755 3643; x_wconf 89' lang='lat' dir='ltr'>si</span> 
     </span>
     <span class='ocr_line' id='line_1_25' title="bbox 582 3670 1756 3782; baseline -0.001 -20"><span class='ocrx_word' id='word_1_217' title='bbox 582 3688 650 3762; x_wconf 91' lang='lat' dir='ltr'>ista</span> <span class='ocrx_word' id='word_1_218' title='bbox 686 3688 763 3762; x_wconf 83' lang='lat' dir='ltr'>iera</span> <span class='ocrx_word' id='word_1_219' title='bbox 798 3670 995 3761; x_wconf 86' lang='lat' dir='ltr'>revocabat</span> <span class='ocrx_word' id='word_1_220' title='bbox 1026 3693 1209 3780; x_wconf 87' lang='lat' dir='ltr'>autorem,</span> <span class='ocrx_word' id='word_1_221' title='bbox 1235 3689 1299 3782; x_wconf 90' lang='lat' dir='ltr'>qui</span> <span class='ocrx_word' id='word_1_222' title='bbox 1330 3687 1472 3763; x_wconf 87' lang='lat' dir='ltr'>noviter</span> <span class='ocrx_word' id='word_1_223' title='bbox 1494 3676 1530 3779; x_wconf 73' lang='lat'>(⁸)</span> <span class='ocrx_word' id='word_1_224' title='bbox 1564 3687 1756 3782; x_wconf 89' lang='lat' dir='ltr'>incipiebat</span> 
     </span>
    </p>
   </div>
   <div class='ocr_carea' id='block_1_5' title="bbox 581 3807 1865 3901">
    <p class='ocr_par' dir='ltr' id='par_1_5' title="bbox 581 3807 1865 3901">
     <span class='ocr_line' id='line_1_26' title="bbox 581 3807 1865 3901; baseline -0.002 -19"><span class='ocrx_word' id='word_1_225' title='bbox 581 3808 780 3883; x_wconf 91' lang='lat' dir='ltr'>ascendere</span> <span class='ocrx_word' id='word_1_226' title='bbox 807 3811 982 3898; x_wconf 90' lang='lat' dir='ltr'>montem,</span> <span class='ocrx_word' id='word_1_227' title='bbox 1012 3825 1098 3878; x_wconf 92' lang='lat' dir='ltr'>cum</span> <span class='ocrx_word' id='word_1_228' title='bbox 1129 3827 1225 3901; x_wconf 85' lang='lat' dir='ltr'>saepe</span> <span class='ocrx_word' id='word_1_229' title='bbox 1258 3813 1406 3881; x_wconf 87' lang='lat' dir='ltr'>revocet</span> <span class='ocrx_word' id='word_1_230' title='bbox 1436 3807 1534 3881; x_wconf 85' lang='lat' dir='ltr'>viros</span> <span class='ocrx_word' id='word_1_231' title='bbox 1563 3807 1752 3901; x_wconf 84' lang='lat' dir='ltr'>perlectos.</span> <span class='ocrx_word' id='word_1_232' title='bbox 1859 3866 1865 3879; x_wconf 95' lang='lat'><em>.</em></span> 
     </span>
    </p>
   </div>
   <div class='ocr_carea' id='block_1_6' title="bbox 581 3925 1754 4379">
    <p class='ocr_par' dir='ltr' id='par_1_6' title="bbox 581 3925 1754 4379">
     <span class='ocr_line' id='line_1_27' title="bbox 581 3925 1754 4022; baseline -0.002 -20"><span class='ocrx_word' id='word_1_233' title='bbox 581 3928 684 4002; x_wconf 91' lang='lat' dir='ltr'>Unde</span> <span class='ocrx_word' id='word_1_234' title='bbox 709 3925 951 4021; x_wconf 71' lang='lat' dir='ltr'>Augustinus:</span> <span class='ocrx_word' id='word_1_235' title='bbox 977 3932 1011 3997; x_wconf 86' lang='lat' dir='ltr'>et</span> <span class='ocrx_word' id='word_1_236' title='bbox 1032 3928 1185 3998; x_wconf 79' lang='lat' dir='ltr'>domines</span> <span class='ocrx_word' id='word_1_237' title='bbox 1199 3927 1282 4015; x_wconf 85' lang='lat' dir='ltr'>jam</span> <span class='ocrx_word' id='word_1_238' title='bbox 1295 3947 1399 4017; x_wconf 80' lang='lat' dir='ltr'>pune</span> <span class='ocrx_word' id='word_1_239' title='bbox 1415 3929 1680 4019; x_wconf 76' lang='lat' dir='ltr'>anpelossaotos</span> <span class='ocrx_word' id='word_1_240' title='bbox 1693 3932 1754 4022; x_wconf 80' lang='grc' dir='ltr'>[α-</span> 
     </span>
     <span class='ocr_line' id='line_1_28' title="bbox 582 4037 1752 4138; baseline -0.001 -18"><span class='ocrx_word' id='word_1_241' title='bbox 582 4050 650 4120; x_wconf 81' lang='lat' dir='ltr'>oies</span> <span class='ocrx_word' id='word_1_242' title='bbox 663 4048 862 4138; x_wconf 68' lang='lat' dir='ltr'>periculosa</span> <span class='ocrx_word' id='word_1_243' title='bbox 879 4045 1007 4135; x_wconf 61' lang='lat' dir='ltr'>doerit.</span> <span class='ocrx_word' id='word_1_244' title='bbox 1025 4045 1070 4116; x_wconf 86' lang='lat' dir='ltr'>Et</span> <span class='ocrx_word' id='word_1_245' title='bbox 1087 4045 1145 4118; x_wconf 90' lang='lat' dir='ltr'>hic</span> <span class='ocrx_word' id='word_1_246' title='bbox 1166 4051 1251 4119; x_wconf 86' lang='lat' dir='ltr'>nota</span> <span class='ocrx_word' id='word_1_247' title='bbox 1272 4044 1462 4138; x_wconf 86' lang='lat' dir='ltr'>subtiliter,</span> <span class='ocrx_word' id='word_1_248' title='bbox 1479 4044 1579 4138; x_wconf 85' lang='lat' dir='ltr'>quod</span> <span class='ocrx_word' id='word_1_249' title='bbox 1595 4051 1704 4119; x_wconf 87' lang='lat' dir='ltr'>autor</span> <span class='ocrx_word' id='word_1_250' title='bbox 1715 4037 1752 4138; x_wconf 52' lang='grc' dir='ltr'>(Β)</span> 
     </span>
     <span class='ocr_line' id='line_1_29' title="bbox 582 4163 1754 4259; baseline 0.001 -20"><span class='ocrx_word' id='word_1_251' title='bbox 582 4172 706 4239; x_wconf 93' lang='lat' dir='ltr'>noster</span> <span class='ocrx_word' id='word_1_252' title='bbox 732 4164 834 4259; x_wconf 83' lang='lat' dir='ltr'>lingit</span> <span class='ocrx_word' id='word_1_253' title='bbox 860 4171 1002 4237; x_wconf 89' lang='lat' dir='ltr'>tantum</span> <span class='ocrx_word' id='word_1_254' title='bbox 1029 4169 1104 4237; x_wconf 92' lang='lat' dir='ltr'>tres</span> <span class='ocrx_word' id='word_1_255' title='bbox 1128 4163 1225 4239; x_wconf 83' lang='lat' dir='ltr'>feras</span> <span class='ocrx_word' id='word_1_256' title='bbox 1249 4164 1453 4238; x_wconf 92' lang='lat' dir='ltr'>occurrisse</span> <span class='ocrx_word' id='word_1_257' title='bbox 1472 4164 1551 4257; x_wconf 87' lang='lat' dir='ltr'>sibi,</span> <span class='ocrx_word' id='word_1_258' title='bbox 1572 4164 1658 4257; x_wconf 88' lang='lat' dir='ltr'>quia</span> <span class='ocrx_word' id='word_1_259' title='bbox 1684 4165 1754 4240; x_wconf 87' lang='lat' dir='ltr'>tria</span> 
     </span>
     <span class='ocr_line' id='line_1_30' title="bbox 582 4273 1753 4379; baseline 0.001 -23"><span class='ocrx_word' id='word_1_260' title='bbox 582 4290 668 4357; x_wconf 93' lang='lat' dir='ltr'>sunt</span> <span class='ocrx_word' id='word_1_261' title='bbox 681 4273 718 4374; x_wconf 74' lang='lat'>(⁶)</span> <span class='ocrx_word' id='word_1_262' title='bbox 736 4282 944 4377; x_wconf 91' lang='lat' dir='ltr'>principalia</span> <span class='ocrx_word' id='word_1_263' title='bbox 962 4282 1147 4377; x_wconf 80' lang='lat' dir='ltr'>generalia</span> <span class='ocrx_word' id='word_1_264' title='bbox 1165 4282 1257 4357; x_wconf 84' lang='lat' dir='ltr'>vicia</span> <span class='ocrx_word' id='word_1_265' title='bbox 1274 4283 1521 4357; x_wconf 88' lang='lat' dir='ltr'>communiter</span> <span class='ocrx_word' id='word_1_266' title='bbox 1538 4285 1753 4379; x_wconf 85' lang='lat' dir='ltr'>occupantia</span> 
     </span>
    </p>
   </div>
   <div class='ocr_carea' id='block_1_7' title="bbox 644 4520 1272 4960">
    <p class='ocr_par' dir='ltr' id='par_1_7' title="bbox 644 4520 861 4579">
     <span class='ocr_line' id='line_1_31' title="bbox 644 4520 861 4579; baseline -0.009 -7"><span class='ocrx_word' id='word_1_267' title='bbox 644 4520 670 4579; x_wconf 74' lang='lat'>(¹)</span> <span class='ocrx_word' id='word_1_268' title='bbox 689 4526 743 4579; x_wconf 82' lang='lat' dir='ltr'>llo,</span> <span class='ocrx_word' id='word_1_269' title='bbox 760 4520 861 4571; x_wconf 72' lang='lat' dir='ltr'>lormoe.</span> 
     </span>
    </p>

    <p class='ocr_par' dir='ltr' id='par_1_8' title="bbox 644 4594 1272 4731">
     <span class='ocr_line' id='line_1_32' title="bbox 645 4594 1272 4660; baseline 0.003 -16"><span class='ocrx_word' id='word_1_270' title='bbox 645 4597 671 4656; x_wconf 79' lang='lat'>(¹)</span> <span class='ocrx_word' id='word_1_271' title='bbox 686 4595 712 4644; x_wconf 86' lang='lat' dir='ltr'>S.</span> <span class='ocrx_word' id='word_1_272' title='bbox 729 4596 830 4645; x_wconf 86' lang='lat' dir='ltr'>dicetur</span> <span class='ocrx_word' id='word_1_273' title='bbox 846 4596 954 4646; x_wconf 75' lang='lat' dir='ltr'>iuferius</span> <span class='ocrx_word' id='word_1_274' title='bbox 969 4597 995 4646; x_wconf 88' lang='lat' dir='ltr'>in</span> <span class='ocrx_word' id='word_1_275' title='bbox 1012 4597 1126 4660; x_wconf 70' lang='lat' dir='ltr'>Purgat,</span> <span class='ocrx_word' id='word_1_276' title='bbox 1143 4594 1170 4645; x_wconf 85' lang='lat' dir='ltr'>C.</span> <span class='ocrx_word' id='word_1_277' title='bbox 1188 4596 1272 4647; x_wconf 83' lang='lat' dir='ltr'>Xllll.</span> 
     </span>
     <span class='ocr_line' id='line_1_33' title="bbox 644 4670 1114 4731; baseline 0.006 -13"><span class='ocrx_word' id='word_1_278' title='bbox 644 4671 670 4731; x_wconf 80' lang='lat'>(⁸)</span> <span class='ocrx_word' id='word_1_279' title='bbox 687 4671 717 4719; x_wconf 78' lang='lat' dir='ltr'>R</span> <span class='ocrx_word' id='word_1_280' title='bbox 734 4670 823 4720; x_wconf 73' lang='lat' dir='ltr'>balista</span> <span class='ocrx_word' id='word_1_281' title='bbox 840 4671 897 4720; x_wconf 81' lang='lat' dir='ltr'>solo</span> <span class='ocrx_word' id='word_1_282' title='bbox 913 4672 968 4721; x_wconf 86' lang='lat' dir='ltr'>risu</span> <span class='ocrx_word' id='word_1_283' title='bbox 985 4672 1114 4721; x_wconf 79' lang='lat' dir='ltr'>interficit.</span> 
     </span>
    </p>

    <p class='ocr_par' dir='ltr' id='par_1_9' title="bbox 644 4745 1257 4885">
     <span class='ocr_line' id='line_1_34' title="bbox 644 4745 1257 4809; baseline 0.007 -16"><span class='ocrx_word' id='word_1_284' title='bbox 644 4745 670 4804; x_wconf 75' lang='lat'>(⁸1</span> <span class='ocrx_word' id='word_1_285' title='bbox 689 4745 719 4794; x_wconf 83' lang='lat' dir='ltr'>ll.</span> <span class='ocrx_word' id='word_1_286' title='bbox 734 4746 806 4808; x_wconf 77' lang='lat' dir='ltr'>quasi</span> <span class='ocrx_word' id='word_1_287' title='bbox 823 4746 924 4795; x_wconf 72' lang='lat' dir='ltr'>noviter</span> <span class='ocrx_word' id='word_1_288' title='bbox 940 4746 1095 4809; x_wconf 83' lang='lat' dir='ltr'>impediebat</span> <span class='ocrx_word' id='word_1_289' title='bbox 1110 4747 1257 4798; x_wconf 76' lang='lat' dir='ltr'>ascendere.</span> 
     </span>
     <span class='ocr_line' id='line_1_35' title="bbox 645 4821 1105 4885; baseline 0.004 -15"><span class='ocrx_word' id='word_1_290' title='bbox 645 4821 671 4884; x_wconf 80' lang='lat'>(¹)</span> <span class='ocrx_word' id='word_1_291' title='bbox 689 4821 718 4870; x_wconf 82' lang='lat' dir='ltr'>B.</span> <span class='ocrx_word' id='word_1_292' title='bbox 736 4821 804 4884; x_wconf 75' lang='lat' dir='ltr'>quod</span> <span class='ocrx_word' id='word_1_293' title='bbox 821 4825 897 4872; x_wconf 81' lang='lat' dir='ltr'>autor</span> <span class='ocrx_word' id='word_1_294' title='bbox 914 4823 1008 4873; x_wconf 82' lang='lat' dir='ltr'>merito</span> <span class='ocrx_word' id='word_1_295' title='bbox 1025 4822 1105 4885; x_wconf 74' lang='lat' dir='ltr'>lingit.</span> 
     </span>
    </p>

    <p class='ocr_par' dir='ltr' id='par_1_10' title="bbox 645 4896 1209 4960">
     <span class='ocr_line' id='line_1_36' title="bbox 645 4896 1209 4960; baseline 0.007 -13"><span class='ocrx_word' id='word_1_296' title='bbox 645 4896 672 4958; x_wconf 82' lang='lat'>(⁸)</span> <span class='ocrx_word' id='word_1_297' title='bbox 688 4896 714 4947; x_wconf 83' lang='lat' dir='ltr'>S.</span> <span class='ocrx_word' id='word_1_298' title='bbox 731 4902 791 4946; x_wconf 81' lang='lat' dir='ltr'>sunt</span> <span class='ocrx_word' id='word_1_299' title='bbox 806 4897 935 4960; x_wconf 62' lang='lat' dir='ltr'>mustella</span> <span class='ocrx_word' id='word_1_300' title='bbox 951 4897 1012 4949; x_wconf 73' lang='lat' dir='ltr'>ritis</span> <span class='ocrx_word' id='word_1_301' title='bbox 1028 4900 1209 4951; x_wconf 83' lang='lat' dir='ltr'>communiter.</span> 
     </span>
    </p>
   </div>
   <div class='ocr_carea' id='block_1_8' title="bbox 0 0 2082 6546">
    <p class='ocr_par' dir='ltr' id='par_1_11' title="bbox 0 0 2082 6546">
     <span class='ocr_line' id='line_1_37' title="bbox 0 0 2082 6546; baseline 0 2"><span class='ocrx_word' id='word_1_302' title='bbox 0 0 2082 6546; x_wconf 95' lang='lat' dir='ltr'> </span> 
     </span>
    </p>
   </div>
  </div>
 </body>
</html>
