4154 6546
850 805 1054 863 conflarunt
1079 807 1230 862 mill

451 1231 616 1300 CANTUS
631 1228 844 1311 QUARTUS,
868 1230 905 1295 in
925 1251 985 1313 quo
1011 1235 1168 1297 tractatur
1189 1231 1228 1297 de
1247 1232 1413 1317 spiritibus
1440 1233 1562 1300 arom
1585 1234 1622 1300 in

524 1342 652 1428 medo,
680 1346 710 1408 ct
734 1340 815 1407 vidit
834 1341 946 1406 tortas
968 1340 1146 1420 molinum,
1169 1362 1302 1425 qaomm
1326 1346 1469 1409 nominat
1488 1342 1620 1426 multos,-

526 1459 557 1521 et
567 1453 708 1520 declarat
720 1450 876 1536 ertlitta
886 1450 992 1518 Danti
1005 1454 1214 1535 quastione»,
1225 1455 1307 1519 mort
1318 1451 1467 1520 Obn‘stos
1482 1458 1624 1522 mooli

525 1566 640 1632 deicio
656 1564 721 1630 loco
735 1564 851 1630 multos
866 1565 1052 1646 spirituact
1067 1566 1104 1629 io
1116 1565 1181 1646 piac
1197 1561 1338 1647 Capituli
1350 1566 1623 1635 nominotmttltoo

525 1678 700 1758 septetum
724 1681 754 1740 ct
774 1675 824 1740 iric
847 1679 894 1740 cot
908 1677 1036 1756 potam
1059 1673 1204 1740 Oircrrim
1225 1675 1361 1756 Inferri.

526 2047 760 2217 Rumam
780 2139 881 2208 tollo
897 2154 1009 2207 sonno
1025 2138 1118 2208 netto
1134 2143 1230 2208 testu
1250 2136 1448 2228 Postquam
1463 2138 1500 2210 in
1511 2158 1623 2232 supe·

455 2257 541 2332 riori
573 2255 731 2351 capitulo
769 2255 875 2330 tertio
904 2255 1073 2349 proxime
1107 2255 1326 2347 procedenti
1354 2262 1464 2331 autor
1496 2265 1621 2333 noster

454 2377 622 2451 tractavit
640 2383 678 2451 et
693 2375 950 2450 determinavit
965 2374 1012 2448 de
1027 2374 1191 2470 generali
1205 2395 1326 2468 passu,
1339 2395 1406 2468 per
1419 2396 1532 2469 quem
1545 2377 1621 2451 itur

452 2497 499 2570 ad
525 2496 724 2587 lnlernum,
743 2515 841 2569 nunc
857 2501 1126 2588 consequenter
1150 2495 1187 2567 in
1212 2495 1280 2568 isto
1306 2502 1439 2588 quarto
1463 2498 1622 2592 capitulo

454 2620 585 2688 tractat
608 2614 656 2689 de
680 2615 798 2707 primo
822 2614 960 2688 circulo
985 2613 1129 2706 interni,
1155 2614 1220 2706 qui
1248 2613 1380 2688 dicitur
1401 2616 1561 2710 limbus,
1585 2618 1622 2691 in

454 2753 528 2825 quo
548 2738 737 2826 ponuntur
762 2732 810 2804 illi
835 2732 899 2823 qui
924 2751 997 2805 non
1022 2733 1226 2825 puniuntur
1243 2736 1389 2828 proprie
1405 2736 1498 2816 sicut
1514 2738 1619 2830 pueri

454 2854 662 2926 innocentes
680 2853 758 2926 sine
782 2852 973 2946 baptismo,
986 2859 1024 2926 et
1040 2852 1109 2925 viri
1126 2853 1257 2948 pagani
1278 2853 1438 2929 illustres
1456 2856 1569 2931 armis
1588 2866 1627 2933 ct

453 2971 619 3046 scientiis.
633 2972 677 3045 Et
688 2977 807 3065 potest
818 2970 915 3044 istud
927 2990 1086 3064 praesens
1099 2971 1300 3065 capitulum
1313 2974 1421 3048 dividi
1435 2976 1472 3049 in
1481 2976 1527 3050 Vl
1539 2997 1626 3071 par·

455 3099 509 3167 tes
531 3090 734 3187 generales,
759 3091 797 3163 in
822 3110 981 3184 quarum
1003 3090 1121 3184 prima
1145 3098 1266 3185 autor,
1287 3093 1505 3168 continuans
1529 3094 1624 3169 dicta

453 3209 622 3303 dicendis,
652 3209 823 3284 describit
856 3211 977 3283 locum
1012 3211 1049 3283 in
1083 3212 1257 3306 generali,
1290 3219 1326 3286 et
1358 3213 1546 3289 introitum
1578 3213 1625 3289 ad

454 3330 614 3424 primum
640 3329 830 3405 circulum.
856 3329 896 3401 ln
920 3329 1081 3403 secunda
1099 3336 1230 3404 tractat
1245 3331 1291 3404 de
1312 3351 1404 3424 pena
1422 3352 1625 3426 puerorum

454 3452 688 3524 innocentum
709 3441 745 3539 (¹)
777 3448 848 3521 ibi:
879 3452 980 3535 Onici
1007 3452 1167 3521 secondo.
1194 3450 1234 3522 ln
1263 3451 1371 3524 tertia
1401 3459 1511 3526 antor
1543 3452 1627 3527 iacit

454 3571 655 3646 incidenter
679 3589 793 3642 unam
819 3568 1029 3662 petitionem
1049 3568 1197 3663 Virgilio
1212 3560 1249 3659 (²)
1272 3570 1343 3642 ibi:
1362 3574 1506 3662 Dimmi,
1529 3593 1627 3645 mae-

454 3690 606 3765 ntroin
636 3695 769 3782 quarta
798 3687 968 3762 describit
1001 3687 1122 3761 locum
1152 3687 1346 3763 illustrium
1380 3691 1558 3784 virorum,
1589 3700 1628 3764 et

454 3812 595 3906 aliquos
619 3816 744 3905 poetas
769 3808 938 3904 egregios
963 3809 1000 3880 in
1026 3808 1182 3901 speciali,
1208 3828 1294 3883 curn
1321 3809 1456 3903 quibus
1480 3810 1627 3885 intravit

456 3931 650 4025 nospitium
667 3928 851 4023 sapientie
867 3927 937 4003 ibi:
952 3933 1033 4000 Non
1049 3949 1114 4001 ero
1131 3931 1237 4019 inopi
1256 3928 1297 4001 ln
1314 3928 1442 4022 quinta
1458 3928 1627 4003 describit

456 4053 553 4125 viros
585 4057 754 4124 strenuos
784 4068 977 4123 armorum
1016 4048 1086 4122 ibi:
1128 4052 1308 4122 lraemoci
1338 4042 1419 4122 cosi
1452 4049 1492 4123 ln
1522 4057 1627 4124 serta

455 4176 564 4243 autor
590 4169 752 4242 nominat
777 4168 875 4242 viros
900 4168 1019 4241 claros
1048 4168 1232 4261 sapientia
1258 4168 1323 4242 ibi:
1348 4172 1414 4242 Poi
1443 4171 1503 4241 cte
1530 4173 1625 4242 inot-

455 4293 525 4363 zoi.
552 4288 605 4364 Ad
629 4289 790 4383 primum
810 4288 903 4382 dico,
924 4287 1023 4383 quod
1038 4295 1149 4363 autor
1166 4287 1336 4364 describit
1356 4291 1479 4363 locum
1502 4289 1539 4362 in
1559 4309 1627 4385 ge—

457 4409 582 4503 nerali,
608 4407 671 4483 sed
688 4408 806 4502 primo
820 4407 1006 4502 praemittit
1018 4429 1124 4481 suam
1138 4408 1460 4483 continuationem.
1478 4409 1628 4483 Dixerat

456 4528 553 4601 enim
579 4535 688 4601 autor
713 4528 750 4600 in
775 4527 847 4602 line
874 4529 1021 4622 capituli
1039 4528 1275 4622 precedentis
1293 4529 1390 4623 quod
1409 4529 1627 4603 transiverat

440 4645 501 4718 md
526 4646 712 4720 lnlernum
739 4667 805 4741 per
830 4669 1019 4740 somnum;
1047 4670 1144 4723 nunc
1164 4650 1380 4723 continuans
1406 4669 1445 4724 se
1470 4648 1627 4723 ostendit

518 4847 545 4907 (¹)
562 4852 616 4909 ¹¹⁶,
632 4849 800 4898 innocentum
815 4852 842 4897 el
858 4850 975 4898 virorum
992 4849 1141 4909 illustrium,
1159 4851 1201 4900 ibi.

519 4920 547 4984 (¹)
562 4921 587 4973 s.
604 4923 636 4974 au
652 4921 800 4987 utranam,
817 4923 860 4973 ror.
