4154 6546
786 814 925 869 caurus
950 815 1107 872 uncinus
1131 818 1297 884 oururus.
1557 802 1626 871 513

455 961 554 1056 quod
568 960 774 1036 communis
791 959 912 1055 opinio
928 961 1096 1035 omnium
1114 969 1151 1036 et
1170 961 1333 1057 ipsorum
1347 959 1628 1035 florentinorum

455 1087 522 1176 est,
547 1082 646 1176 quod
671 1079 850 1156 florentini
868 1080 939 1154 sint
960 1081 1077 1156 vocati
1099 1081 1187 1155 caeci
1212 1087 1362 1177 propter
1388 1077 1627 1173 delusionem,

454 1221 568 1295 quam
595 1205 814 1295 receperunt
833 1199 919 1273 olim
938 1221 961 1275 a
977 1201 1119 1296 pisanis.
1138 1202 1243 1296 Nam,
1263 1208 1305 1274 ut
1323 1199 1473 1274 tradunt
1496 1218 1626 1272 eorum

453 1319 648 1413 chronicae,
673 1338 771 1393 anno
796 1318 939 1392 Domini
956 1314 993 1411 (¹)
1011 1322 1179 1415 llCXVll,
1206 1320 1321 1416 pisani
1341 1327 1428 1393 tunc
1455 1316 1629 1410 temporis
1727 1404 1730 1410 ¹

452 1438 690 1534 potentissimi
707 1438 745 1512 in
763 1438 857 1511 mari
877 1439 1046 1513 iecerunt
1062 1461 1236 1536 magnam
1257 1441 1410 1515 classem
1435 1437 1625 1533 galearum

452 1558 499 1633 ad
523 1557 737 1653 capiendam
753 1548 789 1649 (²)
816 1557 973 1632 insulam
1000 1559 1192 1654 Maioricae,
1218 1579 1331 1652 quam
1355 1559 1629 1650 occupaverant

452 1677 637 1770 saraceni3
669 1683 705 1751 et
736 1686 822 1751 cum
844 1677 923 1773 jam
950 1685 1070 1752 essent
1100 1679 1136 1752 in
1167 1679 1308 1772 itinere,
1340 1697 1427 1752 eece
1461 1676 1626 1749 lucenses

452 1803 634 1872 venerunt
664 1816 750 1871 cum
777 1797 943 1871 exercitu
967 1799 1014 1872 ad
1038 1799 1284 1874 invadendum
1313 1798 1423 1871 Pisas.
1450 1795 1531 1883 Quo
1556 1812 1626 1864 au·
1696 1839 1698 1843 -

452 1915 538 2010 dito,
572 1917 687 2012 pisani
719 1937 799 2018 non,
822 1917 999 1991 audentes
1024 1918 1236 2014 procedere,
1264 1938 1311 1992 ne
1336 1937 1467 1991 eorum
1499 1912 1625 1987 civitas

452 2041 672 2129 vastaretur,
698 2041 735 2109 et
760 2035 934 2111 recedere
959 2038 1006 2111 ab
1032 2039 1190 2131 incoepto
1216 2037 1411 2111 videbatur
1437 2034 1488 2109 eis
1519 2033 1625 2105 inho·

451 2155 616 2230 norabile
628 2161 666 2229 et
678 2155 908 2248 damnosum,
918 2157 995 2250 jam
1015 2157 1163 2250 vulgata
1183 2157 1280 2231 lama
1298 2161 1335 2230 et
1352 2155 1447 2228 iacta
1465 2171 1624 2246 expensa

451 2292 609 2369 magna3
635 2273 717 2347 ideo
743 2273 866 2347 habito
897 2274 1048 2348 consilio
1072 2274 1168 2348 inter
1195 2294 1258 2348 eos
1284 2273 1464 2347 miserunt
1488 2272 1535 2345 ad
1559 2272 1625 2344 llo-

451 2392 613 2467 rentinos
649 2397 737 2466 tunc
750 2382 787 2484 (³)
814 2391 953 2466 amicos
986 2412 1129 2486 eorum,
1157 2400 1198 2467 ut
1222 2392 1400 2467 deberent
1424 2391 1552 2466 venire
1576 2389 1623 2464 ad

450 2510 653 2586 custodiam
673 2510 825 2584 civitatis
842 2511 977 2606 pisanae
990 2498 1038 2604 (⁸).
1057 2511 1254 2586 Florentini
1273 2518 1461 2608 gratanter
1479 2530 1625 2584 assum-

450 2636 604 2726 pserunt
620 2629 867 2704 defensionem
886 2636 1013 2705 contra
1026 2631 1205 2724 lucenses,
1219 2636 1255 2704 et
1269 2650 1526 2724 quoscumque
1543 2648 1625 2703 mo-

450 2748 584 2825 lestare
609 2751 773 2825 volentes
798 2749 931 2822 dictam
957 2750 1160 2843 civitatem,
1187 2756 1224 2823 et
1249 2748 1422 2823 continuo
1443 2749 1623 2824 miserunt

451 2875 580 2966 gentes
593 2875 784 2962 equestres
793 2874 835 2942 et
846 2868 1043 2963 pedestres,
1058 2888 1142 2963 quae
1155 2874 1358 2963 posuerunt
1370 2874 1490 2944 castra
1508 2887 1622 2963 prope

451 2986 551 3062 Pisas
575 3008 642 3082 per
666 2987 741 3062 duo
766 2987 944 3063 milliaria.
972 2989 1016 3062 Et
1032 2989 1195 3063 Potestas
1216 3009 1349 3063 eorum
1367 2988 1566 3083 prudenter
1584 2997 1622 3063 et

450 3109 603 3183 honeste
620 3107 816 3198 mandavit,
843 3128 890 3182 ne
914 3108 1045 3203 aliquis
1069 3109 1224 3184 intraret
1246 3109 1453 3215 pivitatem3
1480 3114 1619 3183 etcum

450 3246 547 3300 unus
573 3233 701 3301 contra
726 3233 952 3323 preceptum
982 3229 1162 3322 intrasset,
1190 3228 1455 3302 condemnatus
1480 3227 1548 3300 luit
1572 3225 1620 3300 ad

451 3352 620 3419 mortem.
634 3345 717 3433 Quo
730 3345 866 3440 audito,
885 3347 1046 3422 seniores
1063 3347 1230 3421 Pisanum
1250 3347 1437 3422 venientes
1454 3346 1499 3420 ad
1512 3347 1621 3421 Pote-

449 3471 592 3558 statem,
619 3473 857 3561 rogaverunt,
877 3472 918 3540 ut
937 3487 1068 3541 eorum
1087 3468 1392 3563 contemplatione
1412 3468 1621 3541 remittere-

450 3590 512 3657 tur
536 3584 603 3657 sibi
628 3604 760 3679 poena3
787 3592 825 3659 et
842 3607 915 3661 non
933 3587 1095 3661 valentes
1120 3587 1268 3661 ilectere
1292 3588 1412 3682 ipsum
1438 3585 1618 3681 precibus,

288 3694 301 3723 ⁵
448 3704 636 3800 protestati
658 3715 755 3799 sunt,
769 3706 867 3799 quod
886 3706 1058 3781 nolebant
1076 3707 1194 3803 ipsum
1213 3708 1366 3782 interfici
1384 3708 1420 3781 in
1439 3707 1620 3781 territorio

449 3844 591 3899 eorum.
612 3825 713 3898 Tunc
731 3825 894 3900 Potestas
911 3832 1020 3900 caute
1037 3817 1118 3918 etd)
1139 3827 1291 3902 honeste
1302 3826 1386 3902 lecit
1399 3826 1472 3901 emi
1484 3845 1618 3922 agrum

448 3962 471 4017 a
496 3943 634 4017 rustico
661 3944 809 4018 nomine
826 3945 1034 4019 communis
1051 3945 1256 4040 Florentiae,
1274 3952 1311 4020 et
1336 3946 1384 4020 ibi
1410 3946 1493 4020 iecit
1509 3965 1617 4020 reum

449 4061 629 4157 suspendi.
663 4063 781 4137 Pisani
812 4069 939 4138 autem
972 4066 1110 4138 reversi
1144 4086 1166 4139 a
1197 4067 1476 4162 recuperatione
1506 4068 1616 4140 llaio-

449 4181 545 4276 ricae,
567 4180 725 4278 egerunt
749 4183 886 4280 gratias
912 4184 1110 4258 llorentinis
1135 4184 1182 4259 de
1207 4192 1282 4260 tam
1309 4186 1448 4261 liberali
1473 4194 1509 4262 et
1535 4189 1617 4261 lau-

447 4302 556 4377 dabili
575 4302 769 4398 beneficio;
787 4310 823 4379 et
840 4304 1065 4398 obtulerunt,
1083 4312 1125 4378 ut
1142 4305 1321 4401 eligerent
1345 4307 1444 4401 quod
1469 4307 1615 4404 signum

447 4423 608 4500 victorie
640 4423 760 4518 potius
791 4412 940 4520 uellent,
965 4427 1024 4500 vel
1062 4433 1186 4521 portas
1220 4447 1354 4521 aeneas,
1384 4427 1443 4502 vel
1472 4429 1616 4502 colum-

447 4566 513 4620 nas
536 4544 583 4618 de
608 4535 916 4638 propheriticol⁶l,
940 4567 1032 4640 quas
1058 4553 1293 4641 portaverant
1318 4567 1341 4620 a
1365 4546 1459 4621 dicta
1487 4547 1613 4622 insula.

506 4754 535 4820 (¹)
550 4757 581 4806 B.
597 4757 700 4808 Morini
716 4760 798 4810 nostrl
812 4759 874 4808 lesu
890 4758 984 4810 Christi
1002 4759 1134 4811 licxvll.
1214 4760 1241 4824 ξ’)
1258 4761 1285 4811 S.
1302 4762 1490 4824 accipiendum.

508 4832 583 4897 ΟΒ.
597 4838 660 4885 tunc
675 4835 803 4886 animem
818 4836 971 4886 eorumdem
988 4837 1094 4897 amicos,
1112 4842 1149 4888 ut.
1212 4837 1240 4900 (¹)
1258 4838 1289 4887 B.
1307 4837 1434 4889 Pinarum.

508 4910 536 4974 (¹)
552 4910 584 4962 ll.
600 4924 616 4962 e
633 4914 686 4972 llo,
702 4917 729 4963 et
744 4912 848 4963 occule
864 4912 932 4964 lecit
1214 4914 1242 4978 θ)
1258 4914 1289 4966 B.
1305 4914 1338 4966 da
1353 4915 1546 4980 porphyretico.

581 5020 589 5060 l
1136 5030 1139 5037 ’
1452 5026 1479 5064 33
