4154 6546
857 767 997 822 caurus
1021 768 1197 834 oularus.
1551 762 1620 830 135

449 912 634 1008 quomodo
660 912 771 986 luerit
785 903 821 1002 (¹)
848 912 1028 987 excitatus
1052 933 1075 987 a
1101 912 1261 1006 quodam
1287 915 1424 990 tonitru
1437 908 1488 1008 (²).
1514 917 1558 991 Et
1574 919 1620 993 ad

447 1031 721 1127 intelligentiam
747 1030 856 1104 huius
881 1031 996 1106 litera
1013 1037 1069 1106 est
1084 1032 1363 1126 praenotandum
1378 1025 1415 1127 (³)
1438 1036 1538 1130 quod
1554 1036 1622 1112 iste

448 1155 604 1231 tonitrus
636 1156 693 1227 est
722 1150 893 1226 terribilis
922 1172 1035 1226 sonus
1069 1172 1261 1247 penarum,
1293 1154 1340 1230 de
1373 1176 1448 1249 quo
1479 1157 1623 1232 dicetur

447 1274 557 1368 paulo
581 1272 687 1364 intra,
705 1290 818 1364 quom
845 1291 978 1346 sonum
994 1279 1104 1346 autor
1120 1274 1278 1367 appellat
1291 1262 1330 1366 (⁴)
1348 1276 1622 1370 methaphorice

449 1392 639 1483 tonitrum,
662 1390 756 1465 sicut
780 1410 889 1485 saepe,
915 1391 1062 1484 quando
1087 1391 1258 1466 audimus
1274 1393 1436 1488 aliquem
1461 1395 1536 1469 alte
1552 1416 1619 1470 vo-

448 1512 673 1603 ciferantem,
698 1510 859 1586 solemus
883 1510 1027 1586 dicere:
1054 1511 1175 1586 emisit
1199 1532 1342 1608 vocem,
1362 1535 1447 1608 quae
1471 1516 1549 1590 visa
1566 1523 1621 1590 est

448 1651 565 1707 unam
597 1630 772 1705 tonitrum
786 1621 836 1721 (⁵).
863 1631 967 1707 Nunc
998 1651 1088 1727 ergo
1118 1633 1164 1707 ad
1198 1633 1340 1708 literam
1373 1634 1458 1709 dicit
1488 1643 1620 1710 autor:

448 1773 497 1827 rot
523 1754 662 1843 prande
691 1757 808 1842 dmm,
840 1749 942 1843 idest,
975 1751 1145 1826 terribilis
1173 1772 1296 1846 sonus,
1326 1775 1491 1846 rumpente
1513 1759 1621 1829 tutto

319 1955 322 1962 ,
449 1890 576 1962 comm,
601 1870 693 1945 idest
716 1869 889 1944 excitavit
913 1870 1001 1943 mihi
1018 1870 1236 1964 profundam
1257 1874 1544 1966 speculationem
1562 1876 1619 1949 vel

450 1992 623 2085 quietem,
648 1992 743 2062 aella
766 1995 864 2080 testu,
896 1988 987 2063 idest
1000 1980 1038 2080 (θ)
1064 1990 1241 2065 lanthasia
1273 2012 1368 2086 mea,
1393 1984 1424 2066 si
1447 1996 1547 2099 clt’to
1572 1998 1621 2066 mi

448 2114 601 2200 monast,
626 2110 720 2185 idest
743 2108 960 2202 recuperavi
980 2129 1142 2202 sensum,
1167 2115 1205 2184 et
1221 2111 1390 2207 evigilavi
1404 2102 1456 2208 (⁷t,
1481 2134 1546 2208 per
1571 2115 1621 2187 si-

449 2232 545 2325 mile,
569 2251 667 2304 corne
685 2249 841 2322 pesona
865 2231 926 2303 cte
944 2249 1014 2319 per
1035 2232 1144 2322 [crza
1160 2221 1197 2302 de
1213 2232 1324 2322 desto,
1350 2230 1441 2307 idest
1465 2234 1621 2307 excitata

448 2352 637 2443 violenter,
663 2349 756 2424 sicut
779 2369 803 2425 a
828 2349 936 2424 simili
953 2349 1120 2423 videmus
1136 2349 1183 2423 de
1200 2350 1305 2443 lacto,
1323 2352 1422 2445 quod
1448 2354 1530 2448 quis
1549 2354 1621 2428 lire

448 2475 634 2549 dormiens
663 2473 699 2546 ln
728 2491 879 2547 camera
908 2470 1104 2562 aliquando
1132 2471 1315 2545 excitatur
1349 2479 1447 2547 totus
1473 2475 1622 2549 territus

449 2593 618 2671 violentia
635 2592 804 2668 immensi
822 2590 915 2683 soni,
932 2590 1027 2664 sicut
1044 2590 1205 2684 tonitrui,
1229 2593 1287 2666 vel
1309 2593 1470 2688 crepitus
1491 2582 1541 2687 (⁸),
1558 2594 1620 2688 qui

451 2714 651 2810 vulgariter
673 2712 877 2808 appellatur
899 2711 1105 2784 tomdmdo.
1123 2751 1174 2764 -
1189 2717 1222 2784 E
1242 2715 1400 2786 {occlto
1423 2713 1488 2786 Hic
1512 2722 1622 2787 autor

451 2833 605 2909 ostendit
629 2832 717 2925 quid
742 2830 869 2907 lecerit
896 2829 947 2905 ita
971 2830 1162 2924 excitatus,
1189 2838 1227 2906 et
1257 2833 1342 2907 dicit
1360 2824 1416 2925 (ἦε
1446 2835 1620 2909 continuo

451 2955 590 3026 raom
605 2955 628 3024 t'
634 2953 750 3024 occlto
761 2952 933 3041 ammoto,
950 2950 1099 3023 oculum
1117 2949 1200 3024 dico
1217 2951 1500 3028 intellectualem
1517 2954 1622 3047 quie-

453 3077 570 3147 tatum
583 3062 638 3160 (¹⁰)
663 3088 729 3162 per
746 3067 907 3162 quietem
923 3069 1055 3163 somni,
1081 3070 1168 3162 quia
1185 3070 1320 3145 scilicet
1339 3092 1406 3166 per
1430 3073 1536 3147 uum
1554 3074 1621 3146 an

451 3190 686 3267 structionem
705 3188 934 3282 quietaverat
954 3195 992 3265 ct
1013 3188 1242 3283 disposuerat
1262 3190 1487 3266 intellectum
1510 3212 1620 3266 suum

450 3312 497 3388 ud
522 3310 782 3407 speculandum
794 3300 849 3401 (¹¹)
875 3309 938 3402 qui
955 3315 1042 3384 ante
1059 3308 1165 3384 istam
1188 3311 1474 3404 speculationem
1500 3312 1621 3388 luerat

449 3448 598 3528 semper
622 3431 817 3524 inquietus,
842 3431 997 3521 corno,
1018 3429 1111 3505 idest
1135 3450 1182 3506 ex
1199 3431 1300 3506 omni
1317 3438 1431 3526 parte
1450 3434 1495 3507 Et
1516 3433 1619 3508 dicit:

449 3555 554 3627 daddo
578 3573 598 3625 e
620 3554 746 3643 leuato,
764 3549 911 3641 scilicet
934 3569 1005 3646 ego
1027 3557 1173 3625 erectus
1198 3551 1445 3645 speculatione
1469 3555 1621 3646 mentis;

449 3674 575 3764 epoto
598 3672 803 3762 rtpuordci,
827 3668 916 3763 quia
939 3669 1086 3744 animus
1102 3671 1182 3745 eius
1198 3670 1355 3765 amplius
1375 3692 1449 3747 non
1474 3674 1622 3748 vacilla-

450 3791 523 3885 ltut,
554 3791 649 3866 sicut
680 3789 822 3865 solebat
854 3794 942 3864 ante
973 3789 1079 3863 istam
1114 3790 1411 3884 speculationem.
1454 3791 1498 3866 ut
1536 3813 1624 3868 ecce

450 3933 601 3989 causam
626 3930 744 4005 quare
772 3910 1044 4004 circumspexit,
1069 3931 1138 4001 per
1168 3915 1272 3985 ceder
1303 3916 1338 3985 to
1367 3915 1468 3987 trunco
1496 3916 1623 3988 doddo

450 4036 545 4127 loom
558 4072 609 4087 -
629 4036 694 4105 Ver
716 4023 763 4104 de.
789 4030 855 4107 llic
883 4035 993 4104 autor
1017 4030 1173 4104 ostendit
1199 4033 1385 4125 quomodo
1409 4034 1623 4132 cognoverit

453 4153 586 4245 locum
611 4156 650 4225 et
674 4148 835 4225 notilicat
858 4149 978 4243 ipsum
1003 4147 1230 4243 descriptiva,
1258 4151 1356 4226 unde
1372 4152 1480 4228 dicit:
1502 4175 1563 4228 oer
1587 4151 1624 4228 de

453 4272 513 4345 cllo
534 4273 573 4345 ia
595 4289 636 4345 so
660 4272 698 4343 la
716 4270 838 4362 prodo
862 4271 911 4342 mi
934 4272 1077 4360 trooot,·
1102 4289 1168 4363 per
1200 4271 1269 4345 hoc
1301 4273 1549 4367 praesupponit
1568 4265 1622 4362 (η)

513 4507 543 4569 (¹)
557 4508 584 4560 8.
600 4520 615 4558 c
631 4507 661 4558 ll.
678 4507 772 4558 lucrat.
1233 4509 1258 4568 (¹)
1275 4509 1306 4559 lt.
1323 4509 1446 4560 tonitruo.

516 4583 543 4646 (¹)
557 4583 584 4636 8.
600 4584 741 4636 sciendum.
1232 4585 1259 4646 (¹)
1274 4584 1300 4635 S.
1316 4589 1399 4636 rorat

515 4660 542 4722 (⁶)
558 4661 589 4712 lt
604 4660 759 4712 tonitruum.
1232 4661 1258 4720 tl)
1275 4662 1305 4711 n
1323 4661 1388 4712 idest
1402 4662 1429 4712 ln
1445 4661 1559 4714 tnntdu

514 4736 542 4800 (¹)
558 4737 589 4788 lt
605 4735 717 4802 rlgllari.
1232 4737 1259 4798 θ)
1274 4737 1307 4789 lt
1321 4738 1453 4802 strepitus.

513 4812 542 4873 ζ’)
557 4817 612 4874 tlt,
628 4813 690 4864 dicit
704 4813 776 4877 qnod
791 4813 924 4864 contlnuo.
1219 4813 1258 4877 (¹⁶)
1274 4815 1305 4866 lt
1315 4816 1432 4880 quietum
1442 4815 1622 4880 perpulsum.

504 4887 543 4947 (¹¹)
558 4886 585 4939 8.
600 4890 801 4953 mintionem
817 4891 861 4955 qul
877 4895 935 4940 unte
951 4891 1025 4940 istam
1044 4891 1137 4942 luerat.
1221 4890 1260 4956 (¹¹1
1278 4897 1332 4952 tlt,
1347 4892 1476 4957 supponit.
