4154 6546
450 781 520 848 506
846 795 1047 855 comeum
1072 796 1225 849 rursum

448 937 545 1010 viam
573 943 675 1011 tuam
696 957 762 1031 per
784 958 960 1035 aggerem
977 930 1013 1031 (⁴)
1035 939 1105 1012 sub
1122 944 1178 1013 te:
1197 939 1248 1014 ita
1265 940 1364 1035 quod
1387 961 1474 1015 cum
1499 942 1618 1039 capite

448 1056 648 1153 attingebat
664 1079 802 1152 pannos
819 1059 972 1152 autoris,
991 1064 1028 1133 et
1047 1079 1162 1155 agger
1179 1060 1246 1134 iste
1262 1059 1408 1136 videtur
1426 1081 1506 1137 esse
1521 1063 1618 1138 altus

447 1197 513 1272 per
539 1183 716 1251 staturam
743 1179 852 1252 unius
878 1179 1047 1272 hominis,
1073 1183 1186 1272 epoi,
1212 1179 1346 1255 scilicet
1372 1202 1458 1256 cnm
1489 1190 1619 1257 contu·

446 1294 526 1370 lero
550 1296 672 1390 aliqua
691 1303 825 1391 tecum,
842 1291 1043 1390 ripiapnird
1069 1301 1106 1371 lo
1133 1300 1203 1370 mio
1228 1302 1415 1393 masnada,
1434 1300 1525 1376 idest
1537 1321 1620 1377 ma·

448 1416 614 1511 nipulum
640 1417 717 1491 sive
742 1419 891 1493 turbam
925 1438 1108 1512 meorum,
1134 1420 1195 1490 cde
1225 1439 1270 1490 oa
1297 1421 1501 1511 piunperm
1529 1423 1621 1496 isos·

447 1540 556 1609 eterni
584 1539 708 1630 doum,
746 1539 832 1632 quia
866 1538 1001 1613 scilicet
1032 1537 1253 1611 aeternaliter
1283 1535 1487 1633 *puniendi
1521 1546 1618 1635 sunt,

448 1655 542 1729 sicut
557 1656 810 1731 eternaliter*
825 1648 861 1749 (²)
879 1663 1135 1752 peccaverunt,
1149 1657 1401 1751 permanendo
1418 1678 1565 1754 semper
1581 1659 1618 1735 in

447 1776 515 1848 isto
541 1776 638 1869 vitio,
657 1782 694 1850 et
710 1777 889 1851 obstinate
906 1776 1106 1851 moriendo.
1128 1776 1265 1851 Deinde
1282 1785 1391 1852 autor
1408 1779 1493 1854 facit
1510 1801 1616 1856 suam

447 1898 733 1990 excusationem,
759 1896 788 1970 si
814 1918 888 1971 non
916 1898 1157 1972 reverebatur
1173 1887 1208 1989 (³)
1237 1896 1346 1971 istum
1373 1905 1416 1972 ut
1440 1899 1615 1996 decebat3

447 2036 533 2090 nam
551 2016 597 2090 ad
623 2016 864 2111 praestandam
891 2016 1049 2090 debitam
1071 2015 1329 2111 reverentiam,
1342 2037 1402 2091 ser
1419 2019 1618 2095 Brunettus

447 2136 632 2211 debuisset
649 2135 857 2231 praecedere
870 2142 907 2210 et
920 2136 1054 2211 Dantes
1071 2136 1191 2230 sequi3
1210 2135 1374 2211 similiter
1387 2157 1447 2212 ser
1460 2139 1619 2213 Brunet-

448 2262 507 2329 tus
533 2256 716 2330 debuisset
741 2255 795 2330 ire
821 2276 886 2350 per
917 2274 1092 2351 aggerem
1124 2262 1162 2329 et
1192 2254 1327 2328 Dantes
1356 2254 1523 2351 inferius3
1555 2257 1618 2332 sed

448 2376 533 2469 quia
560 2397 632 2450 non
655 2383 797 2471 poterat
815 2376 948 2450 timore
968 2376 1203 2448 flammarum
1222 2374 1297 2448 ibat
1316 2374 1473 2471 desuper
1488 2363 1538 2470 (⁸),
1555 2377 1618 2452 sed

448 2502 661 2569 reverenter
687 2495 862 2569 inclinans
887 2494 953 2588 iili3
982 2493 1078 2568 unde
1102 2493 1207 2567 dicit:
1231 2497 1267 2565 io
1291 2514 1363 2567 non
1387 2515 1498 2567 osopo
1518 2517 1619 2570 scen·

448 2618 512 2688 der
537 2618 579 2687 de
597 2618 633 2687 lo
657 2618 797 2705 strada,
815 2614 905 2687 idest
930 2614 975 2687 de
1001 2633 1148 2710 aggere,
1162 2635 1231 2707 per
1256 2618 1377 2688 oodar
1394 2636 1468 2707 par
1493 2619 1532 2689 di
1555 2620 1617 2709 lui,

448 2732 582 2808 scilicet
612 2732 761 2806 inferius
795 2752 861 2826 per
899 2752 1065 2826 arenam,
1102 2753 1161 2805 mo
1195 2741 1293 2807 tenea
1325 2736 1353 2806 il
1382 2755 1470 2827 copo
1503 2736 1618 2827 abina,

448 2854 535 2926 com'
548 2872 629 2923 nom
662 2853 722 2923 obe
753 2852 848 2923 vodo
877 2853 1058 2923 momente.
1085 2851 1161 2926 Hoc
1195 2859 1320 2926 autem
1352 2853 1487 2949 figurat
1520 2853 1619 2948 quod

447 2970 625 3046 debemus
641 2961 677 3062 (⁵)
704 2971 888 3044 bonorare
913 2970 1088 3046 virtutem
1111 2970 1240 3044 inistis
1268 2970 1398 3045 talibus
1412 2963 1450 3064 (⁶)
1475 2972 1620 3048 intami-

447 3091 529 3186 bus,
555 3099 592 3166 et
616 3092 716 3185 loqui
746 3111 832 3164 cum
864 3090 916 3164 eis
945 3110 1011 3185 per
1042 3090 1247 3183 transitum,
1281 3110 1328 3164 ne
1354 3111 1485 3165 eorum
1511 3092 1619 3168 nimis

448 3212 651 3308 propinqua
678 3217 715 3284 et
740 3212 913 3304 frequens
934 3209 1164 3284 conversatio
1185 3209 1354 3285 redderet
1371 3233 1436 3286 nos
1454 3212 1618 3288 infames.

520 3335 564 3405 Ei
588 3321 764 3402 comiado.
790 3330 862 3402 ista
888 3338 943 3404 est
968 3329 1128 3402 secunda
1153 3348 1238 3423 pars
1270 3330 1451 3425 generalis
1482 3331 1520 3404 in
1545 3352 1621 3425 qua

447 3457 556 3526 autor
581 3449 736 3524 ostendit
761 3447 946 3543 quomodo
972 3467 1034 3521 ser
1066 3447 1265 3521 Brunettus
1294 3446 1468 3522 *confert
1492 3469 1620 3525 secum

446 3571 569 3665 aliqua
595 3569 692 3643 circa
717 3573 933 3664 praesentem
961 3574 997 3641 et
1023 3568 1185 3641 suturam
1208 3567 1393 3643 fortunam
1413 3567 1536 3663 ipsius,
1556 3570 1620 3665 qui

447 3691 566 3787 primo
591 3690 679 3784 petit
703 3689 751 3763 ab
776 3695 909 3763 autore
935 3686 1121 3782 quomodo
1149 3687 1255 3760 vivus
1281 3687 1404 3762 veniat
1433 3688 1479 3762 ad
1509 3688 1623 3765 inier-

448 3832 551 3901 num,
582 3817 618 3883 et
651 3829 725 3902 quo
759 3807 864 3881 duce.
898 3807 1001 3880 Unde
1036 3805 1142 3881 dicit:
1174 3808 1205 3877 ei
1237 3798 1416 3898 caminate,
1442 3808 1532 3882 idest
1560 3808 1622 3886 ille

448 3927 680 4004 Brunettus*
695 3918 732 4019 (⁷)
750 3926 860 4021 coepit
886 3926 1028 4000 dicere:
1053 3928 1138 4017 quat
1149 3930 1295 4020 [ortana
1321 3948 1343 3998 o
1368 3929 1513 4021 metuo,
1530 3928 1623 4004 idest

448 4049 576 4143 iatum,
595 4048 699 4144 quasi
724 4047 842 4121 dicat:
872 4067 956 4141 qum
982 4045 1206 4120 constellatio
1228 4047 1286 4119 vel
1310 4046 1625 4140 praedestinatio&

447 4192 550 4243 meno
575 4191 644 4262 qua
668 4163 741 4259 pto,
768 4166 870 4262 quasi
896 4187 919 4240 a
944 4171 1069 4238 monte
1097 4165 1144 4238 ad
1175 4166 1320 4259 vallem,
1352 4169 1449 4258 aori
1467 4169 1490 4239 ἴ
1502 4171 1623 4242 ultimo

448 4284 497 4381 di,
523 4291 613 4365 idest
638 4295 724 4363 ante
749 4287 844 4361 diem
874 4286 1012 4378 mortis,
1038 4307 1057 4357 e
1081 4287 1134 4356 dri
1159 4281 1196 4358 e'e
1221 4289 1329 4376 questi
1351 4289 1411 4359 cie
1436 4290 1625 4362 mostroil

448 4606 454 4618 ι
509 4533 536 4594 (¹)
552 4532 582 4581 E.
599 4545 614 4581 e
632 4537 685 4591 tto,
703 4543 832 4594 aggerem,
849 4531 873 4580 to
890 4536 913 4579 te
928 4530 998 4579 dno
1014 4529 1041 4577 oi
1055 4528 1148 4591 parmi,
1166 4527 1216 4577 boc
1233 4532 1272 4577 est
1289 4540 1371 4591 prope
1388 4541 1510 4614 aggerem
1522 4529 1571 4580 mh
1582 4534 1621 4582 ως

446 4612 482 4657 m
498 4608 588 4742 qima
604 4682 693 4746 peroio
709 4682 748 4733 ira
765 4684 773 4733 i
788 4683 840 4733 due
855 4682 988 4734 uterimhi
1005 4694 1068 4731 sono
1084 4679 1152 4744 degli
1168 4679 1229 4730 altri
1245 4684 1285 4729 tre
1302 4681 1369 4730 testi.

508 4759 535 4819 ζ’)
552 4759 582 4807 E.
600 4764 743 4808 reveretur.
1119 4756 1145 4815 (⁸)
1162 4755 1193 4806 B.
1211 4756 1333 4819 desuper,
1351 4769 1379 4805 oe
1395 4762 1555 4811 reverenter.

508 4834 534 4893 (⁸)
551 4834 581 4882 Ε.
599 4835 721 4884 detemns
737 4847 839 4897 semper
855 4835 993 4884 honorare.
1119 4831 1146 4893 (¹)
1166 4835 1222 4892 tto,
1241 4832 1373 4895 spiritibus
1389 4832 1534 4886 infamibus.

509 4909 535 4970 t')
552 4911 588 4959 Le
604 4910 694 4972 peroio
711 4910 751 4959 ire
766 4911 775 4960 i
790 4911 841 4960 due
859 4911 993 4962 esterisobi
1008 4923 1134 4960 menoeno
1151 4909 1192 4959 nel
1208 4909 1302 4960 Codice
1317 4909 1431 4959 Estense.
