4154 6546
866 761 1005 816 caurus
1030 758 1192 812 nannius.
1546 742 1615 807 129

447 920 507 990 e't
537 933 629 988 seme
661 911 699 984 di
727 913 784 981 lor
814 907 998 996 senocto,
1027 903 1121 978 sicut
1149 903 1286 996 primos
1318 912 1510 999 parentes3
1537 908 1617 983 ideo

445 1036 541 1129 dicit,
566 1055 586 1107 e
609 1034 647 1106 ui
672 1034 729 1104 lor
752 1028 964 1101 omnmoui.
996 1026 1070 1097 Poi.
1103 1022 1167 1096 llio
1198 1028 1308 1097 autor
1339 1025 1494 1099 ostendit
1525 1049 1619 1120 quo-

448 1155 556 1231 modo
581 1153 632 1227 illi
656 1149 761 1250 pravi
786 1145 1031 1222 ascenderunt
1048 1142 1182 1236 navim,
1200 1142 1341 1217 dicens:
1363 1149 1427 1238 poi
1444 1151 1620 1222 ambos-

447 1297 504 1349 ser
529 1277 604 1349 tutti
628 1272 751 1366 quanti
773 1269 927 1356 insieme,
952 1264 1044 1338 idest
1068 1282 1196 1336 omnes
1229 1267 1441 1362 congregati
1474 1270 1620 1343 suntin

451 1414 569 1469 unum
595 1399 637 1466 ut
660 1388 900 1465 ascenderent
925 1384 1060 1477 navim,
1075 1387 1167 1476 forte
1181 1386 1397 1477 pungendo,
1418 1382 1567 1482 propter
1582 1383 1617 1480 (¹).

452 1533 586 1610 penam
615 1507 895 1606 praenuntiatam
928 1504 992 1596 eis,
1025 1523 1050 1574 u
1084 1506 1120 1574 la
1150 1505 1231 1576 riou
1264 1507 1455 1597 molouplo,
1487 1508 1621 1581 scilicet

453 1630 678 1723 Acherontis,
695 1631 746 1702 clt'
759 1627 894 1700 attende
909 1626 1049 1696 ciascun
1064 1642 1145 1693 uom
1165 1624 1224 1693 obe
1240 1625 1309 1694 Dio
1325 1644 1397 1696 non
1417 1631 1513 1718 eme,
1530 1626 1621 1700 idest

454 1773 567 1848 quam
593 1753 760 1844 expectat
775 1743 894 1820 omnis
914 1762 1062 1837 pravus,
1080 1741 1144 1834 qui
1166 1761 1239 1814 non
1257 1742 1389 1831 timens
1404 1744 1524 1819 Deum
1542 1768 1622 1819 mo

456 1874 550 1948 ritur
582 1869 784 1944 obstinatus
808 1866 846 1938 in
871 1862 1038 1959 peccatis.
1065 1861 1109 1934 Et
1134 1861 1254 1934 subdit
1280 1866 1621 1958 transportationem

454 2012 585 2069 eorum
611 1990 753 2064 dicens:
784 1988 926 2059 Olturon
950 1985 1113 2057 alimonio.
1140 1983 1304 2077 Appellat
1329 1985 1534 2061 Charonem
1560 1988 1623 2061 de-

455 2134 602 2190 monem
618 2101 655 2202 (2)
684 2128 795 2203 quem
823 2104 993 2200 Virgilius
1019 2110 1124 2177 vocat
1153 2104 1283 2177 Deum.
1313 2105 1513 2181 Dicendum
1540 2108 1624 2181 bre

455 2233 548 2308 viter
573 2228 674 2325 quod
697 2226 838 2323 poetria
855 2214 1005 2319 ponitt³l
1025 2223 1113 2297 deos
1129 2244 1281 2317 superos
1306 2232 1344 2299 et
1368 2226 1513 2321 inferos,
1531 2228 1624 2302 sicut

456 2350 636 2448 theologia
661 2347 762 2443 ponit
786 2345 936 2441 angelos
961 2344 1076 2417 bonos
1105 2349 1142 2416 et
1174 2344 1300 2438 malos,
1326 2351 1368 2417 ut
1398 2353 1535 2421 tactum
1570 2355 1625 2421 est

456 2474 564 2570 paulo
589 2490 701 2565 supra
726 2468 763 2541 in
789 2467 858 2540 isto
882 2465 1051 2558 capitulo.
1082 2467 1155 2536 Coo
1184 2465 1281 2536 occdi
1304 2468 1341 2538 di
1369 2467 1510 2560 crupta,
1535 2470 1625 2544 idest

456 2614 541 2669 cum
568 2590 683 2667 oculis
707 2586 829 2683 ignitis
853 2591 890 2661 et
907 2584 1100 2658 llammatis
1113 2572 1164 2678 (ὗ),
1182 2591 1224 2657 ut
1239 2586 1318 2680 jam
1336 2588 1540 2681 expositum
1560 2598 1625 2681 est,

457 2720 535 2787 tetta
563 2716 594 2784 le
623 2710 793 2798 roooptie,
823 2705 957 2778 scilicet
986 2705 1022 2777 in
1054 2703 1149 2797 navi,
1182 2710 1406 2780 mcenoondo
1435 2712 1504 2800 lor,
1536 2710 1626 2783 idest

458 2828 646 2905 alliciendo
659 2833 696 2902 et
707 2823 901 2900 adulando.
915 2823 1017 2897 Unde
1029 2823 1135 2897 dicit:
1151 2825 1240 2898 butte
1251 2830 1307 2898 col
1316 2848 1414 2899 remo
1425 2820 1461 2920 (ὅ)
1477 2833 1626 2921 quatuo-

459 2970 524 3042 pue
546 2948 733 3038 cadomo,
757 2943 849 3018 idest
875 2942 1036 3017 retardat
1053 2944 1117 3016 ire.
1148 2948 1259 3018 Come.
1278 2946 1343 3019 Hic
1360 2954 1469 3023 autor
1485 2950 1626 3043 specifi-

460 3078 520 3146 cat
540 3069 646 3143 istam
666 3063 1009 3160 transportationem
1026 3065 1235 3138 animarum
1254 3083 1321 3162 per
1341 3089 1454 3142 unam
1479 3089 1627 3163 compa·

462 3191 641 3265 rationem
657 3185 934 3281 pulcerrimam3
953 3191 991 3258 et
1010 3184 1172 3258 breviter
1188 3185 1274 3259 dicit
1290 3186 1389 3278 quod
1406 3187 1476 3260 illae
1493 3190 1625 3261 animm

461 3307 664 3386 deiciebunt
687 3325 727 3379 se
750 3304 797 3380 de
820 3304 929 3378 litore
952 3303 998 3377 ad
1024 3304 1158 3397 navim,
1183 3305 1277 3378 sicut
1302 3312 1402 3380 recte
1426 3306 1509 3381 lolia
1536 3315 1629 3382 tem-

462 3448 551 3525 pore
575 3423 779 3501 autumnali
802 3424 938 3498 cadunt
963 3422 1010 3498 de
1034 3425 1169 3498 arbore
1193 3445 1260 3499 sua
1285 3427 1331 3499 ad
1357 3433 1506 3502 terram.
1524 3429 1568 3502 Et
1589 3439 1630 3503 ut

462 3549 584 3624 videas
618 3553 798 3640 quantum
832 3544 899 3618 ista
933 3545 1159 3638 comparatio
1190 3547 1436 3640 propriissime
1456 3539 1493 3640 (⁶)
1525 3551 1631 3624 iaciat

459 3669 505 3744 ad
521 3665 761 3764 propositum,
779 3671 864 3738 nota
881 3663 981 3757 quod
1006 3663 1090 3739 lolia
1114 3665 1249 3739 cadunt
1265 3667 1312 3740 de
1327 3668 1521 3742 arboribus
1539 3678 1631 3743 tem-

460 3807 549 3883 pore
573 3784 791 3878 autumnali‚
817 3785 904 3877 quia
933 3803 1007 3858 non
1037 3785 1172 3859 babent
1202 3787 1358 3880 amplius
1389 3789 1523 3883 locum,
1552 3791 1630 3885 Jam

461 3905 654 3983 maturatis
677 3903 858 3978 fructibus
882 3910 919 3978 et
943 3904 1047 3977 bonis
1072 3912 1110 3979 et
1136 3905 1257 3999 malis3
1285 3927 1352 3981 nec
1377 3916 1528 4001 possunt
1551 3930 1632 3984 am-

462 4028 556 4123 plius
579 4033 689 4118 stare,
715 4024 801 4118 quia
827 4031 915 4099 tunc
942 4030 1040 4098 terra
1066 4026 1249 4100 clauditur
1282 4034 1319 4102 et
1349 4049 1421 4102 non
1453 4030 1633 4105 ministrat

464 4146 619 4242 amplius
640 4145 854 4220 alimentum
873 4144 1067 4219 arboribus
1084 4153 1121 4219 et
1138 4148 1283 4241 plantis:
1303 4148 1351 4222 ita
1368 4150 1534 4226 homines
1554 4174 1634 4224 mo-

465 4267 623 4358 riuntur,
639 4263 741 4340 iactis
759 4265 932 4359 operibus
951 4267 1055 4341 bonis
1072 4269 1130 4342 vet
1148 4269 1264 4363 malis,
1281 4290 1367 4344 cum
1389 4290 1544 4365 corpora
1563 4294 1633 4344 non

525 4506 554 4570 ζ’)
571 4511 625 4568 tlt,
641 4513 748 4572 propter
764 4511 934 4572 praenuntiata
949 4512 995 4563 eia.

526 4581 554 4647 (¹)
571 4587 625 4645 tta,
641 4584 686 4648 qul
707 4599 754 4636 nos
770 4587 842 4637 ducit
858 4589 889 4637 ad
907 4588 1050 4647 hiemum,
1067 4591 1133 4643 sicin
1150 4591 1259 4642 damon
1276 4591 1326 4643 Sed
1342 4593 1473 4657 quomodo
1490 4600 1567 4644 autor
1588 4609 1637 4644 ro-

465 4663 507 4711 cut
521 4656 667 4710 (Illam
682 4659 836 4722 daemonem,
852 4676 933 4728 quem
950 4665 1073 4728 Virgilius
1090 4671 1164 4717 vocat
1181 4667 1285 4718 Deum?

529 4731 558 4796 τ’)
575 4733 602 4784 8·
617 4740 702 4786 voest
1172 4741 1199 4804 (¹)
1215 4742 1240 4793 s.
1259 4743 1377 4794 uranus

529 4808 557 4872 (¹)
574 4813 628 4871 tto,
644 4825 721 4870 mro,
737 4813 802 4864 idest
819 4814 905 4865 lallacl
921 4815 1102 4868 delectatione.

531 4885 558 4949 (⁸)
573 4885 600 4937 S·
615 4887 648 4939 dt
664 4890 842 4954 propriissime
858 4897 885 4942 et
901 4892 985 4944 iactat.

602 4992 621 5035 Ῑ.
