4154 6546
778 808 915 862 esurus
940 808 1097 864 uncinus
1121 808 1285 876 ornuros.
1546 796 1615 865 519

447 950 614 1027 admittat
639 958 766 1026 contra
798 951 1075 1045 conscientiam3
1108 951 1204 1025 unde
1233 950 1341 1025 dicit:
1376 959 1472 1025 tauto
1502 954 1617 1058 copto

447 1073 508 1145 cire
536 1074 571 1144 oi
600 1073 656 1144 sio
684 1074 879 1165 manifesto,
909 1070 1043 1146 seilicet
1078 1092 1145 1166 pro
1180 1070 1449 1145 contentatiorie
1478 1072 1616 1166 uestra,

446 1197 490 1262 ut
508 1188 654 1285 possitis
677 1189 815 1264 habere
840 1189 1047 1284 opinionem
1073 1189 1119 1263 de
1145 1210 1206 1263 me
1232 1210 1345 1283 quam
1370 1208 1517 1284 semper
1533 1208 1617 1287 spe-

447 1302 613 1402 rastis(¹),
629 1306 759 1381 cit'o'lta
782 1312 941 1402 sortttrm,
968 1308 1059 1383 idest
1084 1309 1227 1384 casibus
1245 1316 1282 1383 et
1302 1308 1432 1383 ictibus
1449 1293 1617 1403 fortunae,
1745 1398 1749 1406 .

445 1447 512 1501 son
539 1435 661 1520 presto
685 1442 782 1502 come
806 1430 896 1502 ouot.
925 1429 969 1501 Et
993 1428 1051 1503 hic
1076 1434 1174 1523 nota,
1208 1429 1333 1522 lector,
1361 1427 1466 1521 quod
1494 1434 1615 1523 auto'r,

446 1547 541 1622 deut
565 1546 662 1641 dicit,
687 1546 737 1621 ita
757 1546 858 1641 iecit,
884 1547 971 1641 quia
996 1553 1073 1622 tam
1101 1548 1282 1642 sapienter
1308 1566 1420 1640 quam
1438 1547 1618 1641 patienter

447 1656 530 1740 tulit
553 1665 676 1740 onmia
702 1665 934 1740 incommoda
956 1665 1128 1761 fortunae,
1146 1666 1240 1741 sicut
1266 1666 1430 1760 exilium,
1455 1684 1616 1762 pauper-

447 1791 572 1878 tatem,
605 1783 796 1878 penuriam
830 1782 1022 1878 librorum,
1049 1785 1282 1859 amissionem
1311 1785 1529 1878 amicomm‚
1553 1796 1618 1879 pe·-

447 1904 744 2000 regrinationem,
771 1922 899 1977 curam
928 1904 980 1977 rei
1006 1903 1203 1999 familiaris,
1229 1903 1490 1978 detractionem
1515 1900 1615 1976 mui-

448 2029 572 2097 tarum
591 2023 826 2115 aemuiorum,
853 2027 890 2096 et
915 2022 965 2096 ita
991 2023 1036 2097 de
1062 2024 1205 2097 multis:
1224 2029 1260 2098 et
1277 2025 1462 2119 restringit
1478 2012 1616 2098 dictum

447 2162 559 2216 suum
589 2138 737 2215 dicens:
765 2160 840 2232 par
873 2143 933 2213 cte
957 2145 1029 2214 mio
1060 2145 1276 2215 consciencia
1307 2162 1379 2214 non
1411 2145 1460 2214 mi
1486 2150 1616 2234 porro,

448 2259 540 2335 idest
565 2278 639 2333 non
665 2259 855 2353 impugnet
880 2279 954 2351 me,
975 2279 1048 2332 non
1065 2236 1199 2355 argdat
1216 2280 1277 2334 me
1294 2260 1330 2333 in
1348 2260 1460 2334 rebus
1475 2244 1617 2354 isneida,

446 2379 533 2473 quia
551 2377 580 2451 si
597 2376 746 2452 fortuna
766 2374 875 2454 vellet
895 2375 1034 2472 aliquid
1061 2383 1187 2452 contra
1205 2378 1461 2452 conscientiam
1481 2388 1617 2472 meam,

445 2503 535 2592 puta
556 2488 606 2590 (¹),
638 2494 725 2590 quia
762 2494 935 2573 suaderet
960 2496 1048 2569 mihi
1082 2497 1243 2591 aliquam
1276 2514 1356 2571 rem
1380 2501 1528 2591 turpem
1555 2482 1614 2570 vel

446 2616 688 2710 inhonestam,
708 2620 797 2688 tunc
814 2633 887 2688 non
904 2615 1158 2689 consentirem.
1177 2614 1221 2688 Et
1241 2612 1363 2691 subdit
1378 2620 1498 2707 autor,
1518 2606 1617 2708 quod

446 2750 521 2810 non
545 2735 717 2808 turbatur
741 2746 787 2808 e'x
805 2754 851 2807 eo
867 2733 967 2828 quod
982 2733 1072 2808 dixit
1082 2725 1119 2829 (³)
1138 2733 1204 2807 sibi
1221 2754 1282 2809 ser
1298 2734 1510 2827 Brunettus‚
1529 2733 1615 2827 quia

442 2855 521 2949 mm
545 2853 686 2928 audivit
709 2853 780 2927 hoc
804 2848 852 2927 ab
877 2853 966 2947 aliis,
992 2852 1123 2947 etjam
1142 2851 1301 2926 firmavit
1318 2852 1483 2925 animum
1502 2871 1613 2924 suum

448 2980 576 3048 contra
600 2973 786 3048 fortunam
798 2961 855 3065 (⁸);
880 2971 980 3046 unde
1005 2970 1106 3045 dicit:
1126 2975 1176 3043 tot
1191 2991 1296 3061 arra,
1314 2969 1404 3045 idest
1421 2970 1501 3044 talis
1518 2974 1614 3065 prae-

448 3090 645 3186 nuntiati03
672 3097 709 3166 et
733 3096 789 3165 est
813 3090 1033 3167 conveniens
1060 3090 1310 3185 methaphora‚
1329 3109 1414 3163 nam
1432 3091 1543 3163 arrha
1561 3095 1615 3164 est

447 3215 710 3306 argumentum
737 3202 929 3304 emptionis
949 3215 987 3284 et
1003 3207 1217 3283 venditionis
1235 3214 1431 3282 contractae
1451 3207 1614 3282 nondum

446 3331 634 3426 periectoe3
660 3330 709 3403 ita
736 3330 804 3403 ista
828 3328 1084 3424 pronuntiatio
1097 3319 1134 3421 (⁶)
1161 3326 1322 3423 praedicit
1347 3322 1532 3401 fortunam
1550 3338 1617 3421 pa-

448 3449 567 3525 ratam
587 3455 673 3524 ante
693 3449 843 3542 iactum,
860 3468 933 3522 non
954 3442 991 3522 de
1002 3468 1134 3520 novae
1151 3448 1331 3520 t'orercdie
1347 3451 1426 3538 mie,
1444 3447 1529 3542 quia
1548 3446 1617 3520 soi-

446 3569 540 3664 licet,
562 3566 641 3664 jam
666 3566 789 3642 audivi
811 3568 881 3642 hoc
898 3589 921 3642 a
937 3562 1114 3663 pluribus,
1134 3573 1176 3640 ut
1187 3568 1265 3660 jam
1282 3556 1319 3657 (⁶)
1336 3560 1463 3661 patuit,
1481 3571 1519 3640 et
1535 3554 1617 3640 ideo

447 3684 592 3763 fortuna
618 3684 725 3762 iaciat
751 3684 923 3782 quicquid
949 3687 1040 3781 vuit,
1066 3693 1102 3760 et
1128 3705 1240 3779 quam
1259 3685 1363 3780 peius
1380 3690 1498 3780 potest
1516 3683 1616 3778 mihi,

447 3804 534 3903 quia
560 3822 633 3882 non
665 3826 757 3881 curo
773 3796 832 3900 (⁷)'3
858 3806 956 3881 unde
981 3804 1088 3880 dicit:
1110 3796 1200 3898 perd
1222 3808 1370 3899 fortuna
1393 3807 1466 3896 pot
1489 3808 1525 3878 ta
1550 3804 1617 3878 sao

446 3936 528 4001 mn
552 3940 648 4000 come
673 3922 705 4000 te
725 3929 837 4019 prave,
863 3924 955 4001 tuest
980 3926 1087 4001 aetat
1104 3922 1368 4029 volubilitatem
1385 3908 1421 4017 (⁸)
1442 3927 1562 4017 suan,
1579 3926 1616 3999 et

448 4042 651 4122 smundum
668 4056 779 4118 suum
798 4044 926 4118 iudum
945 4034 1192 4136 transvasetd)
1211 4048 1248 4118 et
1264 4045 1420 4119 alternet
1436 4044 1503 4118 ista
1519 4042 1616 4119 tem'-

447 4165 587 4262 poralia
611 4182 695 4258 quae
720 4167 805 4236 sunt
831 4160 900 4235 sub
924 4167 1103 4257 potestate
1128 4182 1206 4257 sua,
1232 4160 1326 4237 sicut
1350 4154 1426 4258 ipsa
1441 4148 1542 4237 dicit:
1561 4148 1616 4236 ἔνι

447 4304 512 4376 epo
533 4286 679 4378 sorttno
704 4301 781 4374 pao
805 4276 935 4354 mundo
959 4283 1123 4354 dominor
1149 4300 1220 4354 uno
1246 4272 1353 4371 elevo,
1370 4284 1505 4374 depono
1522 4272 1616 4355 dona

447 4404 576 4479 muco's
599 4405 655 4477 vet
677 4405 773 4476 mota
797 4400 900 4476 dotto.
927 4398 1007 4496 ipsa
1032 4419 1123 4497 ergo
1148 4402 1250 4475 reiut
1274 4400 1402 4497 regina
1424 4398 1552 4476 sedens
1578 4382 1616 4475 id

509 4594 536 4655 (¹)
551 4592 582 4643 Ε.
599 4592 752 4655 aperuistis.
1118 4588 1146 4652 (¹)
1162 4590 1193 4641 E.
1210 4596 1279 4654 puto,
1295 4590 1367 4655 quod
1382 4590 1512 4641 moeret

509 4660 606 4732 mito,
623 4660 693 4718 dett
1119 4666 1144 4733 (¹)
1162 4664 1192 4717 E.
1209 4665 1341 4716 tartunam
1357 4664 1457 4716 mundis

508 4740 577 4806 (is.
594 4743 778 4808 pronuntiatio.
1119 4740 1147 4805 θ)
1162 4741 1188 4792 S.
1205 4754 1282 4805 supra
1297 4741 1388 4804 patuit.

508 4819 536 4882 ρ)
551 4816 582 4869 Ε.
598 4830 651 4869 non
667 4831 746 4880 ουτος
762 4823 789 4868 et
804 4816 862 4868 ideo
878 4816 949 4869 dicit.
1120 4815 1148 4881 (⁸)
1164 4817 1194 4867 Ε.
1212 4812 1379 4868 volontatem.

507 4893 535 4957 (ἢ
552 4893 583 4944 It.
601 4896 764 4943 transversat.
