4154 6546
430 800 517 867 '380
844 808 1047 866 couunruu
1073 812 1225 867 mrunm

446 950 631 1048 venturl¹l
658 955 831 1030 velociter
856 975 1083 1050 perpurum
1116 957 1252 1030 ooelum
1284 955 1378 1030 sicut
1409 957 1524 1050 pisces
1548 978 1617 1052 per

445 1075 619 1169 liquidam
644 1095 793 1169 aquam,
820 1075 917 1148 unde
943 1076 1102 1170 respexit
1125 1074 1172 1148 ad
1189 1082 1361 1150 naturam
1383 1076 1557 1170 piscium3
1580 1084 1620 1152 et

446 1197 496 1271 sic
521 1201 606 1269 nota
632 1194 730 1288 quod
756 1194 813 1268 hic
838 1200 893 1268 est
917 1193 997 1267 finis
1022 1195 1150 1288 primae
1176 1195 1301 1288 noctis,
1324 1196 1372 1270 ita
1390 1196 1489 1290 quod
1507 1203 1618 1270 autor

445 1318 543 1392 stetit
574 1318 768 1408 hucusque
801 1335 867 1409 per
895 1336 1009 1389 unam
1046 1322 1191 1390 noctem
1221 1316 1258 1388 in
1288 1316 1443 1390 lnlerno.
1476 1315 1615 1391 Deinde

446 1437 615 1513 describit
640 1439 770 1510 horam
787 1454 853 1530 per
869 1434 1179 1510 constellationem
1206 1436 1537 1531 septentrionalem,
1556 1436 1613 1511 di-

446 1579 554 1633 cens:
585 1562 618 1631 el
653 1577 779 1648 carro,
807 1545 904 1631 'idest
936 1557 1160 1630 constellatio
1193 1556 1253 1630 illa
1288 1577 1371 1650 quae
1409 1557 1616 1653 appellatur

446 1680 662 1773 plaustrum,
688 1677 822 1751 scilicet
848 1697 945 1769 ursa,
974 1680 1073 1767 piace
1097 1683 1180 1750 tutto
1204 1680 1481 1769 semicoro,
1506 1678 1612 1771 quasi

446 1798 541 1871 dicat
559 1797 670 1870 tendit
694 1797 740 1870 ad
765 1816 949 1890 occasum,
970 1796 1057 1888 quia
1074 1796 1191 1871 Corus
1216 1803 1271 1871 est
1288 1804 1421 1872 ventus
1445 1797 1616 1872 occiden-

447 1918 537 2011 talis,
564 1924 601 1991 et
625 1917 677 1990 sic
706 1923 785 1990 erat
816 1935 930 2011 prope
948 1907 985 2008 (²)
1015 1916 1102 2009 dies,
1133 1916 1220 2009 quia
1252 1926 1386 1991 curros'
1418 1918 1616 2013 appropin-

446 2039 583 2133 quabat
607 2036 752 2111 occasui
769 2056 848 2129 suo,
870 2036 1037 2129 quamvis
1054 2056 1245 2128 nunquam
1266 2036 1303 2108 in
1322 2042 1439 2110 totum
1461 2037 1614 2132 occidat,

446 2158 509 2232 sed
535 2155 704 2231 describit
730 2177 847 2229 unum
873 2156 1025 2230 brevem
1050 2155 1241 2229 circulum.
1263 2156 1363 2229 Facit
1379 2156 1476 2230 euim
1497 2176 1611 2230 unam

446 2297 598 2373 parvam
620 2276 898 2369 revolutionem,
915 2275 978 2348 sed
996 2295 1184 2369 nunquam
1217 2275 1352 2349 recedit
1368 2277 1416 2350 ab
1432 2275 1620 2370 hemispe-

448 2396 502 2470 rio
527 2403 663 2470 nostro.
690 2397 734 2468 Et
758 2395 913 2470 ostendit
943 2395 1066 2468 locum
1097 2396 1142 2468 ad
1171 2415 1284 2487 quem
1307 2402 1392 2468 sunt
1415 2396 1610 2491 accessuri,

446 2515 587 2589 dicens:
614 2518 646 2587 el
669 2516 785 2605 balzo,
810 2515 902 2588 idest
926 2515 1074 2610 gradus,
1099 2517 1131 2587 si
1153 2517 1340 2606 damoeta,
1357 2516 1448 2591 idest
1465 2516 1617 2591 descen-

446 2635 557 2728 ditur,
582 2625 618 2707 ld
642 2637 736 2706 oltra
761 2638 832 2724 olo,
857 2633 991 2708 scilicet
1017 2655 1082 2728 per
1107 2634 1287 2708 circulum
1305 2636 1441 2709 sactum
1460 2657 1506 2710 ex
1523 2636 1615 2731 lapi·

446 2754 562 2847 dibus,
587 2754 634 2827 de
659 2773 734 2846 quo
758 2753 895 2828 dictum
922 2760 976 2828 est
1001 2755 1037 2827 in
1062 2754 1235 2850 principio
1260 2756 1415 2850 capituli.

507 3003 534 3066 (¹)
551 3005 737 3057 E.morcntur
753 3019 919 3071 perpurum.
1178 3006 1205 3069 (¹)
1220 3005 1246 3056 S.
1262 3019 1278 3057 a
1295 3011 1349 3066 llo,
1366 3019 1446 3069 propo
1461 3005 1539 3057 diem
1571 2998 1574 3003 ’
