4154 6546
449 786 520 854 28l
843 794 1046 852 counurou
1070 795 1222 851 manem

449 943 562 1016 voluit
587 939 828 1037 submergere
853 940 988 1016 navim.
1006 941 1051 1015 Et
1067 941 1103 1016 in
1120 942 1191 1018 boc
1206 944 1317 1017 autor
1334 942 1449 1039 tangit
1471 962 1613 1018 morem

447 1061 595 1157 superbi
620 1061 748 1155 insani,
773 1060 837 1156 qui
862 1060 1080 1137 constitutus
1104 1060 1292 1175 in)nflmo
1320 1067 1418 1137 statu
1448 1061 1616 1156 mneriae,

448 1202 521 1255 non
546 1187 663 1276 potest
688 1181 761 1276 pati
778 1181 1040 1259 contumeliam
1059 1156 1281 1277 velbdrdrm
1300 1187 1337 1256 et
1353 1179 1474 1256 subdit
1490 1181 1617 1258 delen·

448 1303 588 1376 sionem
621 1299 759 1396 Virgilii
788 1298 933 1375 dioens:
960 1296 1090 1394 percite
1104 1303 1131 1374 't
1158 1307 1311 1375 maestro
1341 1308 1495 1393 decerto,
1526 1301 1618 1377 idest

448 1420 618 1516 Virgilius
634 1418 808 1516 providus
824 1418 922 1494 circa
940 1421 1097 1495 salutem
1114 1419 1266 1514 autoris,
1284 1423 1319 1494 to
1333 1423 1503 1514 sospem,
1526 1421 1617 1498 idest

450 1540 582 1634 repulit
597 1532 633 1632 (¹)
660 1561 684 1616 a
709 1539 805 1634 navi,
831 1545 868 1615 et
898 1539 1064 1615 transivit
1094 1541 1204 1634 ultra,
1234 1542 1404 1615 dicendo:
1432 1543 1492 1615 oto
1521 1533 1618 1616 ooatd

448 1681 514 1733 coo
537 1663 589 1751 pti
611 1663 697 1734 ottn'
719 1662 813 1751 corti,
839 1658 929 1735 idest
954 1659 1047 1735 vade
1071 1679 1158 1736 cum
1183 1660 1262 1735 aliis
1279 1661 1446 1756 superbis
1462 1661 1524 1756 qui
1542 1661 1617 1736 ira·

448 1786 601 1854 suuntur
626 1778 673 1853 ad
698 1796 809 1854 omne
834 1778 1004 1872 verbum,
1028 1778 1122 1853 sicut
1151 1779 1251 1854 canis
1280 1779 1327 1855 ad
1356 1801 1505 1856 omnem
1532 1800 1616 1853 mu-

448 1917 561 1991 scam,
587 1902 624 1972 et
649 1917 716 1993 per
739 1897 809 1972 hoo
835 1887 985 1988 notate)
1013 1896 1244 1992 prudentiam
1270 1897 1439 1995 sapientis
1463 1900 1528 1994 qui
1544 1899 1616 1977 cito

447 2019 540 2094 cedit
572 2015 700 2111 lurori,
725 2026 762 2092 et
790 2013 936 2091 dimittit
965 2016 1074 2092 talem
1104 2016 1250 2092 dicens:
1285 2017 1389 2112 vade,
1420 2018 1548 2094 morde
1581 2018 1616 2093 te

449 2138 550 2212 rabie
565 2127 601 2229 (³)
629 2135 729 2213 canis
753 2135 890 2212 rabide.
917 2136 988 2212 Sed
1009 2141 1049 2211 ut
1065 2143 1238 2232 appareat
1257 2138 1356 2212 clare
1373 2137 1531 2231 qualiter
1548 2123 1635 2212 iste‘i

447 2257 546 2331 canis
572 2256 719 2331 rabidus
744 2276 817 2332 uon
837 2256 998 2351 potuerit
1011 2243 1048 2348 (⁴)
1071 2256 1144 2351 pati
1164 2256 1326 2350 aliquam
1351 2257 1612 2331 contumeliam

448 2378 649 2451 verborum
684 2377 793 2452 etiam
827 2375 1002 2470 iocosam,
1040 2375 1124 2450 volo
1157 2382 1194 2450 te
1223 2375 1317 2450 scire
1345 2394 1484 2450 novum
1516 2375 1615 2450 ioco-

451 2515 534 2567 sum
559 2515 625 2588 per
650 2495 748 2587 quod
773 2494 961 2570 evidenter
984 2500 1159 2590 appareat
1191 2492 1271 2568 eius
1299 2500 1432 2568 natura
1447 2484 1483 2585 (⁵)
1516 2494 1615 2569 clara

450 2612 689 2706 displicenter.
715 2614 777 2685 Est
802 2632 893 2708 ergo
918 2612 1080 2687 breviter
1105 2612 1306 2707 sciendum,
1331 2612 1430 2706 quod
1451 2622 1616 2708 tempore

448 2731 550 2804 istius
575 2730 736 2824 Philippi,
766 2730 876 2825 paulo
908 2737 995 2805 ante
1025 2731 1278 2827 expulsionem
1307 2732 1459 2825 autoris,
1485 2732 1551 2806 luit
1580 2733 1616 2805 in

448 2849 594 2923 civitate
619 2848 811 2923 Florentiae
835 2849 989 2924 Ciacbus
1015 2849 1200 2924 maximus
1224 2850 1387 2946 gulosus,
1405 2851 1452 2927 de
1468 2871 1543 2946 quo
1562 2850 1616 2925 di-

448 2975 550 3041 ctum
576 2975 630 3043 est
654 2989 766 3063 supra
791 2969 948 3065 capitulo
978 2970 1035 3063 Vl,
1065 2976 1102 3044 et
1133 2970 1282 3065 quidam
1314 2970 1409 3046 alius
1438 2971 1618 3047 ioculator

449 3089 619 3178 leccator,
646 3088 793 3163 nomine
818 3087 1037 3183 Blondellus,
1063 3089 1174 3163 bomo
1194 3090 1370 3184 parvulus
1386 3089 1433 3164 de
1449 3110 1616 3185 persona,

449 3209 512 3282 sed
539 3209 698 3283 multum
723 3208 856 3304 politus
880 3217 1093 3287 etornatus
1108 3199 1158 3303 (⁰),
1184 3230 1271 3284 cum
1297 3210 1447 3286 cesarie
1470 3210 1617 3307 capillo·

449 3349 535 3402 rum
560 3329 665 3422 tlara,
692 3349 766 3402 non
782 3328 919 3403 babens
936 3328 1051 3423 pilum
1068 3334 1207 3406 tortum
1225 3329 1262 3402 in
1279 3329 1407 3424 capite.
1424 3329 1489 3404 llic
1509 3330 1619 3405 Blon·

447 3449 563 3524 dellus
589 3469 663 3522 una
688 3447 758 3541 die,
783 3455 950 3542 tempore
975 3447 1277 3544 quadragesime,
1298 3448 1484 3543 proiectus
1500 3449 1547 3525 ad
1563 3451 1620 3545 pi·

448 3567 615 3662 scaniam,
652 3568 798 3643 volebat
836 3587 962 3643 emere
999 3567 1090 3641 duas
1130 3567 1334 3662 lampredas
1369 3588 1436 3661 pro
1469 3568 1617 3643 domino

449 3686 557 3762 Verio
586 3686 633 3761 de
662 3684 825 3779 Circulis,
851 3684 913 3779 qui
945 3690 1033 3759 tunc
1062 3695 1143 3762 erat
1171 3685 1337 3780 princeps
1369 3686 1481 3780 partis
1505 3687 1614 3762 blbae.
1696 3762 1700 3768 .

447 3806 550 3893 Quod
580 3806 734 3880 Ciacbus
763 3804 888 3879 videns
916 3803 1068 3880 accessit
1098 3803 1145 3878 ad
1175 3803 1416 3898 Blondellum,
1447 3815 1484 3882 et
1517 3804 1615 3900 petiit

448 3927 535 4019 quid
560 3937 665 4002 esset.
684 3924 891 4000 Blondellus
907 3923 1028 3998 subito
1046 3923 1147 3998 linxit
1166 3924 1265 4018 quod
1282 3924 1363 4000 beri
1379 3925 1525 4000 desero
1543 3936 1616 4002 tres

449 4045 648 4139 pulcriores
674 4042 870 4140 lampreda
884 4031 920 4135 (⁷)
947 4064 1034 4118 cum
1064 4064 1140 4118 uno
1174 4063 1309 4141 magno
1333 4044 1498 4121 sturione
1522 4065 1616 4141 prae-

448 4172 598 4239 sentatae
612 4165 757 4239 fuerant
774 4163 928 4239 Domino
945 4163 1073 4238 Cursio
1089 4163 1136 4239 de
1151 4163 1310 4258 Donatis,
1327 4164 1392 4259 qui
1416 4172 1497 4241 erat
1516 4165 1617 4262 prin·

448 4306 532 4380 ceps
548 4275 583 4377 (⁸)
610 4284 761 4359 alterius
786 4284 897 4379 partis
920 4283 1057 4380 Nigrae3
1083 4291 1120 4359 et
1145 4284 1245 4377 dixit,
1271 4284 1370 4379 quod
1399 4284 1481 4360 ideo
1506 4285 1617 4362 iacie-

510 4525 536 4584 ;’)
554 4525 584 4573 E.
601 4523 696 4586 repulit
711 4522 788 4573 illum
804 4536 819 4572 a
835 4523 901 4574 nari.
1040 4521 1068 4583 (ἢ
1084 4522 1109 4572 S.
1126 4527 1199 4573 notat
1214 4522 1365 4586 septentiam
1381 4523 1515 4586 prudenti·
1531 4525 1584 4587 qul.

510 4598 538 4660 (⁸)
553 4599 578 4648 S.
596 4599 665 4649 rabie
680 4600 750 4649 emis
766 4599 857 4650 rabidi.
873 4625 904 4639 -
920 4599 952 4650 E.
969 4604 1004 4659 to,
1020 4598 1110 4650 rabida
1125 4599 1205 4660 emb,
1222 4598 1301 4650 rabie.

510 4674 536 4735 (⁸)
552 4675 583 4724 Ε.
600 4675 691 4737 potuit.
1039 4675 1065 4740 (Ἴ
1081 4674 1117 4734 8.,
1134 4675 1164 4726 Ε.
1182 4688 1198 4727 a
1215 4679 1268 4736 itt,
1286 4680 1378 4728 natura
1392 4677 1468 4728 elota.

511 4749 536 4809 (⁸)
553 4749 579 4798 S.
595 4756 711 4810 ornatus,
728 4752 840 4803 cesarie.

511 4825 536 4886 (ἵ)
553 4826 582 4875 E.
599 4826 743 4888 pulcriores
758 4829 897 4893 lampreda
913 4833 1073 4894 presentata
1089 4828 1201 4882 ineram.

510 4899 538 4963 (⁸)
554 4902 580 4952 S.
596 4903 714 4965 princeps
730 4905 810 4965 partis
827 4908 916 4968 nigra.
