4154 6546
587 788 655 853 172
977 794 1181 887 (ΖΟΠΕΝΤΠῌ
1207 796 1355 849 tunnam

583 961 727 1034 vorum,
753 939 893 1015 otveri
920 940 1060 1015 bostem
1087 941 1263 1036 populum
1291 959 1364 1014 non
1382 938 1531 1015 videret.
1551 940 1651 1016 Unde
1668 943 1757 1017 Tul-

582 1061 651 1135 lius
675 1059 735 1134 lib.
762 1060 1056 1134 Tusculanarum
1083 1061 1326 1154 quaestionum
1354 1059 1501 1134 scribit:
1537 1066 1754 1137 nemoctm

582 1182 689 1254 omos
707 1181 856 1272 perdt'tta
880 1200 951 1251 non
975 1187 1120 1272 poterat
1149 1183 1347 1254 discerm
1373 1181 1456 1254 utba
1486 1189 1519 1255 et
1548 1186 1669 1275 moro,
1694 1184 1758 1258 sed

580 1302 729 1373 bonnet
753 1301 861 1391 mab,
887 1318 1002 1392 equo,
1027 1302 1161 1392 induam
1186 1303 1342 1391 Moesta,
1364 1303 1482 1394 nuptu
1501 1293 1552 1395 (¹),
1574 1322 1693 1394 paroc
1718 1309 1751 1375 et

583 1441 715 1513 mcpna
734 1423 931 1493 draccum
944 1423 1323 1512 poterat-bomne.
1346 1421 1516 1495 Nominat
1531 1421 1646 1495 alium
1671 1422 1752 1516 pbi-

584 1540 776 1635 losopbum
814 1558 978 1635 grecum.
1014 1540 1084 1614 iste
1119 1545 1356 1635 reputaretur
1381 1530 1419 1631 (¹)
1455 1540 1563 1615 bodie
1602 1540 1753 1634 quidam

584 1664 745 1752 sanctus,
764 1678 849 1732 nam
867 1659 1082 1754 contempsit
1101 1660 1253 1734 omnino
1270 1659 1462 1753 mundum,
1483 1659 1622 1733 amavit
1642 1661 1756 1734 mira-

584 1778 703 1878 biliter
719 1784 985 1873 paupertatem,
1006 1778 1252 1873 sobrietatem,
1270 1779 1561 1873 temperantiam,
1579 1779 1758 1854 damnans

585 1898 708 1974 omnia
734 1898 918 1994 superflua
944 1904 980 1972 et
1005 1899 1152 1992 mollia3
1176 1898 1322 1973 volebat
1338 1897 1436 1973 enim
1452 1899 1575 1972 celum
1602 1920 1670 1994 pro
1687 1919 1756 1974 suo

586 2026 693 2112 tecto,
719 2018 856 2092 dolium
881 2039 949 2114 pro
974 2017 1095 2112 domo,
1113 2018 1288 2093 baculum
1306 2038 1374 2112 pro
1391 2037 1499 2111 equo,
1519 2038 1671 2092 manum
1689 2039 1757 2113 pro

585 2159 726 2234 cuppa3
753 2145 790 2213 et
816 2139 932 2212 multa
956 2136 1086 2211 similia
1103 2136 1172 2211 dici
1189 2144 1335 2232 possent
1350 2137 1396 2211 de
1413 2136 1561 2211 bomine
1578 2137 1647 2210 isto
1670 2138 1757 2210 satis

585 2265 761 2333 extraneo
775 2247 824 2349 (³).
842 2256 925 2330 Fuit
942 2256 1048 2331 ralde
1069 2256 1218 2352 rigidus,
1235 2255 1334 2331 unde
1352 2262 1504 2330 vocatus
1520 2262 1576 2329 est
1601 2255 1757 2349 cinicus,

585 2379 676 2454 idest
700 2379 863 2473 caninus,
890 2377 977 2471 quia
1003 2375 1224 2451 mordaciter
1248 2381 1285 2449 et
1309 2375 1453 2469 publice
1470 2376 1625 2449 latrabat
1642 2382 1679 2451 et
1695 2397 1757 2450 ar-

585 2499 722 2593 guebat
747 2498 912 2571 homines
930 2490 960 2571 'a
985 2496 1085 2571 viciis
1110 2516 1253 2570 eorum.
1285 2495 1367 2568 Fuit
1395 2495 1504 2569 etiam
1539 2496 1632 2570 alius
1662 2497 1759 2593 Dyn-

586 2636 699 2713 genes
712 2605 749 2706 (⁸)
775 2616 1016 2689 Babilonicus.
1040 2615 1231 2710 llyogenes
1257 2635 1390 2711 graece,
1411 2616 1521 2691 latine
1536 2615 1667 2692 dicitur
1693 2621 1760 2691 dtis

586 2737 732 2827 pertas,
749 2733 841 2808 sicut
859 2733 1045 2826 sepissime
1062 2733 1185 2807 scribit
1199 2725 1236 2825 (⁵)
1262 2734 1754 2828 Homerus-Atmcaporc.

585 2856 650 2928 llic
679 2860 777 2947 nota,
811 2853 936 2946 lector,
968 2852 1068 2945 quod
1102 2853 1159 2927 bic
1190 2860 1244 2928 est
1278 2855 1480 2950 diligenter,
1507 2856 1758 2951 insistendum,

586 2975 673 3070 quia
698 2974 842 3050 ridetur
867 2973 967 3068 quod
990 2980 1100 3048 autor
1126 2974 1258 3048 melius
1276 2975 1423 3050 dixisset
1450 2979 1621 3068 Pttcpora
1645 3000 1758 3072 quam

587 3102 823 3186 Atucapora.
842 3096 947 3188 Nam,
965 3092 1058 3169 sicut
1077 3094 1202 3168 scribit
1218 3095 1444 3191 Augustinus
1460 3096 1520 3169 vll
1544 3098 1759 3174 decivitate

587 3215 651 3290 Dei
677 3215 773 3289 circa
798 3214 1027 3310 principium,
1054 3221 1091 3289 et
1115 3220 1156 3287 ut
1181 3214 1241 3288 alii
1263 3215 1368 3288 multi
1386 3215 1522 3310 dicunt,
1540 3217 1673 3312 duplex
1691 3219 1758 3293 tun

586 3356 704 3432 genus
741 3335 1052 3430 pbilosophorum,
1093 3356 1210 3408 unum
1247 3355 1413 3431 grecum,
1446 3336 1546 3410 aliud
1583 3338 1757 3414 italicum.

586 3455 747 3529 Grecum
772 3454 900 3528 babuit
923 3454 1139 3548 principium
1160 3454 1336 3546 alalete,
1360 3453 1500 3547 dequo
1522 3455 1580 3531 bic
1600 3458 1756 3552 dicitur;

586 3576 747 3650 italicum
772 3594 862 3649 vero
888 3572 1015 3647 babuit
1040 3572 1256 3666 principium
1277 3572 1524 3669 aPitbagora,
1542 3576 1606 3669 qui
1634 3585 1758 3653 tamen

586 3696 652 3771 tuit
676 3714 810 3791 grecus
834 3693 881 3767 de
905 3691 1022 3766 insula
1048 3690 1170 3783 Samo,
1196 3690 1260 3765 sed
1278 3691 1375 3765 venit
1393 3691 1430 3764 in
1452 3693 1604 3787 ltaliam,
1622 3694 1758 3770 scilicet

586 3818 623 3891 in
647 3814 865 3908 Calabriam,
882 3832 967 3906 quae
982 3812 1069 3886 olim
1089 3831 1223 3907 magna
1239 3811 1370 3885 Grecia
1388 3813 1600 3906 vocabatur,
1618 3820 1655 3888 et
1672 3814 1756 3889 lecit

586 3937 748 4013 studium
773 3955 883 4008 suum
910 3933 946 4006 in
959 3921 997 4024 (θ)
1017 3931 1188 4007 Crotonia
1214 3930 1359 4006 civitate
1384 3938 1472 4006 tunc
1494 3933 1666 4029 temporis
1692 3935 1758 4009 tlo-

587 4057 801 4134 rentissima.
828 4055 897 4129 iste
921 4053 1063 4148 primus
1083 4052 1220 4147 reperit
1232 4042 1270 4144 (⁷)
1288 4073 1423 4128 nomen
1439 4053 1651 4149 philosophi,
1669 4076 1756 4129 nam

586 4200 671 4255 cum
702 4176 803 4271 prius
832 4180 1054 4251 vocarentur
1084 4172 1276 4267 sapientes,
1307 4172 1522 4270 Pitbagoras
1552 4174 1759 4271 interroga-

585 4310 645 4374 tus
660 4287 695 4392 (θ)
723 4297 805 4392 quis
830 4297 906 4392 ipse
921 4299 1029 4389 esset
1046 4291 1252 4388 respondit:
1274 4313 1361 4366 sum
1378 4293 1638 4388 philosophus3
1657 4294 1759 4389 quod

587 4421 681 4494 idem
709 4425 763 4493 est
789 4417 887 4511 quod
912 4421 1056 4490 amator
1081 4413 1276 4509 sapientiae.
1303 4412 1429 4486 Visum
1456 4413 1554 4488 enim
1581 4413 1648 4487 luit
1677 4414 1757 4488 viro

648 4611 674 4670 (·)
693 4615 746 4670 tlt,
764 4611 858 4672 turpia,
874 4610 956 4666 utilia.
974 4609 1082 4668 tantilla,
1100 4621 1178 4671 parra
1194 4613 1245 4657 etc.

647 4683 675 4743 (¹)
691 4684 722 4733 Ε.
739 4689 884 4747 reputatur.
1325 4680 1351 4742 t‘)
1369 4686 1425 4739 llo.
1440 4687 1570 4733 muana.

648 4760 674 4818 ιζ’)
692 4764 745 4819 tto,
763 4760 906 4823 llyogencs,
923 4762 967 4823 qni
983 4760 1067 4810 dictus
1082 4765 1122 4809 est
1137 4759 1273 4822 llyogcnca
1289 4758 1461 4810 nantontrnc

650 4835 675 4895 f)
694 4838 747 4893 tto,
765 4834 844 4896 pontt.
970 4835 997 4898 (¹)
1014 4836 1045 4886 ll.
1062 4837 1088 4885 ln
1105 4836 1199 4897 Troya.
1327 4833 1354 4896 (’)
1371 4834 1401 4885 Ε.
1419 4837 1535 4899 reperiit.

647 4909 674 4973 (⁸)
692 4910 723 4960 ll.
739 4910 912 4973 interrogatus
927 4915 966 4959 eat
981 4910 1098 4973 quicum
1115 4914 1203 4960 cant!
1220 4911 1361 4973 mpontdt.
