4154 6546
872 824 1010 880 uiduus
1033 825 1209 893 Quantus
1558 821 1625 886 153

453 990 526 1044 non
551 970 620 1047 luit
644 972 843 1064 laureatus,
870 971 957 1065 quia
977 971 1121 1047 ridetur
1138 971 1369 1064 descripsisse
1382 965 1421 1064 (⁴)
1439 973 1630 1049 historiam

451 1111 590 1187 veram,
623 1091 759 1166 scilicet
798 1092 935 1167 bellurn
974 1092 1080 1166 civile
1112 1092 1207 1166 iuter
1238 1091 1412 1165 cesarem
1448 1100 1485 1167 ει
1519 1095 1628 1168 Porn-

450 1210 599 1306 peium;
626 1211 723 1285 unde
754 1211 923 1305 Isidorus,
956 1213 1020 1305 qui
1050 1212 1192 1306 etipse
1223 1211 1402 1306 Hispanus
1433 1213 1510 1308 luit,
1543 1213 1635 1288 dicit

452 1333 551 1427 quod
574 1335 745 1406 Lucanus
770 1352 844 1406 uon
870 1338 925 1406 est
943 1332 1193 1406 numerandus
1210 1331 1305 1407 inter
1322 1339 1460 1427 poetas,
1480 1334 1543 1408 sed
1561 1355 1626 1428 po

453 1451 526 1524 tius
541 1451 636 1525 inter
648 1451 847 1525 historicos.
862 1452 999 1524 Tamen
1016 1451 1063 1525 de
1081 1451 1133 1524 rei
1153 1451 1305 1526 veritate
1323 1453 1492 1526 Lucanus
1511 1453 1626 1527 multa

454 1568 557 1649 tinxit
581 1576 619 1645 et
642 1570 782 1666 poetice
807 1571 959 1664 scripsit,
992 1570 1088 1644 unde
1118 1570 1194 1664 ipse
1218 1591 1316 1665 saepe
1341 1578 1447 1645 vocat
1473 1592 1513 1646 se
1538 1593 1627 1666 poe-

454 1697 529 1765 tam
552 1681 612 1783 (¹);
647 1690 728 1765 ideo
762 1691 857 1765 bene
888 1696 998 1764 autor
1031 1690 1288 1764 adnumeravit
1314 1681 1352 1781 (³)
1383 1692 1501 1785 ipsum
1532 1692 1627 1765 inter

455 1817 590 1904 poetas.
614 1810 657 1882 Et
682 1817 768 1883 nota
785 1809 855 1904 bio,
872 1809 999 1902 lector,
1017 1808 1117 1901 quod
1132 1808 1243 1902 aliqui
1261 1816 1442 1882 conantur
1456 1799 1493 1902 (⁴)
1511 1810 1626 1883 subti-

455 1931 524 2004 lius
548 1950 733 2024 exponere
759 1931 864 2004 istam
892 1929 1088 2022 lictionem,
1114 1936 1151 2003 ει
1176 1929 1301 2002 dicunt
1327 1930 1425 2023 quod
1451 1951 1516 2025 per
1541 1931 1627 2003 istos

456 2057 616 2145 quatuor
647 2058 774 2145 poetas
804 2050 1019 2144 principales
1053 2055 1162 2123 autor
1195 2049 1257 2123 dat
1287 2051 1435 2146 intelligi
1466 2058 1627 2145 quatuor

454 2169 608 2245 virtutes
632 2171 846 2265 cardinales
867 2171 1002 2244 scilicet
1019 2190 1086 2264 per
1102 2172 1304 2244 Homerum
1327 2171 1517 2265 iustitiam,
1545 2172 1626 2246 ideo

453 2290 514 2365 dat
544 2291 612 2366 sibi
642 2312 769 2367 ensem
783 2283 821 2383 (¹⁵)
848 2292 995 2387 signum
1017 2291 1198 2385 justiciae:
1224 2312 1290 2386 per
1319 2294 1510 2367 Horatium
1537 2316 1626 2388 pru-

454 2410 627 2505 dentiam,
644 2412 706 2504 qui
726 2411 989 2485 morattsstmus
1015 2411 1121 2484 docet
1137 2431 1285 2485 omnem
1309 2412 1480 2486 virtutem
1501 2434 1625 2488 mora-

454 2530 525 2605 lem
552 2551 712 2624 quarum
739 2531 933 2627 prudentia
959 2538 1014 2605 est
1036 2531 1240 2625 principalis
1258 2531 1401 2605 ductrix
1421 2539 1458 2606 et
1478 2534 1625 2629 regula-

453 2650 543 2723 trix:
562 2671 628 2746 per
644 2650 813 2725 Ovidium
828 2651 1122 2745 temperantiam,
1136 2651 1199 2744 qui
1217 2651 1327 2725 tradit
1342 2660 1460 2726 artem
1478 2655 1625 2727 amandi

453 2778 490 2844 et
516 2771 720 2845 remedium
746 2770 907 2845 amoris:
928 2790 995 2866 per
1018 2772 1208 2844 Lucanum
1229 2772 1489 2868 tortitudinem,
1509 2774 1571 2867 qui
1585 2764 1625 2865 (ὅ)

454 2889 622 2964 describit
645 2897 748 2986 gesta
774 2890 922 2964 tortium
950 2882 1127 2964 virorum.
1155 2891 1430 2987 Verumtamen,
1449 2894 1533 2967 licet
1557 2894 1623 2968 ista

453 3009 630 3104 expositio
655 3009 823 3085 videatur
847 3011 986 3105 pulcra,
1013 3017 1136 3085 tamen
1157 3011 1295 3106 judicio
1319 3032 1401 3085 meo
1428 3013 1514 3085 nibil
1540 3013 1625 3087 iacit

453 3128 500 3202 ad
531 3128 770 3224 propositum,
794 3150 862 3205 nec
892 3138 946 3206 est
973 3130 1018 3205 de
1049 3131 1247 3205 intentione
1273 3133 1424 3224 autoris,
1451 3133 1625 3225 quoniam

453 3255 563 3324 autor
587 3249 625 3322 in
650 3249 718 3324 isto
743 3249 836 3324 libro
860 3249 994 3325 lnierni
1015 3250 1165 3325 intendit
1179 3239 1216 3342 (⁷)
1241 3253 1362 3324 solum
1380 3251 1624 3346 cognitionem

454 3368 645 3463 viciorum,
671 3374 745 3443 nou
769 3370 965 3465 virtutum3
992 3370 1054 3445 sed
1081 3371 1118 3443 in
1143 3371 1362 3466 Purgatorio
1387 3369 1539 3444 intendit
1563 3392 1625 3444 ro-

451 3489 649 3586 gnitionem
680 3496 718 3564 et
746 3490 1002 3584 aquisitionem
1034 3490 1224 3564 virtutum.
1257 3490 1358 3564 Unde
1387 3490 1423 3563 in
1450 3490 1624 3584 principio

450 3610 656 3707 Purgatorii
682 3610 784 3708 lingit
809 3631 850 3685 se
875 3611 994 3705 primo
1021 3611 1145 3684 videre
1166 3612 1251 3684 istas
1267 3617 1433 3705 quatuor
1449 3612 1485 3684 iu
1505 3612 1622 3707 ligura

447 3731 663 3825 steHarum3
689 3738 726 3806 et
751 3732 849 3806 circa
875 3731 985 3805 linem
1015 3731 1220 3827 Purgatorii
1253 3731 1355 3827 fingit
1386 3753 1426 3807 se
1452 3733 1561 3827 recipi
1587 3741 1624 3807 et

449 3852 612 3928 investiri
637 3852 685 3926 ab
710 3851 785 3925 istis
810 3858 972 3946 quatuor
1003 3852 1231 3945 dominabus,
1262 3853 1399 3926 scilieet
1430 3853 1624 3926 virtutibus

453 3972 667 4047 moralibus.
692 3971 782 4045 Dico
807 3992 898 4068 ergo
924 3972 1022 4066 quod
1052 3979 1162 4045 autor
1196 3971 1391 4046 introducit
1417 3972 1503 4046 istos
1532 3994 1625 4066 qua-

450 4099 535 4168 tuor
570 4099 762 4186 tamquam
795 4091 1071 4165 excellentiores
1106 4098 1241 4185 poetas,
1268 4091 1332 4183 qui
1358 4090 1524 4166 iecerunt
1557 4093 1625 4166 sibi

456 4212 553 4286 rium
577 4212 624 4286 ad
649 4198 871 4306 poetandum
898 4218 978 4306 post
1004 4212 1123 4305 ipsum
1141 4210 1356 4307 Virgilium,
1378 4212 1560 4306 precipue
1577 4213 1624 4284 illi

456 4337 531 4405 tres
554 4337 671 4426 poetar
696 4331 810 4425 latini,
835 4332 922 4426 quia
939 4333 1142 4406 Homerum
1161 4351 1232 4404 non
1251 4330 1351 4404 novit
1368 4330 1444 4424 ipse
1462 4331 1527 4403 nisi
1546 4351 1626 4405 me-

453 4450 577 4527 diante
600 4450 760 4550 Virgilio,
779 4474 863 4526 uam
882 4452 1054 4549 Virgilius
1072 4451 1235 4524 imitatur
1252 4452 1467 4543 Homerum,
1492 4457 1536 4523 ut
1546 4451 1624 4545 jam

511 4658 540 4719 ι’)
554 4658 746 4710 §.describere
1076 4652 1103 4713 ι’)
1121 4658 1191 4704 tlte
1204 4652 1622 4715 Huntleipeorocatsepootam.

511 4736 539 4797 ι’)
555 4741 602 4789 ιιι
612 4735 903 4787 oHnduumcrat-S.
913 4740 1042 4785 numerat.
1075 4732 1101 4793 (ιι
1119 4734 1308 4790 tremuntur
1319 4729 1369 4780 bic.

512 4813 540 4873 ι’)
553 4812 586 4863 B.
596 4827 684 4865 ensem
696 4815 722 4864 iu
731 4826 810 4864 manu
821 4813 960 4877 lurlgnum.
1076 4809 1103 4873 ι’)
1120 4809 1149 4858 H.
1162 4806 1349 4868 fortitudinem,
1359 4818 1419 4856 euru
1430 4804 1564 4855 ducrlbat.

511 4886 581 4948 t'ts.
598 4890 707 4941 intendit
724 4892 834 4941 ιιιιιιιιι.
