4154 6546
448 755 519 823 488
846 692 1051 819 COlsslN'lUM
1075 762 1229 817 turnum

445 909 625 984 timendo
649 912 759 995 casto,
784 904 875 979 idest
909 904 1009 998 qued
1043 910 1220 1001 regnante
1253 903 1413 978 Saturno
1443 903 1481 979 in
1512 904 1622 983 treta

447 1035 535 1104 aetas
551 1045 668 1102 aurea
687 1024 756 1098 tuit
781 1024 818 1097 iu
843 1022 993 1117 mundo,
1015 1023 1163 1116 quando
1184 1023 1350 1098 homines
1368 1023 1542 1099 vixerunt
1557 1044 1622 1099 ca-

446 1154 502 1222 ste
514 1154 552 1222 et
564 1148 730 1238 heneste3
748 1147 829 1218 sede
840 1147 878 1216 in
890 1165 1012 1216 mezzo
1024 1165 1137 1236 mare,
1147 1143 1239 1220 idest
1251 1143 1386 1219 situata
1400 1149 1521 1219 est-
1531 1149 1619 1219 Una

446 1268 512 1341 llic
528 1266 700 1362 Virgilius
717 1263 897 1358 descripta
921 1263 1040 1337 insula
1065 1262 1102 1336 in
1128 1263 1292 1358 generali
1309 1262 1480 1338 describit
1496 1264 1620 1339 locum

446 1385 706 1482 particularem
732 1384 769 1458 in
795 1404 839 1458 ea
864 1383 1010 1458 dicens:
1036 1403 1109 1455 unc
1133 1388 1327 1475 montanae
1351 1378 1440 1475 rte,
1457 1383 1550 1459 idest
1566 1391 1622 1460 est

446 1507 495 1581 ibi
521 1504 688 1579 notabilis
715 1504 810 1578 inter
835 1502 935 1596 alias,
961 1523 1047 1576 nam
1078 1501 1187 1576 Creta
1221 1508 1276 1576 est
1306 1502 1568 1578 circumcincta
1582 1497 1621 1596 (¹)

447 1625 571 1699 multis
596 1622 779 1698 altissimis
798 1621 997 1716 mentibus,
1010 1628 1048 1696 et
1064 1622 1176 1696 etiam
1192 1621 1288 1696 intra
1314 1641 1355 1696 se
1380 1627 1435 1696 est
1459 1622 1620 1697 multum

446 1752 640 1820 montuosa
653 1733 692 1834 (²)
718 1749 757 1817 et
781 1743 938 1837 sylvcsa‚
956 1743 1016 1813 cte
1039 1744 1218 1834 s'appelln
1241 1744 1323 1834 Ida,
1345 1747 1383 1816 et
1407 1741 1528 1816 adhuc
1552 1742 1622 1816 hu-

446 1866 506 1940 die
531 1865 582 1937 sic
606 1868 772 1954 vocatur,
799 1861 849 1935 ita
871 1860 971 1954 quod
996 1882 1069 1935 non
1094 1861 1249 1956 perdidit
1274 1881 1410 1936 nomen
1426 1861 1622 1955 antiquum

446 1984 541 2058 sicut
569 1983 645 2076 ipsa
670 1979 801 2073 insula,
827 1986 866 2054 et
890 1979 997 2053 dicit:
1024 1982 1084 2052 clu
1106 1970 1168 2070 nid
1189 1984 1230 2074 su
1255 1983 1336 2054 lt’etc
1360 1982 1518 2071 ducque
1541 2001 1560 2052 c
1583 1981 1624 2055 di
1705 2016 1708 2021 ·

443 2105 586 2198 srmtdc,
605 2101 698 2175 idest
723 2099 848 2174 fertilis
873 2106 910 2174 et
934 2119 1094 2193 amoena,
1112 2099 1163 2174 ita
1189 2100 1288 2192 qued
1312 2100 1500 2196 prebebat
1525 2100 1623 2175 bona

446 2222 581 2318 pabula
606 2228 644 2296 et
672 2221 804 2315 pocula
834 2219 1070 2312 animalibus3
1096 2219 1171 2294 imo
1201 2220 1325 2294 audivi
1357 2241 1476 2293 unum
1508 2220 1622 2297 miru-

446 2343 519 2417 bile
544 2341 591 2417 de
616 2342 684 2415 ista
709 2347 917 2434 montanea,
937 2339 1073 2414 scilicet
1098 2340 1197 2432 qued
1221 2339 1397 2414 hodierna
1423 2339 1481 2415 die
1506 2339 1621 2415 herba

447 2462 528 2537 eius
555 2462 640 2536 lacit
664 2460 791 2535 dentes
815 2479 951 2534 aureus
976 2458 1207 2553 animalibus,
1233 2458 1324 2534 idest
1353 2458 1529 2533 habentes
1558 2479 1623 2533 cc·

448 2580 565 2655 lerem
592 2599 775 2671 aureum3
802 2577 878 2672 sed,
909 2599 953 2648 nr
978 2572 1015 2649 e'e
1039 2579 1183 2668 diserta,
1209 2576 1345 2652 scilicet
1369 2576 1415 2651 de
1437 2577 1622 2671 praesenti,
1673 2573 1676 2579 ’

449 2699 536 2794 quia
573 2698 783 2791 inhabitata,
814 2718 909 2769 came
939 2717 1025 2769 cosa
1057 2699 1157 2791 vieta,
1189 2695 1281 2771 idest
1309 2704 1427 2792 retus,
1455 2696 1622 2792 antiqua,

446 2818 553 2913 quasi
577 2816 675 2891 dicat
699 2815 784 2890 lacit
798 2806 835 2906 (³)
863 2836 1017 2889 cursum
1043 2837 1166 2912 suum,
1193 2816 1288 2891 sicut
1321 2814 1447 2892 omnia
1470 2816 1621 2891 iaciunt

447 2939 491 3012 Et
517 2938 596 3010 vult
620 2935 726 3029 quasi
751 2935 875 3010 dicere
900 2935 999 3028 quod
1025 2936 1157 3010 merito
1183 2936 1228 3010 sit
1253 2935 1410 3031 deserta,
1428 2936 1515 3031 quia
1532 2936 1620 3011 elim

447 3056 599 3131 nutrivit
616 3056 722 3129 illum
741 3054 805 3147 qui
822 3053 964 3128 induxit
981 3056 1121 3128 malum
1148 3076 1290 3129 morem
1318 3055 1355 3129 in
1379 3055 1533 3151 mundo,
1550 3055 1622 3131 sci·

447 3175 531 3250 licet
560 3175 701 3267 Jovem,
733 3174 797 3268 qui
829 3173 980 3268 expulso
1011 3180 1115 3270 patre
1128 3161 1165 3265 (⁴)
1191 3173 1380 3269 tyrannice
1405 3173 1537 3248 invasit
1561 3194 1624 3250 re·

446 3316 572 3391 gnum.
599 3294 702 3368 Unde
740 3293 848 3368 dicit:
889 3296 998 3385 tha,
1033 3294 1168 3369 scilicet
1211 3315 1307 3369 uxor
1343 3294 1506 3391 Saturni,
1538 3317 1623 3391 quae

446 3414 518 3488 alio
544 3413 693 3487 nomine
717 3412 813 3486 dicta
838 3418 893 3487 est
919 3413 1082 3508 Cybeles,
1108 3413 1180 3487 alin
1205 3413 1355 3489 nomine
1379 3415 1623 3513 Berecinttria,

446 3533 519 3607 alic
545 3532 692 3605 nomine
718 3531 789 3626 Ops
805 3521 857 3624 (⁵),
889 3532 910 3575 *
924 3534 960 3604 la
983 3535 1089 3605 scelsc
1112 3521 1187 3623 yut,
1212 3531 1304 3609 idest
1327 3533 1428 3630 eligit
1445 3554 1530 3609 eam
1554 3533 1623 3610 sibi

447 3653 535 3728 olim
549 3653 570 3696 *
584 3642 634 3743 (⁶),
660 3673 729 3744 per
763 3673 855 3725 curra
880 3654 969 3744 fida,
1006 3651 1098 3726 idest
1129 3671 1197 3746 pro
1234 3651 1329 3728 lideli
1363 3653 1548 3729 cunabulo
1579 3661 1623 3731 ut

448 3772 582 3849 scilicet
607 3791 700 3865 puer
725 3793 816 3846 suus
840 3770 992 3846 fideliter
1010 3772 1215 3846 nutriretur
1231 3760 1267 3864 ζ’)
1295 3772 1343 3847 ibi
1369 3773 1406 3847 in
1432 3794 1540 3869 cuna,
1565 3777 1626 3849 det

445 3893 702 3984 110191αοί0,
727 3891 863 3966 scilicet
887 3891 1001 3983 levis3
1029 3896 1066 3964 et
1090 3890 1175 3964 dicit
1206 3890 1305 3984 quud
1336 3891 1382 3966 ad
1408 3893 1624 3970 occultatio-

447 4032 533 4087 nem
558 4010 662 4084 istius
687 4010 747 4083 lilii
775 4010 844 4085 ista
867 4018 990 4085 mater
1015 4008 1206 4104 ordinavit,
1232 4010 1331 4104 quud
1355 4011 1503 4105 quando
1528 4033 1624 4109 puer

447 4132 589 4228 vagiret
613 4130 719 4206 tieret
742 4131 882 4204 clamer
909 4137 948 4206 et
973 4131 1106 4205 stridor
1132 4151 1289 4227 magnus
1313 4130 1560 4208 cimbalorum
1586 4141 1623 4210 et

445 4251 603 4326 aliorum
628 4250 962 4324 instrumentorum
989 4250 1217 4324 musicorum
1250 4271 1297 4326 ne
1329 4250 1625 4346 deprehendere-

447 4379 507 4445 tur
533 4370 685 4464 turtum‚
712 4369 811 4444 unde
837 4369 945 4444 dicit:
970 4392 989 4443 e
1015 4372 1175 4463 nifacen
1197 4374 1261 4465 sar
1285 4374 1317 4444 le
1340 4373 1462 4463 9111111,
1485 4370 1622 4449 scilicet

507 4555 536 4617 (¹)
551 4557 577 4606 S.
594 4555 762 4606 circumdata.
1020 4553 1047 4614 (¹)
1064 4558 1119 4614 116,
1136 4560 1309 4606 monstruosa.
1358 4564 1365 4575 '
1443 4555 1471 4617 P)
1486 4556 1519 4606 R.
1534 4557 1606 4611 Mt.

509 4631 536 4692 (⁸)
552 4632 583 4681 Ε.
600 4637 673 4694 patre
688 4644 736 4680 sno
753 4630 896 4694 tyrannice.
1021 4629 1048 4690 (⁸)
1063 4628 1090 4678 S.
1106 4628 1176 4692 Opis.

467 4783 472 4795 ν
508 4705 536 4768 (’)
551 4707 654 4769 Quanto
670 4708 685 4757 t
701 4706 836 4759 recentum
853 4705 893 4757 ira
908 4707 917 4755 i
932 4706 983 4755 due
999 4705 1132 4756 mterischi
1147 4708 1163 4756 1
1178 4706 1292 4771 mentito
1307 4706 1376 4758 mlta
1391 4707 1493 4759 lenione
1508 4707 1553 4761 del
1568 4707 1621 4760 Ce-

447 4782 577 4921 ὼωῶίζ.
593 4863 743 4909 naceretur
757 4863 784 4910 nt
799 4857 953 4910 nutriretur.
