4154 6546
454 797 521 861 148
847 805 1051 860 COMENTUM
1075 805 1225 858 rhenani

447 943 491 1041 si,
507 950 609 1044 idest,
626 950 689 1025 sed
707 969 780 1023 non
798 949 834 1022 in
853 956 1007 1041 tantum,
1025 951 1118 1021 ct'io
1134 969 1206 1020 raon
1222 949 1434 1023 &mesae
1448 952 1487 1023 tn
1497 953 1619 1046 poree,

449 1070 550 1163 ideal,
576 1089 642 1164 pro
666 1076 781 1164 parte„
808 1089 882 1142 non
906 1069 943 1140 in
975 1061 1161 1161 totuml¹l;
1187 1073 1268 1142 erat
1292 1068 1412 1143 adhuc
1436 1091 1569 1164 parum
1595 1094 1618 1146 a

448 1192 566 1285 longe,
593 1189 642 1262 ita
667 1188 764 1281 quod
781 1178 818 1279 (ἱ)
844 1207 916 1261 non
941 1193 1084 1281 poterat
1103 1188 1416 1282 comprehendere
1431 1191 1554 1265 omnia
1571 1191 1619 1266 ad

448 1313 620 1405 plenum:
640 1308 697 1382 vol
714 1308 772 1382 dic
787 1307 966 1400 subtilius,
987 1311 1025 1380 in
1036 1314 1156 1398 porte,
1172 1306 1264 1381 idest
1283 1307 1319 1380 in
1337 1328 1497 1404 secessu,
1514 1331 1619 1406 sepa-

449 1430 568 1523 ratim,
581 1449 760 1521 seorsum,
773 1428 877 1522 quasi
891 1427 986 1501 dieat
1001 1430 1039 1499 in
1052 1430 1494 1520 dapem-otonem!
1507 1440 1619 1523 pene,

449 1550 549 1644 idest,
582 1548 681 1643 quod
713 1548 926 1622 honorabile
956 1567 1075 1642 genus
1106 1548 1310 1641 hominum,
1341 1553 1513 1641 possedeo
1543 1557 1623 1645 poet

448 1674 534 1743 loco.
551 1669 596 1742 Et
615 1669 666 1742 sic
681 1657 717 1760 (³)
740 1674 826 1741 nota
844 1667 942 1760 quod
959 1687 1024 1761 per
1041 1667 1112 1741 hoc
1130 1674 1239 1741 autor
1256 1668 1374 1741 innuit
1394 1670 1504 1744 tacite
1520 1671 1619 1764 quod

451 1791 565 1864 virtus
589 1794 626 1863 et
652 1787 798 1862 scientia
818 1786 934 1861 reddit
953 1787 1138 1860 hominem
1159 1787 1410 1862 honorabilem
1432 1791 1490 1864 vel
1516 1812 1619 1866 ama-

449 1912 557 1986 bilem
571 1931 594 1984 a
608 1911 716 2005 longe
728 1907 837 1981 etiam
855 1906 953 2002 apud
968 1906 1057 2000 illos,
1071 1908 1134 2001 qui
1148 1927 1221 1981 non
1238 1915 1421 1982 noverunt
1435 1910 1553 2005 ipsum
1568 1901 1617 2002 (⁸).

448 2073 497 2086 -
511 2037 542 2106 0
558 2038 603 2104 tn.
630 2029 694 2104 llic
719 2034 828 2102 autor
854 2028 941 2121 petit
957 2047 980 2100 a
997 2026 1145 2122 Virgilio
1161 2027 1224 2121 qui
1241 2034 1327 2100 sunt
1347 2028 1403 2101 isti
1424 2037 1461 2103 et
1475 2022 1513 2120 (⁵)
1531 2031 1616 2124 quia

449 2152 500 2225 sio
532 2148 710 2242 honorati,
745 2147 890 2222 dicens:
925 2168 947 2217 o
980 2153 1029 2237 tu,
1059 2146 1203 2239 scilicet,
1236 2146 1371 2242 Virgili,
1400 2151 1570 2221 ct'onon'
1599 2174 1618 2220 e

447 2273 598 2344 sabazio
616 2277 649 2342 et
663 2275 750 2341 orte.
769 2267 837 2339 Ars
853 2273 891 2340 et
907 2265 1066 2358 scientia,
1081 2266 1182 2360 large
1199 2266 1380 2359 loquendo
1398 2267 1494 2342 idem
1512 2275 1615 2341 sunt:

449 2397 565 2485 potest
597 2396 720 2462 tamen
751 2386 882 2480 exponi
903 2375 939 2477 (⁶)
975 2388 1139 2476 octennio,
1170 2384 1305 2459 seilicet
1336 2387 1549 2461 liberalem:
1580 2396 1617 2462 et

448 2520 536 2601 aro,
555 2508 690 2582 scilicet
707 2506 898 2599 poeticam,
925 2524 1008 2597 qnae
1023 2494 1060 2594 (⁷)
1079 2524 1152 2578 non
1177 2507 1497 2600 comprehenditur
1522 2508 1618 2582 inter

449 2628 615 2701 liberales
642 2626 782 2698 ratione
807 2623 1030 2697 excellentiae
1056 2644 1145 2717 suae,
1167 2633 1209 2698 ut
1227 2625 1364 2700 dicium
1383 2634 1438 2702 est
1455 2628 1493 2701 in
1517 2628 1619 2724 prin-

447 2747 540 2841 cipio
557 2745 648 2818 libri.
668 2746 741 2818 Nec
758 2743 867 2835 dicas,
885 2733 1022 2836 arleff),
1039 2743 1175 2818 scilicet
1189 2746 1421 2842 rhetoricam,
1431 2749 1524 2823 sieut
1537 2751 1618 2843 qui-

447 2866 531 2939 dam
558 2864 770 2959 ignoranter
785 2853 820 2954 (⁹)
848 2862 1030 2955 dixerunt,
1057 2869 1137 2936 tum
1163 2866 1250 2958 quia
1281 2868 1462 2943 rhetorica
1487 2892 1619 2946 nume·

449 2994 553 3064 ratur
578 2984 672 3059 inter
697 2981 876 3073 liberales,
903 2987 983 3054 tum
1002 2982 1088 3075 qnia
1106 3005 1178 3058 non
1195 2988 1339 3062 excellit
1359 2989 1409 3063 ita
1434 2991 1534 3085 quod
1549 2992 1619 3066 sub

449 3107 596 3182 nomine
620 3104 709 3178 artis
734 3102 865 3176 debeat
890 3102 1037 3200 intelligi
1065 3104 1111 3180 de
1137 3106 1319 3183 rhetorica
1344 3131 1411 3204 per
1436 3112 1619 3186 excellen-

449 3228 547 3301 tiam.
584 3226 698 3313 Questi
730 3225 784 3295 chi
816 3243 882 3295 son
913 3226 1095 3297 clr’lonno
1130 3234 1270 3300 cotooto
1302 3249 1478 3323 orronzo,
1516 3231 1618 3324 iden,

448 3344 778 3437 honorabilitatem,
804 3344 890 3436 quia
915 3344 1051 3418 scilicet
1076 3352 1161 3419 sunt
1183 3347 1230 3420 ita
1249 3350 1405 3442 separati
1423 3352 1471 3424 ab
1488 3352 1567 3425 aliis
1582 3352 1618 3426 in

449 3470 528 3543 loco
555 3473 629 3539 tarn
648 3466 841 3538 luminoso.
860 3464 962 3538 Unde
978 3464 1086 3538 dicit:
1104 3469 1176 3558 che,
1195 3466 1296 3561 idest,
1314 3490 1398 3562 quae
1416 3472 1619 3566 honoratio,

448 3589 634 3679 lidaparte
657 3588 721 3658 dat
744 3587 847 3657 modo
873 3585 916 3655 de
943 3587 994 3672 pti
1021 3587 1118 3675 attia,
1151 3585 1237 3677 quia
1269 3589 1404 3662 seilicet
1436 3611 1508 3663 non
1534 3601 1620 3665 sunt

449 3711 484 3783 in
503 3708 653 3782 tenebra
670 3705 763 3778 siout
779 3704 996 3778 ceteri-ll
1007 3707 1117 3794 quelli.
1137 3705 1201 3779 llic
1218 3714 1328 3780 autor
1344 3710 1445 3802 ponit
1467 3732 1618 3805 respon-

410 3887 414 3895 .
448 3830 587 3903 sionem
614 3824 750 3921 Virgilii
775 3824 920 3898 dicens:
952 3845 970 3895 e
998 3827 1103 3916 quelli
1132 3846 1158 3896 o
1186 3846 1252 3917 nte,
1284 3829 1422 3924 supple,
1449 3830 1618 3928 Virgilius

451 3947 643 4042 respondit,
670 3948 835 4018 tornato
859 3947 1088 4036 nominonzo,
1115 3944 1205 4019 idest
1230 3946 1409 4022 honorata
1434 3950 1542 4046 lama,
1559 3957 1619 4026 cie

448 4089 537 4142 sona
562 4071 599 4141 di
624 4071 680 4140 tor
707 4087 749 4138 su
780 4067 872 4137 nella
897 4071 957 4136 toa
983 4067 1066 4155 otto,
1092 4064 1195 4159 idest,
1220 4087 1304 4159 quae
1333 4078 1480 4144 resonat
1493 4064 1546 4163 (¹⁰)
1572 4075 1618 4149 de

449 4189 500 4262 eis
526 4188 561 4260 in
588 4188 725 4261 mundo
743 4185 956 4278 viventium,
975 4188 1113 4277 appoto
1135 4189 1266 4277 pruzia
1281 4191 1340 4261 nel
1353 4192 1418 4262 ciel
1440 4194 1500 4263 che
1523 4185 1620 4286 diple·

448 4331 605 4400 avanzo,
630 4308 732 4401 idest,
758 4328 842 4401 quae
867 4307 952 4380 tacit
976 4326 1040 4381 eos
1065 4307 1115 4380 ita
1140 4307 1322 4384 excellere
1335 4303 1389 4401 (¹⁴)
1413 4320 1493 4405 post
1518 4335 1620 4389 mor-

509 4543 536 4601 (¹)
555 4550 599 4595 llo
615 4557 630 4593 e
646 4543 673 4593 S.
690 4543 716 4591 in
735 4548 818 4593 lotum
834 4542 894 4606 qnia
910 4546 975 4593 eret.
1230 4542 1257 4603 (¹)
1274 4544 1304 4592 ll.
1322 4544 1408 4608 linque
1424 4559 1475 4596 non
1492 4552 1601 4608 poterut.

510 4620 536 4676 (⁸)
553 4620 583 4668 ll.
600 4619 634 4668 llt
649 4619 686 4668 nlo
701 4620 843 4669 notandum
860 4631 907 4681 per
922 4619 974 4669 hon
988 4617 1057 4682 qnod
1074 4623 1159 4669 antor.
1229 4618 1255 4679 (⁸)
1272 4625 1326 4680 llo,
1343 4634 1413 4671 eum.

510 4694 537 4752 t⁸l
554 4699 600 4744 llo
615 4706 631 4742 ο
647 4693 677 4742 Ε.
693 4698 721 4742 et
736 4707 818 4756 qnare
833 4696 884 4744 nint
900 4695 1029 4744 honorati.

509 4770 535 4830 (⁸)
553 4769 583 4818 R
598 4780 729 4830 exponere
744 4770 885 4830 mltum,
902 4769 1001 4821 ncilloet
1017 4770 1133 4832 liberum,
1150 4778 1177 4823 at
1193 4777 1284 4832 artem,
1301 4773 1401 4823 nrlltnet
1417 4774 1553 4836 poeticam.

510 4846 535 4907 (²1
553 4850 609 4904 lto,
625 4857 684 4907 qo·
700 4847 937 4908 comprehenditur.
1234 4848 1261 4910 ρ)
1277 4849 1308 4900 lb
1325 4855 1418 4901 artem

511 4923 538 4986 (t)
555 4923 585 4974 B.
600 4921 756 4987 ignorantes,
773 4926 830 4972 turn
847 4923 916 4986 quin.
977 4922 1019 5015 Δθ’)
1035 4923 1060 4974 S.
1078 4930 1160 4976 sonat.
1228 4926 1266 4987 (¹¹)
1282 4926 1312 4978 B.
1328 4925 1463 4977 extollere.
