4154 6546
325 1170 490 1241 CANTUS
517 1170 748 1252 SECUNDUS,
779 1175 815 1239 ia
843 1194 904 1258 qao
933 1179 1089 1241 tractate
1115 1176 1196 1241 sicut
1224 1173 1349 1240 Daates
1376 1172 1497 1239 iecerit

403 1281 584 1367 Virpstiam,
600 1289 630 1350 et
651 1286 734 1374 sicta
753 1283 908 1369 Vtrpslias
920 1284 997 1367 fecit
1017 1305 1052 1351 ee
1073 1291 1174 1351 tutam
1188 1285 1227 1351 dc
1240 1285 1354 1350 ittam
1361 1287 1497 1366 propter

396 1397 594 1462 securitatem
616 1396 713 1461 triam
735 1395 935 1462 dominarum
956 1396 995 1462 de
1015 1397 1086 1479 ipso
1109 1398 1305 1463 cantantium
1326 1396 1362 1459 dt
1383 1393 1498 1461 celeste

400 1503 509 1584 (turia,
523 1512 554 1573 et
566 1507 648 1573 sicut
661 1506 800 1573 Beatria
814 1508 901 1573 mr’sit
921 1506 1090 1591 Virpsts'am
1106 1508 1143 1572 irs
1160 1506 1352 1572 adiutorium
1363 1503 1494 1572 Dentis.

398 1815 505 1982 Lo
530 1926 669 1980 eronuo
690 1929 728 1980 se
743 1909 929 1979 a'aadaoa
945 1928 964 1979 e
979 1909 1071 1979 tacr
1087 1908 1210 1978 barto.
1237 1906 1436 1998 Postquam
1457 1904 1494 1976 in

324 2028 543 2125 precedenti
567 2028 686 2121 primo
712 2028 870 2119 capitulo
895 2026 1109 2119 prohemiali
1134 2032 1243 2100 autor
1268 2030 1392 2100 noster
1412 2024 1494 2098 lecit

328 2147 621 2243 propositionem,
645 2147 682 2220 iu
703 2165 777 2239 qua
806 2146 922 2240 tetigit
936 2139 974 2236 (¹)
999 2145 1134 2239 locum,
1161 2151 1316 2238 tempus,
1342 2149 1379 2218 et
1404 2163 1496 2218 cau-

222 2357 228 2367 *
323 2288 402 2342 sam
420 2267 596 2341 motivam
617 2266 719 2339 istius
734 2258 770 2357 (²)
785 2266 917 2360 operis,
934 2271 971 2338 et
989 2264 1246 2359 impedimenta
1263 2262 1495 2338 occurrentia

323 2379 437 2480 sibid)
455 2387 493 2460 in
510 2406 728 2460 succursum
749 2385 898 2480 Virgilii,
915 2405 1014 2459 nunc
1031 2389 1297 2478 consequenter
1308 2371 1345 2474 (⁸)
1364 2383 1401 2455 in
1426 2382 1495 2455 isto

325 2508 485 2583 secundo
510 2506 669 2599 capitulo
694 2505 858 2579 similiter
877 2505 1091 2599 prohemiali
1116 2524 1221 2578 more
1246 2503 1389 2597 poetico
1409 2500 1494 2576 iacit

325 2647 430 2700 suam
456 2625 734 2699 invocationem.
752 2625 796 2697 Et
820 2624 991 2698 dividitur
1010 2624 1106 2699 istud
1126 2624 1325 2717 capitulum
1348 2623 1385 2696 in
1402 2642 1495 2716 qua-

324 2750 409 2820 tuor
424 2750 548 2840 partes
563 2745 771 2841 generalem
789 2744 826 2818 in
843 2743 961 2838 prima
982 2764 1142 2838 quarum
1167 2743 1337 2819 describit
1361 2744 1491 2817 boram

324 2863 509 2959 temporis,
536 2863 670 2937 scilicet
691 2862 802 2937 finem
826 2862 908 2956 diei,
927 2868 964 2937 et
989 2862 1073 2937 iacit
1089 2883 1195 2937 suam
1213 2862 1491 2937 invocationem.

325 2984 365 3057 ln
389 2981 549 3058 meando
577 2988 702 3055 movet
725 2981 879 3054 dubium
901 2982 1050 3077 Virgilio
1074 2982 1121 3056 de
1146 2981 1400 3056 insufficientia
1424 3001 1493 3055 sua

324 3101 397 3176 ibi:
423 3106 465 3175 lo
489 3104 679 3175 maciei.
693 3101 733 3175 lu
751 3101 857 3175 tertia
874 3101 1045 3196 Virgilius
1070 3108 1236 3176 removet
1252 3101 1405 3175 dubium
1426 3101 1493 3174 ibi:

324 3225 360 3297 S’
370 3225 408 3295 io
426 3224 473 3295 bo
488 3221 552 3293 ben
570 3224 606 3294 la
623 3227 683 3293 tua
699 3225 840 3312 parole.
859 3221 899 3292 ln
917 3226 1048 3313 quarta
1073 3227 1182 3294 autor
1199 3221 1298 3315 ponit
1320 3219 1494 3294 ellectum

283 3414 287 3419 .
324 3347 360 3417 ot
385 3339 613 3437 regracmm
637 3339 797 3435 Virgilio,
824 3345 860 3414 et
885 3338 1118 3413 commendat
1131 3330 1168 3430 (⁵)
1195 3338 1259 3432 qui
1283 3338 1380 3412 misit
1404 3358 1492 3415 eum

324 3460 397 3536 ibi:
422 3462 508 3553 qual
529 3462 543 3532 i
563 3463 700 3552 fioretti

393 3580 451 3655 Ad
474 3580 637 3674 primum
663 3579 744 3653 dico
768 3578 868 3673 quod
892 3584 1001 3652 autor
1031 3579 1183 3653 tendens
1207 3579 1254 3653 ad
1278 3588 1491 3674 processum

323 3700 492 3799 promissi
509 3699 646 3775 itineris
657 3698 828 3775 describit
840 3698 971 3772 horam
987 3698 1162 3794 temporis
1174 3698 1316 3773 dicens:
1327 3704 1377 3771 Lo
1392 3702 1494 3789 pior-
1510 3782 1512 3787 ,

323 3843 380 3896 oo.
398 3819 470 3895 Sed
488 3824 689 3911 antequam
706 3816 921 3892 descendam
939 3818 987 3892 ad
1006 3818 1268 3911 expositionem
1294 3818 1408 3892 literae
1434 3818 1493 3892 bic

323 3942 442 4018 oritur
456 3938 644 4031 dubitatio,
662 3938 848 4030 quomodo
860 3944 970 4011 autor
986 3944 1062 4011 tam
1079 3938 1151 4012 cito
1167 3938 1441 4033 pertransiverit
1454 3927 1492 4030 (⁶)

324 4081 436 4134 unam
452 4059 570 4152 diem;
587 4077 674 4132 nam
692 4058 729 4130 in
754 4058 971 4150 praecedenti
988 4059 1147 4152 capitulo
1163 4058 1251 4132 dixit
1268 4058 1367 4152 quod
1383 4057 1494 4135 flebat

324 4172 452 4272 maue3
470 4196 570 4251 nunc
586 4196 676 4251 vero
692 4176 776 4250 dicit
802 4177 900 4270 quod
925 4176 1034 4252 debat
1059 4198 1143 4270 nox,
1166 4196 1252 4250 cum
1270 4184 1394 4253 tamen
1419 4200 1493 4253 nou
1549 4214 1555 4224 ·

324 4296 491 4371 videatur
510 4295 650 4370 stetisse
665 4314 732 4390 per
748 4302 866 4369 totum
883 4294 1070 4370 lniernum
1089 4295 1185 4369 ultra
1201 4304 1276 4370 tres
1293 4296 1369 4371 dies
1387 4303 1494 4371 natu·

324 4416 429 4489 tales.
455 4414 758 4509 Respondendum
783 4413 944 4489 breviter
969 4414 1068 4507 quod
1087 4420 1196 4487 autor
1222 4416 1380 4488 multum
1398 4422 1494 4490 tem-

322 4534 420 4629 poris
445 4533 614 4627 expendit
639 4533 871 4607 deliberando
898 4539 1022 4606 utrum
1053 4532 1320 4629 aggrederetur
1349 4541 1492 4609 tantum

386 4746 413 4807 (¹)
429 4747 461 4798 E.
477 4760 493 4798 e
511 4752 564 4808 lle,
581 4750 670 4812 longit.
991 4749 1018 4808 (⁸)
1034 4749 1065 4800 Ε.
1082 4751 1160 4815 bolus
1175 4750 1270 4813 opera.

386 4820 412 4882 (⁸)
429 4828 482 4883 tlt,
500 4823 531 4874 Ε.
548 4836 563 4873 e
578 4824 604 4874 S.
621 4826 677 4886 sibl,
693 4832 721 4877 et
736 4839 897 4876 succursum.
992 4826 1017 4886 (⁸)
1034 4826 1065 4876 Ε.
1082 4827 1272 4877 convenienter.

388 4898 414 4959 (V
430 4898 461 4948 R
477 4898 562 4962 ism
576 4901 630 4964 qul.
991 4902 1017 4963 (⁸)
1034 4903 1065 4953 B.
1081 4903 1287 4966 persrmlrornt
