4154 6546
1550 780 1620 849 ΜΒ

451 1126 616 1197 CANTUS
647 1122 867 1204 summus,
897 1125 933 1189 io
962 1143 1022 1207 quo
1045 1124 1181 1207 ponitur
1211 1122 1343 1188 Plotron
1376 1123 1546 1191 demonem
1580 1126 1624 1190 od

528 1238 702 1307 comediam
722 1236 893 1318 spirituum
913 1234 968 1317 poi
989 1239 1064 1299 ettot
1085 1234 1121 1298 in
1142 1239 1256 1316 qstorto
1278 1233 1401 1312 circulo,
1420 1236 1476 1318 goi
1491 1234 1624 1317 foeneret

528 1350 628 1428 oooos',
651 1347 840 1415 revolventes
856 1345 1003 1429 pondero
1026 1365 1095 1410 mem
1111 1349 1248 1427 pectore,
1266 1344 1324 1409 eod
1341 1343 1432 1410 titulo
1452 1344 1622 1412 meritonam

522 1459 744 1544 prelatorum
769 1463 799 1522 et
819 1458 856 1521 io
876 1456 939 1537 fiete
962 1454 1195 1538 aliquomlom
1217 1455 1257 1520 de
1278 1454 1419 1536 fortune.

1354 1584 1369 1622 Ι

522 1798 669 1965 Pers
703 1890 842 1961 sortem
879 1889 1078 1980 Postquam
1095 1881 1132 1978 (¹)
1170 1886 1207 1959 in
1245 1886 1425 1982 superiori
1461 1889 1619 1983 capitulo

447 2009 615 2105 pmxime
637 2007 858 2106 praecedeuti
881 2013 991 2081 autor
1017 2011 1140 2081 noster
1159 2004 1327 2081 tractavit
1352 2005 1399 2079 de
1423 2025 1531 2099 poeun
1546 2029 1619 2104 gu-

447 2132 609 2205 losorum
627 2128 691 2224 qui
709 2128 913 2223 puniuntur
930 2127 968 2201 iu
984 2126 1093 2203 tertio
1108 2125 1247 2201 circrdo
1260 2127 1405 2222 Inferni,
1413 2149 1514 2223 punc
1529 2149 1619 2204 cou-

298 2342 306 2357 ·
449 2256 645 2346 sequenter
676 2249 715 2323 in
746 2248 815 2325 isto
838 2248 898 2321 Vll
924 2247 1082 2341 capitulo
1106 2246 1183 2341 agit
1214 2253 1251 2320 et
1279 2253 1411 2323 tractet
1438 2248 1485 2323 de
1509 2268 1619 2343 poena

450 2390 648 2447 avarorum
675 2375 712 2444 et
737 2368 976 2464 prodigorum
1001 2367 1067 2461 qui
1082 2366 1284 2461 puniuntur
1304 2367 1414 2442 simul
1431 2367 1467 2441 in
1484 2374 1619 2462 quarto

337 2529 341 2535 ·
452 2490 601 2584 circulo,
626 2495 664 2564 et
687 2488 735 2564 de
757 2508 866 2582 poeua
896 2485 1159 2561 iracundorum
1190 2491 1227 2560 et
1258 2485 1524 2562 accidiosorum
1555 2488 1618 2581 qui

450 2610 655 2705 puniuntur
672 2609 709 2683 in
726 2608 855 2702 quinto
870 2607 1019 2682 circulo.
1037 2607 1080 2679 Et
1096 2625 1257 2701 presens
1274 2606 1476 2701 capitulum
1500 2613 1619 2702 potest

449 2730 558 2806 dividi
583 2730 620 2804 in
645 2729 675 2801 V
700 2734 824 2823 partes
847 2726 1056 2822 generalem
1074 2726 1110 2800 in
1128 2714 1289 2818 quarum
1315 2727 1434 2821 prima
1447 2727 1618 2804 describit

448 2847 637 2923 custodem
662 2854 702 2921 et
724 2846 916 2921 dominum
941 2845 1043 2919 istius
1067 2845 1206 2920 circuli.
1231 2847 1271 2921 ln
1295 2846 1456 2923 secunda
1488 2851 1620 2923 tractat

450 2967 496 3042 de
520 2986 629 3062 poena
661 2985 864 3041 avarorum
888 2971 926 3040 et
948 2964 1188 3060 prodigorum
1203 2957 1242 3056 (²)
1271 2966 1309 3039 in
1338 2967 1514 3062 generali,
1543 2967 1615 3040 ibi:

450 3089 504 3162 Ad
526 3088 670 3160 ossea.
697 3086 737 3160 ln
761 3084 869 3161 tertia
892 3084 1049 3161 ostendit
1078 3085 1114 3158 in
1144 3084 1278 3179 quibus
1306 3086 1551 3180 principaliter
1579 3093 1617 3160 et

449 3203 669 3304 generaliter
693 3204 841 3302 vigeant
864 3204 933 3281 ista
958 3204 1032 3279 duo
1067 3203 1171 3297 vicia,
1201 3203 1384 3279 nemiuem
1420 3203 1617 3298 particula·

449 3325 542 3401 riter
571 3322 801 3418 nominando,
827 3323 900 3401 ibi:
935 3329 980 3397 Et
1006 3327 1041 3398 r'o
1070 3326 1224 3398 ct'ooeo
1247 3326 1275 3397 e
1296 3343 1360 3396 cor
1388 3327 1490 3416 puori
1522 3343 1617 3396 cooe-

446 3450 566 3536 psmto.
592 3444 632 3516 ln
656 3448 787 3538 quarta
812 3441 897 3518 facit
922 3463 1035 3519 unam
1054 3441 1318 3539 digressionem
1335 3443 1374 3519 iu
1389 3462 1466 3536 qua
1486 3448 1617 3519 tractat

446 3564 493 3640 de
518 3564 676 3658 fortuna,
700 3562 774 3637 ibi:
799 3567 955 3638 Moerim
979 3566 1060 3637 mro.
1080 3563 1320 3657 inquietaret
1339 3563 1616 3639 ultimatractat

447 3685 495 3759 de
518 3703 630 3780 poena
654 3669 918 3759 iracundorum
936 3690 974 3758 et
992 3683 1258 3760 accidiosomm
1276 3684 1341 3780 qui
1357 3685 1560 3780 puniuntur
1580 3686 1617 3759 in

448 3803 575 3899 quinto
586 3802 737 3896 circulo,
750 3801 814 3877 ihi:
833 3806 903 3877 Not·
916 3806 1106 3878 recedemo.
1116 3803 1228 3879 —Ad
1245 3805 1403 3900 primam
1419 3805 1501 3880 dico
1517 3806 1615 3900 quod

447 3929 556 3997 autor
580 3921 702 4017 primo
725 3921 896 3997 describit
920 3922 1114 3999 dominum
1138 3931 1176 4000 et
1200 3923 1389 4001 custodem
1414 3923 1517 3999 istius
1543 3924 1618 4001 cir-

449 4042 534 4135 culi,
558 4040 693 4117 scilieet
718 4042 921 4117 Plutonem.
947 4042 1001 4116 Ad
1027 4044 1127 4137 quod
1152 4052 1238 4121 nota
1251 4033 1302 4137 (³),
1325 4048 1525 4139 antequam
1551 4065 1615 4120 re·

401 4245 407 4255 ,
450 4161 549 4238 niam
573 4161 620 4236 ad
644 4161 909 4256 expositionem
934 4162 1061 4257 litere,
1091 4164 1190 4258 quod
1219 4163 1326 4239 Pluto
1356 4164 1455 4259 apud
1484 4184 1615 4240 omnes

447 4285 573 4374 poetas
589 4278 721 4354 dicitur
737 4301 805 4355 rex
821 4281 966 4377 lniemi,
980 4289 1018 4357 et
1032 4283 1183 4379 ponitur
1201 4303 1269 4377 pro
1286 4283 1468 4358 elemento
1485 4291 1612 4376 terrae3

448 4407 485 4473 et
515 4400 602 4494 quia
631 4420 679 4474 ex
708 4407 809 4475 terra
833 4401 996 4476 nascitur
1033 4402 1152 4476 omnis
1183 4401 1367 4497 opulentia
1403 4401 1612 4477 divitiarum

449 4518 654 4613 exquibus
679 4520 841 4595 nascitur
869 4521 1040 4616 avaricia,
1076 4522 1157 4596 ideo
1189 4528 1298 4595 autor
1327 4541 1392 4616 per
1421 4521 1613 4598 Plutonem

507 4752 534 4815 (¹)
550 4753 576 4877 {-
592 4753 734 4821 rostrum
749 4761 826 4810 suus
840 4757 872 4809 u
883 4757 1012 4822 superiori
1027 4758 1104 4821 apri.
1120 4757 1238 4820 prorum
1254 4755 1413 4820 praedem
1426 4755 1555 4810 uuum

506 4825 535 4963 g
551 4863 582 4954 ss
593 4829 880 4972 wormium
891 4906 969 4960 mm
979 4907 1317 4972 mmmm-norm
1328 4907 1452 4976 ure-u
1462 4907 1612 4961 murrum.
