4154 6546
872 785 1010 843 CANTUS
1033 785 1215 841 SMUUS·
1547 776 1617 843 w

449 952 560 1028 prum
594 930 791 1005 elationem
823 930 902 1006 sive
933 929 1142 1006 violentiam
1176 946 1291 1023 quum
1318 927 1465 1005 Lucifer
1496 928 1618 1006 iacere

450 1049 577 1143 voluit,
597 1048 686 1143 quia
710 1055 882 1144 stuprum
906 1055 961 1124 est
984 1047 1174 1123 defloratio
1190 1045 1319 1122 ulieuae
1335 1039 1534 1143 virginis(¹)
1560 1050 1616 1123 in-

448 1174 643 1264 corrupto,
668 1167 720 1243 ita
744 1167 823 1262 iste
846 1173 1030 1262 quantum
1055 1167 1094 1241 in
1118 1165 1196 1262 ipso
1224 1164 1304 1259 luit,
1334 1165 1451 1241 voluit
1479 1166 1617 1243 violare

446 1289 606 1366 alienam
635 1289 756 1363 lucem
782 1294 821 1362 et
842 1287 1000 1384 gloriam
1031 1285 1357 1380 incorruptibilem,
1385 1286 1472 1380 quia
1502 1288 1619 1362 voluit

447 1408 528 1483 llari
552 1406 679 1481 similis
701 1404 893 1481 Altissimo.
919 1406 1012 1480 Nota
1038 1405 1149 1480 etiarn
1175 1404 1274 1498 quod
1291 1404 1479 1482 debusset
1495 1404 1618 1481 dioeru

446 1535 569 1620 supro
594 1526 673 1601 siue
696 1546 720 1598 r
742 1524 780 1598 ln
803 1523 980 1619 principio
1005 1529 1043 1598 et
1066 1543 1156 1598 cum
1179 1543 1203 1596 r
1226 1522 1264 1597 in
1284 1522 1369 1617 line,
1389 1523 1454 1599 sed
1469 1531 1617 1600 eontra·

449 1648 547 1723 rium
572 1646 667 1739 senil,
692 1644 781 1740 quia
810 1644 862 1719 sir
892 1641 1094 1739 vulgariter
1127 1641 1312 1737 profertur
1325 1630 1377 1737 (²),
1401 1649 1440 1718 et
1467 1654 1616 1739 propter

449 1763 727 1843 consonantiam
742 1761 889 1838 lllrilmi
898 1801 948 1816 -
960 1764 1078 1851 wale.
1095 1760 1162 1836 llic
1175 1767 1286 1836 autor
1310 1762 1466 1837 ostendit
1489 1762 1618 1844 ouuftr-

451 1885 595 1960 sionom
618 1881 781 1957 Plutonis
804 1878 953 1977 quando
978 1879 1118 1957 audivit
1142 1879 1338 1975 exprobari
1352 1870 1391 1973 (³)
1409 1880 1477 1956 sibi
1496 1888 1535 1956 et
1550 1901 1617 1956 suo
1705 1970 1711 1978 Ι

453 2002 584 2079 maiori
602 2002 772 2096 ruinam,
803 2008 841 2076 et
870 1998 970 2095 quod
1001 2020 1076 2073 non
1099 2005 1245 2095 poterut
1258 1987 1296 2092 (⁸)
1330 2020 1465 2078 nouere
1495 2003 1616 2077 autori

451 2122 515 2217 qui
530 2112 569 2214 (⁵)
598 2121 769 2198 veniebat
793 2119 960 2194 munitus
982 2117 1099 2213 clipeo
1127 2117 1258 2193 divinas
1271 2108 1310 2211 (ὅ)
1335 2120 1464 2216 gratim
1490 2131 1618 2199 oonlra

451 2261 560 2334 eum,
578 2246 616 2314 et
630 2239 718 2314 dicit
741 2238 842 2334 quod
865 2257 962 2313 vana
985 2236 1157 2332 superbia
1180 2237 1261 2313 eius
1286 2228 1463 2332 metuite)
1477 2239 1525 2315 ud
1542 2246 1617 2315 ter·

450 2381 531 2437 rum
549 2379 615 2455 per
635 2358 947 2455 comparationem
974 2355 1142 2431 velorum
1160 2348 1388 2433 deiectorum
1401 2348 1440 2450 (⁸)
1455 2380 1479 2434 a
1495 2365 1616 2435 rento.

448 2481 582 2557 Ordine
599 2480 651 2555 sic
666 2481 822 2556 literam.
840 2483 895 2553 Lo
910 2479 1004 2571 fieta
1021 2479 1174 2568 nudet,
1188 2477 1325 2553 scilicet
1343 2478 1514 2574 avaricia,
1531 2479 1619 2573 quia

447 2621 583 2677 avarus
607 2599 692 2675 lacit
711 2605 874 2675 stentum
890 2597 937 2673 de
957 2595 1105 2691 seipso,
1122 2617 1209 2672 nam
1224 2597 1448 2692 luxuriosus,
1464 2599 1616 2694 gulosus

450 2728 489 2797 et
509 2719 630 2795 omnis
653 2738 809 2814 peccans
824 2717 935 2793 habet
949 2715 1147 2811 aliqualem
1162 2716 1440 2792 damantionem
1462 2717 1509 2793 de
1524 2719 1618 2794 vicio

450 2860 536 2934 suo;
562 2837 627 2915 sed
649 2829 838 2930 avarus(⁹)
864 2857 949 2931 non,
974 2835 1043 2911 uisi
1068 2855 1199 2911 curam
1229 2842 1267 2911 et
1295 2836 1486 2931 lahorem
1509 2841 1619 2913 cudda

452 2962 503 3034 tol
524 2980 550 3032 a
573 2965 686 3050 terro,
707 2957 844 3033 scilieet
863 2956 958 3032 ricla
974 2962 1012 3032 et
1028 2955 1180 3031 oonlusa
1195 2976 1243 3031 er
1263 2956 1385 3031 verbis
1401 2956 1538 3052 Virgilii
1551 2950 1619 3050 (⁴⁰),

452 3075 1509 3171 poooveuqmqtoudolvemocapqlouoovootoe,ldast
1531 3094 1620 3150 con·

452 3203 568 3274 tracta
595 3202 847 3291 rononiense,
858 3199 923 3289 pot
937 3189 998 3268 'ola
1012 3197 1036 3268 l’
1050 3195 1161 3268 orbor
1173 3197 1300 3287 flocco,
1317 3193 1410 3269 idest
1425 3200 1617 3291 postquam

451 3316 564 3392 arbm
589 3314 691 3391 navis
715 3314 907 3412 frangitur.
932 3315 977 3388 Et
1001 3319 1088 3388 mta
1105 3311 1204 3407 quod
1221 3313 1446 3408 comparatio
1462 3321 1518 3391 est
1533 3335 1620 3410 pro-

451 3435 530 3530 pria
543 3459 555 3529 3
571 3455 658 3509 uam
673 3454 743 3530 pro
753 3425 809 3527 (⁴¹)
826 3428 911 3508 vela
926 3432 1050 3508 inllata
1066 3432 1231 3529 intelligit
1247 3432 1445 3528 superbum
1460 3433 1616 3530 gloriam

450 3573 564 3649 quum
590 3553 700 3629 habet
724 3573 861 3628 avarus
875 3551 1008 3628 desua
1028 3551 1254 3647 possessione
1269 3570 1451 3627 vanarum
1472 3552 1620 3629 divicia-

452 3694 548 3767 rum,
565 3694 640 3768 qua
655 3663 707 3765 (¹¹)
726 3693 866 3748 avarus
880 3691 955 3746 nou
971 3677 1091 3766 polest
1101 3671 1251 3747 viueere
1262 3671 1385 3746 virum
1401 3671 1618 3766 virtuosum,

451 3795 514 3871 sed
540 3793 700 3870 vincitur
723 3792 773 3868 ab
796 3812 867 3886 eo,
893 3788 991 3866 undo
1007 3789 1183 3887 cupiditas
1199 3810 1406 3886 numquam
1421 3792 1541 3887 potuit
1554 3813 1619 3888 pe·

454 3921 611 4008 uelrare,
624 3933 748 4007 neque
764 3931 980 4009 expugnare
995 3918 1125 4007 pactus
1140 3911 1325 3987 munitum
1341 3911 1453 4006 ipsius
1466 3912 1617 3988 uuloris.

453 4024 678 4107 -Gosillio
691 4037 802 4106 autor
817 4029 975 4105 ostendit
989 4022 1177 4125 quomodo
1192 4031 1423 4107 intraverunt
1436 4032 1619 4109 eiruulum

455 4151 570 4226 libere
585 4157 624 4226 et
641 4150 720 4225 sino
744 4148 1017 4245 impedimento,
1035 4149 1133 4226 unde
1148 4150 1255 4230 dicit:
1272 4144 1357 4242 eorl,
1373 4151 1468 4227 sicut
1481 4152 1620 4228 Mum

456 4277 523 4363 est,
549 4269 710 4363 quietam
735 4269 900 4363 Plutone,
925 4271 1108 4344 sontdemo
1130 4273 1224 4344 naua
1245 4276 1375 4361 quarta
1397 4272 1511 4361 loom,
1528 4269 1620 4346 idest

515 4503 543 4565 (ί)
559 4504 585 4554 s.
600 4504 759 4567 munium.
845 4502 872 4565 ι’)
887 4503 913 4555 s.
931 4503 1073 4568 prouertu
1088 4509 1196 4568 propter
1210 4504 1404 4556 mmmmm
1420 4502 1595 4554 prunorum.
1698 4482 1706 4495 '

535 4579 590 4639 ⁸213.
605 4579 765 4644 exprobrari.
1221 4578 1250 4642 (¹)
1265 4579 1297 4630 ll.
1312 4580 1405 4644 poluit.

516 4652 748 4721 (³)S.all.qulr.
1222 4650 1602 4719 rtsurrlnlurlrelqnuo.

513 4730 580 4791 ms.
597 4728 718 4782 eonelrlll.
842 4725 870 4793 (¹)
886 4729 912 4782 S.
922 4731 1134 4781 latmorum-
1144 4726 1501 4793 erelerlorumrrenloorl
1511 4733 1617 4780 terram

513 4807 541 4870 (⁹)
556 4807 692 4859 Bararus
706 4818 840 4874 nunquam
855 4808 912 4859 nlrl.
998 4806 1036 4869 θ’)
1052 4802 1082 4857 R
1099 4802 1179 4873 ipsius
1194 4800 1306 4872 Vlrgllfl.

504 4882 544 4945 (¹¹)
559 4882 591 4934 Β·
607 4896 654 4947 Ρθῐ
670 4880 735 4936 rein
1001 4883 1039 4948 (³)
1055 4884 1086 4935 E.
1102 4892 1153 4960 qur
1167 4885 1222 4950 lpse
1237 4883 1341 4937 rlnoere
1356 4897 1410 4936 non
1425 4887 1512 4949 polest
1525 4880 1618 4935 vuum.
