4154 6546
667 905 672 913 Ι
768 822 907 877 caurus
932 821 1088 876 uucruus
1111 821 1305 877 sucuuuus.
1551 808 1620 876 389

452 970 710 1061 Minotaurum,
736 968 799 1062 qui
825 978 905 1044 erat
930 974 1031 1042 recle
1057 977 1186 1045 taurus
1211 966 1408 1043 indomitus
1432 967 1511 1042 siue
1536 967 1623 1064 iugo

451 1091 551 1187 legis,
570 1091 616 1164 de
633 1111 708 1183 quo
723 1089 808 1162 dicit
827 1087 999 1162 Orosius:
1021 1090 1212 1161 murmano
1228 1087 1334 1159 losa
1350 1093 1410 1159 etc.
1438 1085 1568 1161 Sermo
1584 1080 1620 1179 (¹)

451 1211 585 1307 Virgilii
604 1210 732 1286 inllixit
757 1210 889 1284 lethale
913 1209 1048 1282 vulnus
1072 1209 1287 1302 Minotauro,
1305 1219 1342 1285 et
1362 1207 1480 1303 ipsum
1509 1210 1624 1305 tetigit

449 1331 496 1404 ad
523 1330 647 1404 viuum
674 1330 822 1423 quando
848 1329 991 1403 vocavit
1016 1328 1135 1422 ipsum
1161 1327 1327 1422 bestiam,
1345 1335 1382 1402 et
1403 1329 1624 1405 memoravit

450 1450 518 1524 sibi
541 1455 698 1523 mortem
724 1449 920 1523 violentam
947 1448 1209 1545 dignissimam,
1226 1448 1311 1543 quia
1329 1456 1510 1523 mactatus
1528 1455 1622 1524 tam-

451 1589 564 1663 quam
599 1576 730 1642 taurus
762 1589 784 1642 a
819 1569 971 1662 Theseo,
1003 1575 1039 1643 et
1070 1589 1136 1664 per
1169 1568 1336 1644 fraudem
1367 1569 1502 1643 sororis
1532 1590 1621 1664 sure,

449 1690 548 1782 quod
573 1696 655 1764 erat
670 1688 736 1762 sibi
754 1687 913 1784 gravius.
928 1727 978 1743 -
991 1693 1024 1761 Ε
1040 1693 1126 1781 quei
1146 1689 1210 1763 Hic
1228 1689 1357 1763 ultimo
1373 1700 1482 1766 autor
1498 1701 1622 1766 osten-

449 1813 500 1887 dit
531 1809 717 1905 quomodo
752 1815 983 1883 recesserunt
1014 1830 1037 1882 a
1063 1809 1189 1883 lurore
1220 1808 1323 1882 istius
1347 1809 1484 1904 bestia,
1503 1820 1540 1886 et
1565 1810 1622 1882 in-

448 1936 642 2006 traverunt
667 1930 764 2002 viam
783 1949 868 2022 quae
888 1928 988 2004 ducit
1003 1928 1176 2002 deorsum
1197 1929 1242 2003 ad
1268 1930 1418 2023 vallem3
1440 1937 1477 2004 et
1502 1930 1621 2025 primo

450 2052 565 2149 tangit
598 2049 827 2145 prudentiam
860 2047 997 2144 Virgilii
1030 2048 1066 2121 in
1103 2049 1281 2144 captando
1312 2049 1620 2144 opportunitatem

449 2171 701 2265 descendendi,
732 2169 879 2244 dicens:
914 2190 933 2242 e
969 2173 1048 2262 quel
1084 2176 1237 2260 accorto,
1276 2169 1411 2247 scilicet
1439 2170 1621 2268 Virgilius,

450 2285 577 2384 gnua:
602 2294 700 2364 com'
728 2293 768 2363 ul
795 2311 915 2383 carco,
944 2288 1037 2366 idest
1059 2289 1109 2363 ad
1135 2290 1272 2364 vadum
1288 2281 1338 2384 (¹),
1356 2291 1443 2384 quia
1467 2285 1504 2365 de
1531 2293 1623 2367 buon

450 2415 511 2486 cle
534 2420 569 2487 lu
594 2415 620 2485 a·
642 2415 713 2485 coll
736 2417 867 2483 mentre
889 2412 1101 2503 clr'inlltrio,
1127 2410 1218 2484 idest
1242 2410 1387 2485 interim
1406 2411 1495 2485 dum
1523 2413 1621 2507 lurit,

452 2531 538 2626 quia
564 2542 651 2608 tunc
671 2540 727 2606 est
743 2528 988 2604 recedendum
1006 2529 1053 2602 ab
1070 2530 1218 2604 homine
1234 2530 1385 2625 crudeli,
1403 2532 1551 2627 quando
1567 2543 1623 2609 est

451 2651 488 2724 in
515 2651 620 2744 iuria,
646 2655 845 2743 antcouam
860 2640 897 2740 (³)
924 2649 1086 2724 eliundat
1113 2650 1278 2725 lurorem
1304 2651 1341 2723 in
1358 2651 1458 2725 alios.
1477 2653 1521 2726 ut
1537 2652 1623 2726 dicit

451 2771 721 2848 continuative:
747 2762 818 2843 coel
839 2773 1030 2862 prendcmo
1055 2773 1113 2843 ola
1137 2766 1197 2862 girl
1215 2793 1285 2864 per
1309 2775 1344 2845 lo
1368 2794 1505 2865 ocarco,
1531 2773 1622 2848 idest

451 2912 517 2987 per
542 2890 757 2964 descensum
784 2890 886 2963 illum
913 2897 1155 2964 exoneratum
1181 2891 1400 2985 alapidibus
1417 2913 1501 2986 quae
1526 2892 1622 2967 coci-

451 3012 582 3087 derant
605 3010 753 3104 quando
778 3009 870 3084 iacta
897 3020 952 3085 est
977 3009 1025 3083 ibi
1051 3008 1110 3082 illa
1135 3009 1193 3084 via
1220 3010 1366 3085 ruinosa
1374 3035 1384 3105 3
1403 3013 1501 3087 unde
1516 3013 1621 3087 dicit:

400 3158 403 3165 ·
450 3137 489 3208 di
504 3135 611 3224 quelle
627 3133 750 3223 puae,
768 3132 828 3202 cle
851 3151 968 3222 rpesso
993 3134 1172 3202 moueanci
1194 3137 1282 3203 sollo
1303 3133 1318 3202 i
1341 3133 1420 3205 mici
1438 3134 1535 3224 pt'cda'
1553 3154 1622 3224 per

451 3257 486 3327 lo
501 3272 617 3326 mcoro
633 3271 740 3323 carco
745 3277 760 3343 ,-
778 3252 848 3324 lroc
864 3249 949 3326 dicit
965 3259 1114 3345 propter
1130 3271 1224 3324 onus
1240 3251 1401 3346 corporis
1421 3251 1619 3348 insuetum,

451 3372 537 3465 quia
562 3372 697 3446 Dantes
722 3375 803 3443 erat
827 3368 876 3442 ibi
902 3370 1008 3444 vivus
1033 3390 1118 3443 cum
1144 3392 1266 3446 carne.
1285 3374 1408 3449 Potest
1423 3372 1533 3449 etiam
1552 3372 1621 3448 dici

450 3491 656 3587 allegorice,
683 3489 782 3582 quod
807 3498 915 3565 autor
932 3489 1104 3564 movebat
1120 3490 1208 3565 istos
1230 3492 1365 3588 lapides
1381 3491 1622 3588 descriptione

449 3631 527 3705 sua,
553 3610 616 3703 qui
642 3610 744 3704 prius
768 3615 874 3683 erant
899 3609 1061 3703 immoti3
1088 3610 1169 3685 ideo
1194 3611 1288 3687 bcne
1314 3612 1389 3689 ibat
1412 3632 1498 3686 cum
1520 3613 1621 3707 pedi-

448 3733 530 3825 bus,
555 3731 647 3806 idest
671 3729 862 3804 allectione
887 3750 971 3823 sua3
991 3737 1028 3803 et
1046 3750 1134 3805 vere
1159 3731 1254 3807 istud
1272 3739 1352 3806 erat
1369 3752 1506 3807 novum
1525 3753 1619 3808 onus

449 3863 487 3929 et
511 3872 649 3926 novum
676 3850 745 3925 iter
770 3850 869 3944 quod
895 3857 1005 3925 autor
1030 3871 1127 3926 nunc
1152 3851 1315 3927 iaciebat.

523 3976 565 4044 lo
588 3964 649 4062 glo
670 3973 861 4064 nouando.
888 3972 958 4044 ista
988 3982 1043 4047 est
1072 3972 1232 4046 secunda
1258 3993 1343 4068 pars
1367 3974 1559 4069 generalis,
1581 3974 1617 4048 in

451 4112 525 4186 qua
550 4097 660 4166 autor
684 4090 839 4164 ostendit
864 4091 1050 4183 quomodo
1075 4091 1245 4187 Virgilius
1269 4094 1469 4170 removerit
1488 4082 1526 4186 (ἢ
1551 4094 1617 4167 sibi

449 4210 729 4305 dubiumquod
759 4210 948 4285 oriebatur
978 4211 1074 4286 circa
1103 4212 1240 4289 dictum
1271 4214 1405 4288 locum.
1440 4213 1493 4289 ld
1519 4216 1617 4310 quod

449 4332 636 4406 sciendum
663 4330 762 4428 quod
788 4331 922 4407 Dantes
947 4331 984 4404 in
1010 4339 1134 4407 mente
1158 4352 1225 4406 sua
1250 4333 1433 4430 cogitabat
1457 4341 1494 4409 et
1518 4334 1618 4410 dice-

446 4451 533 4526 hat:
559 4451 790 4545 hunencus,
816 4449 933 4544 qualis
960 4451 1017 4527 via
1043 4459 1097 4526 est
1121 4452 1217 4526 ista?
1242 4452 1357 4528 lullae
1382 4454 1441 4530 lric
1471 4475 1617 4551 semper

447 4582 640 4667 postquam
670 4571 738 4645 luit
767 4571 883 4649 lactus
908 4572 1086 4667 inienuus,
1116 4593 1165 4647 au
1194 4583 1249 4649 est
1274 4571 1368 4648 lacta
1393 4574 1618 4649 casualiter?

509 4865 538 4927 (¹)
554 4870 609 4925 llo,
619 4867 794 4918 curmontium
804 4866 950 4932 Virgilii·
960 4867 990 4919 11„
1001 4868 1168 4919 mrmoontm
1181 4867 1290 4934 Virgilii.
1374 4868 1444 4931 (VS.
1461 4867 1493 4918 ad
1510 4868 1614 4921 uallem

508 4940 535 5004 (ἢ
551 4941 581 4993 Ε.
599 4947 737 5009 authuuu
753 4942 868 4997 olicnllat
880 4949 909 4997 ol
922 4944 1047 4997 emolu.
1166 4945 1194 5011 ll)
1209 4944 1237 4998 s.
1252 4945 1455 4999 moverit—13.
1471 4952 1613 4999 removal.
