4154 6546
450 758 521 825 tao
848 765 1055 822 naumurum
1076 767 1229 821 russam

449 915 520 989 tuis
544 914 659 988 ocubs
676 910 993 1004 intellectualibus,
1020 919 1079 985 tro
1103 917 1185 983 tatto
1210 912 1335 983 totto
1358 912 1451 983 ub'to
1476 911 1550 991 tto
1563 905 1624 999 dte

448 1031 747 1124 maeonidem
777 1030 872 1104 inter
903 1037 1027 1105 cetera
1061 1029 1240 1105 mirabiba
1275 1049 1360 1123 qum
1381 1031 1531 1106 ostendi
1559 1030 1623 1119 tibi

448 1156 651 1249 bucusque,
671 1154 796 1247 pescia
820 1153 880 1224 obe
903 1153 964 1224 noi
980 1152 1177 1224 tubummo
1195 1171 1266 1242 per
1286 1151 1328 1229 ,tu
1348 1157 1471 1242 portu,
1488 1149 1625 1245 scilicet

448 1274 607 1368 primam
631 1271 788 1347 lnierni:
806 1274 841 1344 lo
866 1274 922 1344 eui
946 1273 1082 1362 sontior
1107 1290 1132 1344 α
1155 1289 1304 1345 mantio
1324 1266 1363 1343 e'e
1382 1275 1521 1365 acuatu,
1537 1269 1623 1363 quia

448 1393 583 1467 scilicet
607 1391 776 1465 introitus
801 1389 896 1465 illius
921 1396 976 1465 est
1000 1409 1146 1485 semper
1162 1381 1198 1481 (¹)
1214 1393 1417 1489 {patenssut
1433 1389 1624 1495 saepejam

448 1513 576 1607 patuit,
593 1533 690 1584 conae
706 1514 732 1584 't
748 1517 910 1604 presente
929 1513 1000 1600 rio,
1018 1509 1109 1585 idest
1133 1508 1415 1593 sicutiluriolus
1432 1509 1500 1591 iste
1517 1509 1625 1599 Rider

447 1637 560 1729 gelon
581 1641 641 1707 est
671 1629 837 1704 nonnitus
852 1620 912 1722 (²);
938 1635 975 1702 et
1000 1628 1096 1703 bene
1128 1628 1224 1721 dicit,
1246 1628 1334 1722 quia
1365 1649 1396 1737 ε)
1426 1627 1506 1713 vult
1535 1627 1625 1713 dare

447 1751 555 1828 barti
580 1748 823 1846 cognitionem
850 1746 1107 1844 Pblegetoutis,
1133 1753 1276 1850 oportet
1302 1747 1402 1841 quod
1426 1746 1489 1831 det
1512 1747 1624 1837 etiam

447 1869 693 1966 cognitionem
706 1876 917 1942 ceterorum
932 1865 1131 1940 fluviorum
1144 1866 1390 1960 infernalium,
1401 1866 1489 1961 quia
1500 1865 1624 1957 omnia

448 1989 517 2063 ista
542 1987 691 2062 llumina
717 1986 889 2061 oriuntur
913 1985 961 2058 ab
979 2004 1054 2058 uno
1073 1985 1182 2079 sonte,
1197 1989 1238 2058 ut
1254 1985 1376 2059 statim
1394 1984 1625 2077 demonstra-

447 2109 502 2182 bit
515 2098 552 2199 (³)
578 2105 649 2180 sub
675 2105 794 2201 figura
820 2103 987 2177 mirabili.
1005 2103 1050 2177 Et
1070 2103 1226 2178 ostendit
1243 2102 1424 2200 Virgilius,
1439 2102 1625 2197 quomodo

448 2227 526 2322 ipse
543 2227 659 2301 lactus
676 2224 806 2300 avidus
823 2223 984 2297 novitate
1010 2223 1063 2297 rei
1089 2230 1164 2297 tam
1182 2222 1349 2297 notabilis
1362 2211 1400 2316 (⁸)
1417 2223 1544 2319 petivit
1558 2223 1625 2300 de·

445 2346 686 2421 clarationem
712 2366 735 2419 a
760 2343 920 2439 Virgilio,
942 2342 1040 2415 unde
1064 2342 1312 2417 continuative
1326 2333 1363 2434 (⁵)
1390 2342 1495 2419 dicit:
1512 2349 1626 2435 quau

446 2469 585 2559 porob,
603 2465 739 2540 scilicet
763 2462 986 2558 praescripta,
1000 2466 1064 2554 fur
1088 2464 1145 2536 del
1167 2464 1258 2537 duca
1283 2464 1367 2552 aab,
1384 2461 1520 2548 scilicet
1540 2460 1622 2549 Vir.-

449 2585 536 2681 gitti,
563 2585 627 2677 qui
652 2603 714 2657 me
743 2582 914 2677 sospitem
946 2581 1050 2654 duxit
1078 2581 1268 2676 perviam
1293 2587 1370 2657 tam
1395 2591 1623 2678 suspectam,-

447 2699 576 2796 percbe*
586 2705 612 2775 l
625 2722 753 2794 prauos
747 2702 831 2772 cte
849 2719 904 2770 aaa
920 2702 1068 2790 mulsae
1083 2702 1111 2771 tt
1126 2708 1243 2795 pasto,
1257 2700 1348 2775 idest
1363 2701 1516 2788 donaret
1534 2700 1624 2789 mibi

448 2821 652 2897 doctrinam
670 2819 736 2914 rei,
758 2840 841 2913 quae
861 2825 1028 2913 pasceret
1046 2824 1237 2912 tamquam
1261 2819 1364 2895 cibus
1381 2819 1526 2915 sapidus
1538 2819 1625 2911 aui-

450 2961 556 3015 mum
583 2961 709 3013 meum
730 2939 913 3033 jeiunum,
940 2937 1046 3011 cuins
1072 2938 1199 3033 Jeiunii
1236 2939 1312 3034 ipse
1344 2940 1466 3017 luerat
1499 2961 1624 3036 cama,

450 3059 550 3134 unde
575 3058 679 3134 dicit:
705 3060 743 3132 di
767 3060 822 3130 cui
847 3060 986 3131 m'aoea
1011 3060 1194 3149 luroito‘il
1216 3060 1318 3150 deb,
1336 3058 1427 3135 idest
1446 3059 1554 3134 cuius
1571 3059 1625 3149 rei

446 3179 654 3255 donaverat
678 3175 767 3250 mibi
792 3176 994 3271 appetitum
1012 3175 1164 3271 sciendi3
1180 3184 1219 3251 et
1234 3185 1289 3252 est
1305 3180 1521 3275 metaphora
1538 3199 1627 3274 pro-

449 3299 553 3394 pria:
584 3297 707 3370 nullus
732 3295 830 3369 enim
856 3295 960 3368 cibus
986 3303 1328 3392 quantumcumque
1353 3298 1550 3376 artificialis
1570 3299 1626 3379 tu

450 3418 564 3513 pascit
590 3422 757 3491 ventrem
787 3435 874 3490 cum
905 3414 1144 3491 delectatione
1173 3424 1315 3512 gustus,
1341 3419 1436 3494 sicut
1460 3418 1625 3509 doctriua

450 3535 603 3611 fictionis
628 3534 823 3608 artificialis
852 3534 1113 3610 delectabiliter
1128 3523 1167 3626 (θ)
1198 3535 1314 3610 reficit
1337 3538 1626 3615 animum-la

450 3677 573 3730 mezzo
599 3676 691 3728 mur.
724 3654 829 3728 Nunc
859 3661 968 3728 autor
999 3654 1154 3730 ostendit
1184 3656 1282 3749 quod
1312 3657 1483 3754 Virgilius
1514 3659 1625 3754 juxta

449 3775 672 3872 promissum
699 3773 927 3850 demonstrat
951 3773 1017 3846 sibi
1043 3773 1200 3868 figuram
1225 3774 1452 3850 mirabilem:
1471 3775 1626 3863 vultqdi-

443 3914 537 3970 ,cere
564 3892 826 3969 sententialiter
842 3879 891 3984 (⁷),
922 3891 1021 3984 quod
1053 3911 1182 3968 omnes
1218 3893 1275 3967 isti
1299 3894 1400 3969 tluvii
1430 3895 1626 3973 infernales

450 4014 622 4088 oriuntur
652 4011 699 4085 de
728 4010 888 4104 quadam
922 4016 1044 4085 statua
1076 4018 1309 4089 monstruosa
1322 4004 1372 4108 (⁸),
1398 4035 1483 4108 quae
1507 4022 1574 4104 est
1587 4014 1626 4093 iu

450 4133 568 4207 insula
595 4131 724 4206 Creta.
751 4130 875 4204 Primo
901 4151 993 4226 ergo
1010 4131 1180 4207 describit
1197 4133 1354 4211 insulam
1372 4135 1478 4210 istam
1497 4136 1625 4229 a-.situ‚

449 4273 473 4327 a
497 4253 678 4348 languore
704 4250 925 4346 praesentia
951 4252 1041 4326 flore
1064 4253 1228 4347 antiquo.
1247 4253 1302 4329 Ad
1327 4255 1432 4330 cuius
1449 4257 1628 4353 cognitio·

449 4391 536 4447 nem
562 4377 617 4444 est
642 4370 804 4445 breviter
830 4369 1031 4464 sciendum,
1052 4371 1152 4464 quod
1178 4373 1245 4447 ista
1270 4373 1388 4449 insula
1414 4375 1533 4450 Cretae
1557 4375 1628 4465 luit

512 4633 540 4695 (¹)
557 4635 588 4684 E.
605 4649 707 4698 semper
723 4639 836 4698 paratus,
853 4639 883 4684 ut
899 4648 975 4698 sepe.
1122 4634 1149 4697 (²)
1166 4636 1197 4688 ll.
1213 4637 1316 4689 nobilis.

512 4709 539 4770 (⁸)
556 4709 586 4759 Ε.
603 4711 831 4761 demonstrabitur.
1122 4712 1148 4772 (¹)
1165 4713 1195 4762 E.
1212 4714 1315 4765 nobilis.
1327 4718 1424 4777 -llfl,
1435 4713 1574 4779 mirabitis

514 4783 541 4844 (⁸)
558 4787 611 4844 116,
629 4788 788 4839 continuans.
1122 4787 1149 4849 (⁸)
1166 4793 1221 4851 ltu,
1237 4789 1406 4850 delectabilis.

513 4858 540 4919 (¹)
558 4862 610 4919 tto,
627 4861 798 4912 summaliter.
1122 4861 1196 4925 (Ἠ.
1212 4878 1274 4919 tera
1287 4871 1463 4929 monstrum.
1500 4880 1507 4892 ·
