4154 6546
786 791 924 847 caurus
949 791 1105 847 uncinus
1130 792 1315 847 sanamus.
1563 780 1631 848 581

463 938 524 1011 vit.
542 937 633 1011 Dicit
651 957 757 1033 ergo:
784 936 845 1012 ille
869 937 1004 1011 Gerion
1027 941 1059 1010 si
1084 941 1167 1010 toln
1191 941 1329 1029 omnm,
1347 938 1438 1012 idest
1454 937 1636 1032 separavit

311 1144 313 1149 .
461 1076 502 1131 se
525 1078 548 1131 a
573 1057 692 1154 plagia
713 1057 791 1151 ista,
809 1060 936 1131 acone
960 1061 997 1130 la
1021 1062 1193 1131 navicella
1209 1079 1282 1131 esce
1301 1061 1359 1132 del
1376 1061 1451 1130 loco
1469 1061 1634 1131 e'ndclro

460 1181 644 1269 e’ndetro,
670 1178 858 1273 paullatim
885 1200 925 1253 se
948 1179 1124 1274 elongans
1149 1199 1172 1252 a
1198 1179 1278 1253 loco
1309 1178 1471 1253 stationis
1501 1199 1634 1270 suae‚e

459 1301 590 1373 rioolee
614 1303 650 1373 lo
675 1302 766 1373 coda
791 1290 827 1373 ld
851 1303 906 1373 ου’
919 1321 984 1372 eru
1008 1303 1035 1372 tl
1054 1308 1161 1392 pello,
1186 1301 1319 1374 scilicet
1343 1299 1389 1373 ad
1416 1306 1566 1393 terram,
1588 1299 1634 1372 ad

461 1419 649 1514 spondam,
671 1421 735 1511 poi
759 1420 819 1491 cte
844 1427 927 1491 tutto
955 1441 992 1492 se
1021 1414 1107 1492 senti
1136 1441 1160 1492 a
1184 1423 1298 1510 picco,
1324 1419 1416 1496 idest
1440 1425 1632 1514 postquam

459 1540 571 1614 sensit
596 1560 636 1614 se
662 1545 779 1613 totum
807 1541 843 1612 in
867 1560 977 1633 aqua,
1004 1539 1067 1621 ubi
1091 1546 1236 1633 poterat
1268 1547 1407 1633 natare,
1434 1539 1563 1614 ludere
1595 1544 1632 1612 et

458 1658 645 1756 guicciare
658 1650 696 1751 (¹)
722 1660 768 1733 ad
790 1659 940 1733 modum
960 1660 1075 1754 piscis.
1095 1661 1138 1732 Et
1155 1660 1206 1734 sic
1224 1659 1307 1736 vide
1324 1660 1510 1754 quomodo
1530 1678 1632 1734 com-

458 1780 598 1874 paratio
623 1788 678 1856 est
704 1781 862 1875 propria,
880 1781 967 1874 quia
993 1780 1127 1855 Gerion
1155 1781 1264 1856 babet
1289 1787 1538 1875 transportare
1565 1781 1633 1855 bo·

435 1899 574 1974 -miues
611 1900 706 1973 sicut
742 1899 911 1974 navicula
948 1900 995 1975 de
1033 1903 1115 1976 loco
1148 1901 1194 1975 ad
1227 1903 1362 1994 locum,
1389 1908 1426 1976 et
1458 1901 1533 1975 ibat
1556 1900 1630 1975 ‘ista

458 2019 625 2094 navicula
663 2039 748 2095 cum
783 2021 894 2094 remis
927 2027 964 2094 et
996 2022 1078 2095 velo
1112 2021 1190 2094 sine
1224 2020 1501 2118 gubernaculo;
1538 2021 1631 2094 remi

457 2148 562 2215 erant
588 2140 672 2214 duae
697 2141 811 2214 chela
836 2161 858 2214 a
883 2147 988 2234 parte
1007 2141 1194 2234 anteriori,
1216 2150 1253 2216 et
1269 2142 1392 2215 velum
1412 2148 1492 2215 erat
1512 2140 1630 2215 cauda

455 2252 477 2334 a
504 2260 693 2354 posteriori
708 2252 757 2350 (²).
784 2260 886 2334 Unde
911 2259 1013 2334 dicit:
1040 2282 1059 2332 e
1084 2281 1195 2333 messe
1216 2264 1330 2352 quella
1351 2267 1436 2350 esu,
1453 2261 1547 2334 sicut
1565 2281 1629 2334 ve·

457 2379 535 2454 lum
562 2381 722 2456 tenditur
748 2401 908 2474 sursum,
934 2401 1030 2453 come
1054 2383 1226 2470 comula,
1248 2381 1375 2474 supple
1402 2379 1513 2455 tendit
1539 2401 1630 2454 cau-
1732 2426 1735 2431 -

457 2500 542 2575 dam
563 2522 723 2575 sursum.
742 2502 786 2574 Et
811 2508 866 2575 est
891 2501 1028 2596 optima
1048 2501 1258 2592 similitudo,
1275 2501 1362 2594 quia
1381 2501 1542 2597 anguilla
1566 2503 1631 2574 ba-

455 2622 517 2698 bet
542 2642 714 2720 magnam
741 2622 1012 2696 similitudinem
1045 2643 1132 2696 cum
1164 2643 1300 2718 angue,
1326 2630 1364 2697 et
1388 2622 1523 2696 Gerion
1549 2629 1630 2697 erat

455 2743 586 2838 anguis
611 2762 783 2837 corpore:
801 2742 963 2837 anguilla
989 2742 1099 2817 etiam
1123 2751 1261 2836 quanto
1283 2742 1399 2839 magis
1425 2743 1629 2839 stringitur,

455 2862 561 2936 citius
585 2864 743 2939 elabitur
768 2863 813 2936 de
840 2883 973 2955 manu;
1000 2862 1049 2935 ita
1078 2862 1334 2936 fraudulentus
1367 2863 1514 2956 quando
1544 2883 1627 2937 cre-

452 2982 507 3056 dis
541 3003 629 3056 eum
662 2984 801 3057 babere
832 3003 899 3078 pro
932 2982 1062 3076 capite,
1094 2982 1206 3055 babes
1238 3002 1304 3075 pro
1334 2982 1451 3056 cauda
1486 2988 1628 3075 quate

452 3104 593 3199 pungit,
610 3126 631 3177 e
646 3108 803 3178 raccolse
823 3107 928 3176 l'cire
943 3124 968 3175 a
983 3125 1020 3176 ee
1036 3123 1102 3176 con
1120 3106 1151 3175 le
1167 3103 1337 3175 bamb:
1356 3123 1421 3196 per
1439 3105 1508 3179 boc
1526 3110 1627 3177 notat

453 3229 577 3298 actmn
605 3224 772 3317 natantis,
799 3224 885 3317 quia
900 3213 936 3315 (³)
959 3223 1075 3317 jactat
1100 3222 1249 3296 bracbia
1278 3243 1561 3316 superaquam,
1589 3229 1625 3297 et

450 3343 503 3418 sic
528 3344 700 3418 verberat
724 3363 851 3417 aerem
872 3331 919 3435 (⁸).
941 3382 991 3396 —
1012 3345 1180 3432 nappin
1201 3362 1332 3434 paura.
1358 3343 1463 3418 Nunc
1493 3343 1627 3418 Dantes

450 3464 630 3560 descripto
644 3472 746 3538 motu
761 3464 927 3538 Geriouis
943 3462 1114 3538 describit
1125 3462 1240 3537 alium
1259 3463 1429 3537 timorem
1446 3463 1624 3538 maiorem

450 3606 563 3680 quem
589 3587 717 3661 babuit
733 3585 881 3678 quando
898 3584 1007 3678 coepit
1030 3592 1176 3658 natare:
1196 3583 1316 3679 primo
1334 3584 1432 3658 enim
1454 3585 1626 3659 timuerat

450 3706 598 3799 quando
621 3705 795 3798 ascendit,
812 3703 876 3778 sed
895 3724 995 3778 nunc
1018 3703 1158 3778 lortius.
1177 3702 1355 3779 Describit
1370 3710 1495 3779 autem
1515 3707 1627 3782 vebe·

450 3827 625 3900 mentiam
652 3825 756 3898 istius
783 3823 932 3899 secundi
959 3823 1099 3898 timoris
1123 3844 1189 3919 per
1214 3827 1506 3919 comparationes
1531 3827 1625 3900 duas

448 3937 807 4040 pulcerrimas(⁵).dd
821 3945 1066 4040 cognitionem
1079 3946 1208 4041 primae
1222 3956 1277 4022 est
1289 3946 1408 4041 primo
1422 3948 1624 4042 sciendum,

449 4066 547 4159 quod
560 4066 709 4140 Ovidius
722 4066 884 4140 secundo
901 4068 1260 4162 Metbamorpboseos
1272 4068 1443 4144 describit
1461 4069 1621 4144 labulam

448 4185 633 4260 Pbetontis
658 4186 764 4260 valde
789 4185 933 4280 diiiuse,
959 4208 1042 4280 qua
1069 4194 1193 4262 tamen
1218 4208 1284 4282 per
1311 4190 1418 4285 longa
1456 4196 1622 4283 tempora

446 4312 533 4381 ante
558 4306 680 4381 iuerat
705 4307 802 4402 apud
827 4328 978 4405 graecos,
1005 4306 1092 4401 quia
1114 4309 1297 4382 Homerus
1322 4330 1490 4383 summus
1515 4317 1622 4405 poeta

446 4425 561 4522 lpsam
580 4427 741 4522 penitet
759 4428 861 4501 Plato
878 4428 915 4501 in
932 4448 1002 4501 suo
1014 4427 1153 4523 Timeo,
1166 4427 1272 4502 cuius
1291 4435 1418 4504 tamen
1435 4451 1621 4507 summam

446 4553 483 4621 et
499 4548 716 4622 sententiam
738 4547 900 4621 breviter
915 4538 952 4640 (θ)
979 4548 1233 4646 perstringam.
1253 4549 1391 4624 Fabula
1409 4572 1500 4649 crgo
1517 4573 1622 4626 sum·

576 4815 583 4829 ·
715 4818 723 4833 ·
1166 4781 1193 4844 θ)
1210 4783 1240 4832 Ε.
1253 4796 1267 4832 a
1279 4787 1353 4846 parta
1364 4784 1511 4846 posterlori.

507 4853 534 4917 (Ἴ
550 4856 582 4905 Ε·
591 4857 636 4920 (1⁰5
644 4858 733 4920 jtcm·
1168 4858 1194 4918 (⁸)
1212 4860 1242 4910 E.
1253 4873 1340 4910 aerem
1352 4860 1484 4911 wultm—
1495 4861 1619 4924 Mentor.
1707 4880 1711 4887 ·

508 4929 535 4993 l't
550 4932 581 4982 Β.
594 4933 705 4996 pulcras.
715 4934 758 4985 Ad
770 4934 943 4998 mabillonem
953 4947 1018 4999 ergo
1030 4935 1129 4998 prima.
1169 4935 1196 4998 (⁸)
1213 4937 1244 4987 E.
1255 4950 1334 5001 quam
1346 4937 1468 4988 busita

578 5039 597 5082 1.
1448 5044 1485 5089 87·
