4154 6546
450 764 520 831 llll
847 776 1051 832 uonnuruu
1075 777 1226 830 xnrenux

450 926 593 1013 uenum,
618 922 754 997 scilicet
779 942 868 997 vere
893 921 1022 995 nobilis
1042 928 1079 995 et
1099 922 1333 1018 honorabilis,
1350 928 1435 1016 quot
1458 927 1516 998 voi
1530 927 1622 998 sieta

449 1043 492 1115 Et
517 1040 632 1136 tangit
657 1041 827 1134 rationes,
854 1041 940 1135 quia
956 1033 992 1132 (⁴)
1020 1041 1241 1134 compatitur
1265 1042 1330 1136 eis,
1357 1043 1493 1121 scilicet
1518 1037 1625 1119 amo÷

448 1181 528 1235 rem
543 1152 579 1250 (²)
607 1159 733 1254 patriae
758 1165 796 1233 et
817 1159 962 1233 virtutis
982 1180 1130 1252 eorum3
1149 1167 1186 1234 et
1203 1160 1239 1233 in
1258 1162 1328 1236 hoc
1345 1162 1542 1258 respondet
1559 1183 1625 1257 pe·

448 1281 562 1358 titioni
587 1280 774 1374 principali
800 1279 903 1354 lactae
929 1280 1007 1373 sibi,
1026 1279 1161 1354 scilicet
1177 1281 1260 1374 quis
1277 1288 1383 1376 esset,
1402 1283 1626 1358 confirmans

447 1399 535 1475 illud
561 1398 660 1494 quod
687 1400 745 1473 ille
771 1399 913 1473 dixerat
938 1419 1068 1492 supra:
1095 1400 1156 1471 cte
1180 1420 1224 1471 nc
1247 1402 1375 1473 semna·
1399 1423 1493 1475 esser
1520 1405 1627 1476 atron

446 1523 486 1595 di
509 1528 634 1593 nostro
655 1527 757 1606 terro
778 1541 909 1611 provo.
934 1519 1025 1592 Dicit
1052 1539 1166 1614 ergo:
1193 1522 1241 1592 Di
1265 1529 1386 1595 vostro
1406 1529 1505 1596 mro
1520 1545 1624 1615 sono,

447 1641 583 1729 scilicet
611 1641 658 1715 de
687 1640 881 1733 Florentia,
914 1661 933 1711 e
961 1660 1098 1730 compre
1126 1643 1199 1713 moi
1229 1643 1372 1714 ritrom
1402 1651 1435 1716 et
1464 1648 1625 1738 ascoltoi,

447 1759 539 1836 idest
566 1759 714 1835 recitavi
730 1750 767 1850 (³)
793 1766 830 1833 et
855 1757 978 1832 audivi
1003 1779 1090 1832 cum
1113 1757 1317 1853 allectione,
1340 1763 1467 1854 topra
1489 1766 1527 1836 di
1553 1768 1623 1855 voi,

447 1879 539 1954 idest
564 1900 676 1974 opera
694 1885 828 1971 vestra,
845 1880 930 1968 epu·
945 1879 1087 1950 odorati
1103 1881 1208 1951 nomi.
1223 1917 1273 1930 —
1286 1883 1405 1952 Lasso
1424 1881 1489 1956 llic
1513 1889 1623 1958 autor

451 1999 645 2094 respondet
669 1997 716 2072 ad
741 1997 829 2070 illud
855 1995 954 2090 quod
980 1996 1040 2070 ille
1064 1997 1212 2093 spiritus
1237 1998 1327 2074 dixit
1343 2018 1456 2094 supra
1476 2001 1624 2095 quando

449 2118 562 2193 dixit:
589 2120 648 2189 elie
672 2119 742 2189 moi
760 2119 857 2208 piedi
884 2109 961 2188 Cosi
984 2119 1102 2188 cicaro
1131 2137 1199 2209 per
1230 2119 1404 2211 t'Insemo
1426 2123 1552 2213 (rapti.
1579 2122 1623 2194 Et

447 2238 555 2313 dicit:
575 2241 668 2309 lasso
694 2240 728 2309 lo
750 2240 829 2329 sete,
847 2236 938 2310 idest
955 2235 1052 2328 uitia,
1070 2255 1155 2328 quae
1173 2242 1258 2308 sunt
1274 2237 1504 2314 amarissima
1526 2246 1623 2314 tam·

448 2380 564 2454 quam
592 2359 638 2432 iel
664 2358 700 2430 in
727 2357 809 2450 line,
828 2356 912 2430 licet
928 2356 965 2428 in
982 2355 1157 2450 principio
1175 2355 1368 2430 videantur
1384 2356 1622 2454 delectabilia,
1721 2352 1724 2358 ’

450 2487 493 2553 ut
517 2479 624 2574 plene
648 2478 788 2551 dictum
813 2482 869 2550 est
893 2476 1052 2570 capitulo
1077 2476 1103 2568 l,
1121 2497 1140 2547 e
1160 2497 1203 2547 oo
1217 2497 1283 2567 per
1299 2478 1392 2550 dolm'
1401 2482 1513 2571 pomi,
1531 2479 1624 2556 idest

449 2621 517 2696 pro
534 2589 570 2691 (⁴)
599 2599 719 2670 lrnctu
747 2595 900 2689 virtutis,
927 2595 1061 2669 scilicet
1088 2616 1154 2688 pro
1180 2616 1269 2671 vera
1295 2596 1474 2672 felicitate.
1496 2599 1622 2675 Simile

450 2719 546 2812 dicit,
573 2716 780 2812 Purgatorii
798 2716 956 2809 capitulo
973 2715 1081 2807 XXll,
1101 2715 1163 2788 ubi
1179 2716 1279 2791 dicit:
1298 2721 1377 2807 quet
1390 2722 1488 2792 dolce
1499 2741 1620 2813 pomo,

451 2846 489 2914 et
505 2839 614 2913 dicit:
638 2837 811 2928 promessi
835 2856 858 2906 o
885 2856 938 2907 me
948 2856 1018 2927 pcr
1035 2838 1069 2907 to
1087 2839 1332 2927 oerooeduco,
1350 2836 1441 2914 idest
1457 2858 1523 2932 per
1539 2838 1622 2912 Vir-

450 2959 579 3056 gilium
606 2957 669 3052 qui
695 2955 861 3050 promisit
887 2955 974 3027 mihi
1001 2973 1127 3027 veram
1156 2953 1382 3048 felicitatem3
1408 2963 1447 3030 et
1478 2957 1620 3030 subdit:

448 3100 509 3151 mo
529 3081 616 3170 prio
641 3097 772 3149 convert
797 3077 856 3148 cte
881 3077 964 3146 wmi
988 3076 1074 3166 infin
1092 3076 1131 3145 ot
1145 3080 1277 3164 cento,
1296 3074 1382 3167 quia
1398 3066 1434 3166 (ὅ)
1453 3096 1527 3149 non
1545 3076 1622 3149 sul·

448 3199 522 3274 ficit
539 3197 729 3292 incoepisse
750 3196 856 3269 istam
875 3193 1205 3268 considerationem
1224 3193 1412 3288 vitiorum,
1433 3205 1471 3272 et
1488 3196 1623 3290 suppli-

447 3319 590 3394 ciorum
618 3315 861 3408 infernalium,
888 3314 956 3387 nisi
982 3320 1100 3387 totum
1127 3313 1313 3407 videatur3
1340 3336 1424 3389 nam
1452 3336 1525 3389 non
1558 3315 1621 3410 qui

447 3437 637 3531 incoeperit
649 3425 685 3527 (θ)
699 3440 767 3508 etc.
781 3434 932 3528 Oportet
952 3433 1050 3507 enim
1064 3433 1274 3507 tendentem
1292 3433 1340 3508 ad
1358 3434 1620 3509 beatitudinem

447 3557 549 3655 prius
574 3554 795 3631 descendere
820 3553 866 3626 ad
893 3552 1089 3646 internum,
1116 3553 1207 3629 idest
1239 3553 1285 3627 ad
1320 3554 1621 3630 considerandam

447 3676 640 3753 materiam
655 3664 693 3766 (⁷)
719 3680 757 3747 et
781 3693 928 3767 poenam
955 3681 1204 3766 peccatorum,
1230 3673 1361 3748 deiude
1387 3694 1453 3768 per
1469 3663 1505 3766 (⁸)
1533 3695 1623 3772 pun

447 3796 646 3894 gatorium,
670 3793 761 3866 idest
793 3812 860 3886 per
891 3791 1140 3886 poeuitentiam
1172 3792 1331 3866 transire
1361 3792 1409 3865 ad
1443 3799 1620 3868 eternam

447 3917 603 4014 gloriam
625 3913 799 4009 paradisi3
825 3919 862 3986 et
888 3918 1056 3985 notanter
1082 3911 1193 3984 dixit:
1221 3915 1317 4003 wmi,
1334 3911 1420 4012 quia
1438 3913 1475 3987 in
1492 3921 1621 3990 centro

447 4036 578 4111 inferni
609 4033 771 4126 tonabit,
798 4032 883 4124 quia
913 4032 1036 4105 volvet
1069 4041 1178 4126 caput
1211 4032 1275 4105 ubi
1309 4033 1429 4126 primo
1462 4034 1620 4110 habebat

447 4157 568 4254 pedes.
582 4195 632 4208 —
645 4158 689 4227 Se
701 4157 927 4242 lunpomentc.
943 4150 1048 4225 Nunc
1061 4161 1170 4227 antor
1183 4150 1339 4226 ostendit
1351 4152 1509 4245 qualiter
1522 4152 1618 4228 idem

448 4276 604 4352 lacobus
630 4273 712 4347 lecit
737 4272 803 4344 sibi
831 4271 939 4345 aliam
960 4271 1170 4366 petitionem
1189 4272 1401 4367 generalem
1419 4273 1517 4348 circa
1535 4295 1620 4349 mu-

447 4397 620 4472 tationem
649 4413 797 4467 morum
823 4412 900 4464 suae
926 4391 1064 4484 patriae,
1090 4391 1153 4484 qui
1179 4389 1325 4465 adiurat
1349 4398 1521 4466 autorem
1553 4414 1620 4488 per

509 4587 537 4649 ξ’)
554 4587 584 4637 Ε.
599 4600 615 4636 ο
631 4586 656 4635 S.
672 4600 761 4648 quare.

509 4664 536 4726 (¹)
552 4664 577 4714 S.
595 4664 736 4714 auscultari
752 4669 779 4713 et
794 4662 887 4713 audivi.

509 4741 535 4800 (¹)
550 4741 576 4790 S.
593 4742 665 4804 quasi
682 4741 761 4790 dicat:
778 4755 829 4791 non
845 4739 947 4791 suillcit.

509 4815 537 4877 (¹)
554 4819 607 4874 tto,
624 4818 764 4866 miseriam.

510 4891 536 4952 (⁸l
553 4892 584 4940 Ε.
601 4904 647 4954 per
665 4893 855 4954 purgationem,
873 4897 900 4941 ct
916 4891 1092 4953 poenitcntiam
1110 4893 1227 4942 transire.
