4154 6546
451 759 522 824 tae
843 766 1046 822 mmunruu
1070 750 1220 818 manum

450 917 487 986 et
514 910 653 1005 literati,
679 895 761 985 dico
786 913 881 1001 terct,
914 909 1005 983 idest
1036 907 1171 1001 fedati,
1204 907 1389 1002 maculati,
1420 912 1455 982 d’
1467 930 1516 983 cn
1547 931 1621 983 mc-

448 1033 567 1105 deone
586 1037 742 1122 peccato,
768 1029 903 1104 scilicet
929 1035 1056 1103 contra
1083 1034 1268 1121 naturam,
1293 1032 1333 1102 cl
1360 1031 1505 1120 mondo,
1529 1028 1621 1105 idest

449 1151 486 1223 in
511 1149 586 1222 vita
609 1168 752 1223 eorum.
779 1150 834 1221 Ah
860 1169 974 1241 quarn
996 1147 1128 1220 melius
1146 1154 1226 1220 eret
1242 1147 1319 1220 istis
1335 1147 1507 1221 habuisse
1526 1168 1622 1222 uxo·

448 1287 540 1360 rem,
555 1268 629 1341 imo
643 1266 845 1342 secundum
860 1268 981 1361 legem
999 1266 1228 1340 Machometti
1244 1267 1369 1360 plures
1383 1286 1520 1342 uxores
1532 1273 1571 1341 et
1583 1272 1595 1360 t
1606 1271 1622 1359 -)

447 1386 681 1461 concubinas!
715 1386 852 1461 Deinde
876 1384 1094 1461 secundario
1119 1385 1284 1460 nominat
1308 1385 1450 1478 siquos
1476 1386 1513 1460 in
1537 1406 1624 1482 spe-

447 1505 551 1597 ciali3
578 1511 615 1578 et
639 1505 758 1598 primo
783 1505 947 1579 nominat
980 1525 1096 1577 unum
1125 1503 1323 1599 principale
1349 1511 1459 1599 caput
1485 1505 1624 1581 multo-

449 1646 546 1698 rum.
573 1623 626 1697 Ad
651 1623 757 1698 cuius
786 1624 1059 1719 intelligentiam
1093 1630 1149 1699 est
1179 1622 1379 1717 sciendum,
1411 1623 1510 1716 quod
1538 1623 1624 1697 en·-

449 1744 593 1819 scianus
612 1743 769 1836 ,ponitur
800 1744 858 1816 hic
883 1749 1074 1835 tamquam
1106 1743 1273 1836 clericus,
1302 1743 1392 1836 quia
1416 1743 1623 1817 monachus

449 1862 516 1937 luit
541 1869 578 1937 et
602 1862 828 1955 apostatavit,
847 1868 889 1935 ut
904 1862 1114 1956 acquireret
1131 1862 1197 1935 sibi
1217 1863 1397 1937 maiorem
1425 1861 1563 1937 lamam
1581 1867 1622 1938 et

447 1981 616 2077 gloriam,
633 1980 726 2055 sicut
751 1981 797 2055 de
822 1981 946 2053 multis
963 2001 1060 2075 saepe
1077 1980 1244 2054 videmus
1262 1982 1325 2073 qui
1344 1983 1441 2056 male
1459 1982 1623 2075 loquun-

448 2107 512 2174 tur
535 2100 582 2174 de
606 2099 689 2192 tide,
714 2107 756 2172 ut
788 2099 980 2174 videantur
1012 2099 1137 2195 magni
1169 2100 1368 2194 philosophi
1401 2100 1508 2194 quasi
1539 2119 1623 2174 cre-

448 2218 575 2295 dentes
608 2218 695 2291 illud
728 2218 878 2311 Gallieni,
909 2218 973 2312 qui
1004 2219 1104 2312 dull,
1135 2217 1235 2311 quod
1267 2218 1451 2292 christiani
1487 2219 1622 2293 habeut

449 2357 585 2432 paucos
611 2337 708 2412 viros
734 2338 906 2430 valentes,
928 2336 1014 2429 quia
1039 2346 1126 2413 sunt
1152 2336 1314 2431 impliciti
1340 2337 1464 2410 multis
1485 2336 1622 2412 errori·

449 2455 529 2530 bus.
549 2456 700 2533 Ponitur
726 2455 836 2530 etiam
859 2463 1052 2548 tamquam
1070 2476 1229 2550 magnus
1245 2455 1412 2530 literatus
1430 2457 1466 2528 in
1483 2474 1623 2552 genere

451 2575 679 2668 eloquentiae,
694 2575 780 2667 quia
798 2575 865 2651 luit
881 2574 1019 2668 doctor,
1035 2575 1223 2670 regulatur
1235 2582 1274 2650 ct
1288 2582 1474 2650 corrector
1490 2594 1622 2670 gram·

451 2695 605 2787 maticae,
631 2695 687 2767 vir
712 2714 800 2768 vere
825 2694 1158 2787 excellentissimus,
1189 2696 1357 2790 princeps
1381 2695 1418 2767 in
1443 2695 1512 2767 hac
1538 2697 1621 2766 arte

451 2813 645 2908 primitiva,
671 2833 828 2909 magnus
853 2819 990 2906 orator,
1017 2812 1221 2907 historicam,
1246 2821 1284 2888 et
1309 2813 1498 2887 auterista.
1513 2856 1514 2860 κ
1529 2811 1622 2886 llicit

451 2953 541 3029 ergo
567 2934 679 3008 bene:
701 2935 860 3006 Priscian
876 2953 938 3006 sen
954 2954 1012 3023 vo,
1031 2932 1166 3007 seilicet
1184 2932 1369 3007 currendo
1387 2952 1473 3006 cum
1491 2931 1570 3005 aliis
1583 2922 1621 3023 (¹)

451 3052 520 3126 sub
545 3052 611 3125 ista
639 3052 729 3126 tristi
749 3051 872 3153 pluvja
890 3051 1008 3145 ignea,
1030 3072 1096 3124 con
1116 3054 1229 3142 quella
1249 3052 1353 3124 &aba
1369 3050 1623 3142 gram—idest

451 3193 539 3246 cum
552 3170 801 3266 grammaticis
815 3177 852 3244 et
868 3170 1064 3266 pedagogis
1077 3170 1152 3244 suis
1170 3170 1349 3262 tristibus3
1367 3177 1405 3243 et
1423 3172 1551 3264 pulcre
1567 3168 1623 3244 al·

451 3289 542 3364 ludit
566 3289 766 3380 vocabul03
793 3309 878 3361 nam
909 3309 1041 3383 gramo
1067 3288 1104 3362 in
1135 3289 1278 3384 vulgari
1309 3289 1500 3363 lombardo
1525 3289 1621 3363 idem

452 3408 624 3501 estquod
642 3408 763 3501 tristis,
781 3414 818 3482 et
830 3408 899 3482 ista
924 3414 1024 3482 secta
1047 3408 1323 3503 pedagogorum
1339 3415 1398 3482 est
1420 3409 1622 3485 tristissima

451 3528 489 3603 in
515 3526 668 3602 mundo:
686 3532 723 3600 et
743 3525 824 3601 vide
840 3526 940 3620 quod
957 3526 1080 3600 clerici
1099 3525 1271 3601 videntur
1290 3527 1417 3621 polluti
1434 3528 1503 3601 isto
1524 3527 1622 3620 vitio,

451 3647 538 3741 quia
563 3645 809 3720 communiter
835 3653 961 3722 carent
985 3644 1114 3720 labore
1139 3646 1331 3740 corporali,
1350 3652 1389 3720 et
1405 3647 1543 3720 habent
1560 3665 1624 3720 oo-

450 3767 546 3860 pium
588 3765 767 3858 ciborum,
799 3771 836 3838 et
868 3765 1061 3859 penuriam
1094 3765 1307 3838 mulierum.
1341 3765 1488 3839 Literati
1521 3784 1622 3859 vero,

451 3884 538 3978 qnia
571 3884 733 3960 similiter
746 3874 784 3974 (³)
808 3890 895 3957 sunt
921 3883 1039 3976 otiosi,
1064 3890 1102 3957 et
1132 3884 1266 3957 habent
1294 3884 1487 3959 materiam
1514 3862 1623 3978 para·

452 4011 540 4099 tam,
557 4005 691 4079 scilicet
711 4003 852 4097 copiam
877 4022 1092 4098 puerorum.
1114 4003 1158 4076 Et
1181 4003 1344 4077 nominat
1365 4001 1478 4076 alium
1497 3986 1641 4076 virum*

453 4126 634 4201 famosum
648 4113 700 4217 (⁸),
725 4114 922 4218 principale
947 4130 1056 4218 caput
1078 4123 1294 4216 multorum,
1313 4123 1448 4198 scilicet
1472 4121 1623 4196 Franci-

452 4265 557 4320 scum
582 4244 755 4320 decursii.
773 4242 827 4318 dd
844 4244 951 4318 cuius
967 4244 1211 4339 cognitionem
1229 4248 1285 4317 est
1304 4241 1505 4336 sciendum,
1523 4241 1624 4336 qnod

452 4364 647 4443 lucensius
663 4362 988 4439 excellentissimus
1005 4365 1130 4459 legum
1148 4364 1275 4437 doctor
1296 4363 1364 4437 luit
1385 4362 1532 4437 natione
1556 4363 1624 4436 llo

452 4486 640 4577 rentinus3
666 4482 730 4557 sed
755 4483 926 4557 Bononiae
951 4482 1036 4557 lecit
1058 4502 1212 4574 morum,
1230 4481 1279 4554 ibi
1299 4482 1387 4577 legit
1409 4485 1446 4555 et
1470 4480 1622 4576 scripsit

452 4603 645 4678 Concurrit
670 4608 796 4676 autern
822 4620 909 4675 cum
940 4600 1122 4676 Odoiredo
1152 4599 1199 4675 de
1227 4599 1414 4674 odonedts
1443 4598 1625 4675 nobilibus

516 4779 542 4839 (¹)
559 4780 584 4827 S.
601 4781 663 4843 qnln
680 4780 843 4830 concubina«.
970 4777 998 4840 (¹)
1016 4783 1070 4838 lle,
1087 4791 1148 4827 cum
1164 4777 1217 4826 istis
1233 4776 1281 4826 sub
1298 4777 1345 4826 ista
1363 4775 1459 4838 triplici
1476 4775 1571 4838 pluria.

516 4854 543 4915 ρ)
561 4859 614 4915 llo,
633 4857 813 4910 communitor.
971 4855 997 4917 (⁸)
1014 4855 1040 4905 S.
1056 4855 1185 4905 fumosum
1202 4854 1344 4917 precipue,
1361 4851 1504 4916 plmtpnle
1519 4855 1606 4915 emt.
