4154 6546
681 794 820 850 usurus
848 795 1002 850 nsuuus
1028 792 1169 850 rnrnus.
1425 779 1493 847 369

325 943 489 1031 negando
505 966 524 1013 e
540 942 778 1016 blasternando
804 946 918 1036 quella
924 969 939 1036 ‚·
960 949 997 1017 ει
1017 942 1182 1015 similiter
1200 940 1237 1012 in
1259 940 1381 1032 rebus,
1397 960 1497 1031 spre-

320 1064 458 1151 niando
482 1069 613 1135 natura
638 1086 656 1135 e
681 1085 747 1137 saa
770 1064 920 1153 bonna,
941 1061 1032 1136 idest
1056 1067 1174 1135 artem
1193 1080 1277 1153 quae
1294 1058 1495 1153 procedita

323 1181 484 1256 bonitate
509 1191 661 1258 naturae.
688 1185 732 1257 Et
757 1183 938 1278 specificat
964 1182 1129 1276 quisunt
1146 1180 1203 1253 isti
1220 1180 1356 1253 dicens:
1375 1201 1393 1252 e
1403 1171 1495 1272 perci

323 1306 357 1375 ln
390 1307 506 1376 minor
534 1307 653 1396 airon,
685 1305 776 1380 idest
802 1304 929 1378 tertius
955 1303 1115 1377 circulus
1147 1292 1403 1393 violentorum,
1431 1300 1494 1392 qui

322 1430 378 1496 εει
403 1423 523 1498 minor
547 1446 594 1498 ex
620 1424 747 1519 trihus,
773 1426 906 1514 suyella
930 1426 1099 1512 Sodoma,
1124 1422 1215 1495 idest
1240 1420 1449 1514 sodomitas,
1475 1443 1494 1490 e

325 1548 474 1636 Ouarsa,
505 1544 595 1620 idest
627 1545 825 1620 usurarios.
860 1544 1077 1640 Caturgium
1109 1543 1206 1617 enim
1233 1548 1287 1616 εει
1302 1533 1339 1632 (’)
1367 1540 1492 1615 civitas

323 1664 360 1736 in
376 1664 503 1758 Gallia,
521 1665 558 1739 in
575 1687 650 1760 qua
675 1666 780 1760 quasi
805 1685 934 1738 omnes
951 1669 1036 1737 sunt
1053 1662 1274 1737 imnerautas
1290 1653 1339 1754 (²),
1358 1667 1399 1733 ut
1414 1661 1493 1756 ple-

320 1784 403 1858 nius
433 1785 577 1860 dicatur
608 1785 713 1880 inira,
737 1807 756 1858 e
780 1787 834 1858 cti
862 1787 994 1881 savena
1017 1787 1074 1856 cal
1096 1804 1159 1855 cor
1182 1784 1382 1874 spreznado
1408 1783 1491 1868 Dio,

321 1903 455 1979 scilicet
479 1905 770 2000 blasphemantes
786 1895 823 1997 (³)
849 1904 967 1982 Deum
993 1924 1148 1979 accenso
1172 1900 1294 1995 corde,
1321 1909 1358 1977 et
1382 1899 1490 1974 dicit:

319 2025 377 2095 col
397 2044 505 2113 senno
529 2044 607 2116 sua,
633 2024 724 2098 idest
740 2044 827 2097 cum
849 2023 1005 2098 llammis
1030 2022 1156 2119 igneis,
1173 2042 1257 2115 quae
1275 2020 1410 2096 cadunt
1426 2041 1490 2094 su-

319 2164 385 2239 per
410 2165 538 2219 omnes
562 2144 765 2239 praedict0s‚
791 2151 828 2218 ει
852 2144 1005 2218 inurunt
1029 2151 1067 2218 ει
1091 2143 1307 2238 imprimunt
1324 2141 1426 2237 signa
1452 2141 1488 2214 in

318 2286 393 2358 aas,
410 2266 460 2340 ita
478 2264 576 2359 qnod
593 2271 808 2339 remaneant
827 2264 1012 2339 cicatricis
1038 2263 1257 2356 indelebiles,
1285 2269 1326 2334 ut
1350 2260 1486 2356 patebit

319 2383 422 2479 inira,
448 2392 486 2460 ει
511 2384 562 2458 sic
586 2385 682 2460 bene
705 2385 909 2481 sigillantur
934 2386 993 2460 vel
1018 2385 1207 2480 signantur
1221 2371 1270 2475 (⁴).
1298 2382 1341 2455 Et
1358 2384 1426 2455 hoc
1443 2381 1490 2455 da

322 2503 510 2579 violentia:
529 2505 697 2598 sequitur
712 2505 759 2579 de
775 2504 1144 2610 fraudulentia—La
1156 2505 1271 2597 srode.
1285 2502 1390 2575 Nunc
1408 2501 1490 2573 Vir·

320 2623 428 2719 gilius
451 2624 589 2699 amadit
613 2625 659 2698 ad
685 2625 979 2721 distinguendum
994 2616 1031 2716 (⁵)
1057 2623 1195 2719 species
1215 2622 1488 2715 iraudulentiae3

320 2864 419 2957 quod
444 2864 575 2939 iniuria
599 2886 683 2959 quae
709 2864 749 2938 fit
773 2886 839 2959 per
863 2865 1031 2939 fraudem
1049 2864 1089 2938 fit
1105 2863 1325 2961 generaliter
1341 2862 1486 2937 duobus

319 2983 445 3057 modis.
471 2985 533 3058 list
557 2985 656 3060 enim
674 3006 749 3058 una
769 2985 870 3058 fraus
895 2984 1086 3081 generalis,
1108 3003 1193 3078 quae
1213 2984 1350 3077 rumpit
1368 3003 1485 3055 unum

317 3104 505 3179 vinculum
530 3105 703 3201 generale
727 3110 882 3199 natura,
901 3105 1011 3199 quale
1035 3111 1091 3180 εει
1115 3103 1215 3198 quod
1236 3103 1484 3177 omnishomo

316 3224 416 3296 muni
434 3225 571 3299 homini
589 3225 803 3300 naturaliter
821 3231 876 3301 εει
888 3226 1044 3319 amicus3
1060 3225 1157 3300 unde
1170 3224 1373 3300 secundum
1391 3225 1486 3298 istud

317 3343 504 3418 vinculum
521 3334 558 3436 (⁷)
584 3351 739 3439 natura,
764 3345 887 3419 nullus
911 3345 1020 3419 debet
1036 3345 1158 3420 lacere
1174 3344 1279 3420 alteri
1297 3344 1395 3439 quod
1413 3365 1487 3419 non

316 3464 394 3538 vult
420 3463 487 3538 sihi
513 3464 603 3559 lieri,
621 3471 658 3540 ει
678 3465 786 3540 debet
812 3465 982 3539 omnibus
1007 3486 1157 3541 servare
1182 3465 1302 3540 iidem.
1329 3466 1406 3540 Alia
1431 3473 1486 3541 εει

316 3585 417 3659 fraus
454 3605 538 3680 quae
575 3585 685 3659 violat
722 3586 821 3659 aliud
859 3586 1016 3682 ligamen
1055 3586 1223 3682 speciale,
1262 3586 1360 3681 quud
1398 3586 1487 3660 fides

252 3719 253 3724 ‘
300 3704 410 3779 ¹addit
427 3725 539 3799 super
563 3705 748 3801 generale,
773 3705 867 3780 sicut
891 3727 979 3780 cum
1005 3706 1086 3800 quis
1111 3707 1256 3781 fraudat
1280 3706 1483 3800 dominum,

315 3831 519 3918 parentam,
544 3824 803 3920 propinquum,
830 3826 1005 3920 amicum,
1030 3826 1189 3919 sneium3
1216 3827 1282 3899 ista
1308 3825 1409 3900 iraus
1426 3845 1486 3900 εε-

314 3944 434 4019 cunda
458 3951 514 4020 εει
543 3945 656 4040 peior,
689 3945 771 4020 ideo
802 3946 1006 4041 proditores
1035 3945 1240 4041 puniuntur
1268 3946 1417 4021 inferius
1447 3947 1485 4020 in

313 4065 443 4159 fund03
470 4065 569 4140 lraus
595 4086 685 4140 vero
709 4067 827 4161 prima
852 4072 906 4140 est
932 4067 1058 4160 levior,
1077 4072 1113 4140 ει
1131 4068 1242 4141 habet
1258 4066 1337 4142 lieri
1354 4067 1483 4142 decem

312 4185 446 4260 modis:
466 4185 547 4261 ideo
564 4184 747 4260 secundus
760 4186 920 4260 circulus
933 4187 1086 4261 civitatis
1104 4187 1141 4261 in
1158 4208 1232 4282 quo
1249 4188 1399 4283 punitur
1417 4188 1484 4261 ista

313 4305 414 4380 lmus
439 4313 494 4381 εει
517 4306 706 4380 distinctus
731 4307 767 4381 in
793 4306 922 4381 decem
939 4313 1073 4402 partas²
1093 4328 1185 4401 quas
1204 4315 1314 4383 autor
1330 4309 1486 4404 appellat

312 4427 468 4523 bulgias,
494 4433 531 4502 ει
556 4426 642 4520 quia
668 4426 822 4521 proditio
848 4425 887 4500 fit
913 4432 1075 4522 quatuor
1099 4428 1227 4522 modis,
1253 4428 1334 4503 ideo
1356 4429 1486 4503 tertius

374 4681 401 4741 (¹)
419 4684 473 4741 lle,
489 4685 529 4732 ast
544 4682 570 4731 ln
584 4681 672 4734 Gallia.
968 4679 995 4742 (’)
1014 4684 1067 4741 llo,
1084 4681 1110 4730 S.
1125 4694 1140 4731 ε
1156 4681 1187 4732 Ε
1199 4682 1376 4734 ioenrntoras.

374 4754 403 4815 (⁸)
417 4755 442 4806 S.
458 4769 473 4806 e
490 4756 520 4806 E.
538 4756 748 4821 blasphemando.
967 4755 995 4816 (·)
1012 4755 1044 4805 Ε.
1059 4760 1086 4806 ει
1102 4757 1244 4821 signantur.
1263 4758 1295 4807 Et
1311 4759 1368 4809 lraen
1382 4759 1422 4808 da.

375 4832 401 4893 (Ἴ
419 4832 449 4883 R.
465 4833 497 4884 ml
513 4833 721 4899 dlnnnguendum
737 4832 953 4894 iraudulentum
969 4837 996 4883 et
1012 4832 1052 4883 ad.

374 4907 401 4970 (⁸)
417 4908 442 4959 S.
459 4915 485 4960 le
501 4915 601 4961 notare.
970 4909 997 4973 (⁷)
1014 4911 1044 4962 Ε.
1061 4911 1204 4972 vinculum,
1220 4911 1310 4964 nullus
1325 4913 1410 4964 dabat.
