4154 6546
593 779 663 846 106
987 787 1190 842 couunruu
1216 788 1368 840 annuam

592 937 650 1005 tor
666 931 762 1024 capit
777 930 836 1005 bic
852 930 1034 1004 civitatem
1055 930 1339 1023 methaphorice,
1352 937 1390 1005 et
1404 931 1591 1028 eleganter
1605 935 1762 1028 appellat
1865 1017 1872 1029 ‚

590 1050 777 1126 lniernum
803 1049 997 1142 civitatem,
1023 1048 1109 1141 quia
1141 1051 1220 1123 baec
1249 1050 1375 1124 civitas
1401 1058 1456 1125 est
1481 1053 1636 1127 contlata
1650 1047 1688 1144 (¹)
1714 1073 1760 1128 ex

590 1169 760 1244 omuibus
789 1168 993 1242 civitatibus
1025 1167 1164 1261 mundi,
1189 1174 1239 1243 et>
1259 1169 1421 1244 continet
1449 1169 1487 1243 in
1516 1190 1558 1246 se
1589 1172 1687 1247 cirea
1715 1171 1762 1248 de
1834 1214 1840 1227 =

588 1287 689 1362 omni
706 1307 843 1383 genere
860 1286 1032 1380 universi,
1049 1287 1112 1380 qui
1129 1307 1257 1361 omnes
1273 1288 1499 1362 constituunt
1515 1289 1612 1364 istud
1628 1310 1763 1386 corpus

587 1407 752 1501 civitatis,
770 1407 806 1480 in
832 1428 906 1500 qua
926 1408 1028 1503 justo
1047 1406 1185 1502 judicio
1202 1406 1268 1482 bei
1287 1407 1492 1503 puniuntur
1516 1409 1563 1485 de
1588 1412 1762 1485 commis-

588 1526 644 1600 sis.
671 1527 773 1601 Unde
804 1527 912 1600 dicit:
934 1548 1002 1618 per
1028 1547 1081 1599 mc
1112 1530 1144 1600 si
1175 1549 1222 1599 va
1251 1549 1295 1601 ne
1326 1531 1348 1600 l
1361 1535 1479 1623 eterno
1510 1532 1645 1622 dolore,
1674 1530 1760 1625 quia

587 1647 754 1721 Infernas
772 1667 845 1720 non
862 1647 973 1720 babet
991 1644 1114 1738 tinem,
1131 1646 1214 1720 licet
1231 1647 1326 1721 bene
1344 1648 1514 1722 babuerit
1530 1649 1760 1744 principium,

588 1773 626 1841 et
655 1766 706 1839 sic
736 1773 790 1840 est
802 1758 839 1856 (²)
875 1773 1037 1839 aeternus
1065 1787 1088 1839 a
1120 1772 1224 1859 parte
1255 1773 1346 1861 post,
1374 1773 1415 1839 ut
1452 1768 1572 1841 statim
1607 1769 1758 1843 dicetur.

588 1888 633 1960 Et
657 1885 760 1959 dicit:
782 1906 849 1977 per
874 1905 927 1957 mc
950 1888 982 1957 a·
1007 1904 1052 1956 aa
1077 1892 1135 1957 tra
1152 1886 1189 1956 ta
1202 1888 1351 1976 poduta
1366 1893 1477 1976 pena,
1494 1887 1630 1961 scilicet
1657 1888 1761 1962 dam·

590 2011 772 2078 natorum.
799 2005 843 2077 Et
867 2003 952 2076 iacit
977 2008 1085 2076 autor
1110 2003 1271 2096 primum
1301 2004 1462 2077 colorem
1497 2006 1760 2102 rbetboricum‚

590 2124 653 2220 qui
678 2125 811 2198 dicitur
836 2122 1012 2218 repetitio.
1043 2125 1224 2196 dirum
1246 2122 1305 2196 bic
1329 2129 1439 2197 autor
1462 2125 1618 2198 ostendit
1643 2146 1760 2220 quare

589 2243 706 2318 lactus
723 2243 832 2317 luerit
848 2243 1025 2317 lniernus.
1044 2241 1098 2314 nd
1115 2242 1221 2315 cuius
1237 2240 1455 2316 evidentiam
1473 2250 1528 2318 art
1544 2246 1759 2341 notandum,

588 2364 688 2459 quod
714 2370 824 2438 autor
850 2361 951 2459 tingit
968 2381 1008 2436 se
1025 2362 1188 2457 reperire
1205 2382 1321 2435 unum
1340 2361 1487 2436 titulum
1505 2364 1582 2439 sive
1599 2365 1758 2439 edictum

588 2482 625 2556 in
639 2483 851 2556 summitate
864 2487 978 2576 portae
999 2479 1142 2574 lnterni,
1157 2501 1231 2573 quo
1248 2478 1324 2574 ipsa
1343 2488 1447 2575 porta
1465 2480 1627 2575 loquitur
1639 2484 1759 2558 omni·

589 2602 658 2674 bus
689 2602 930 2693 intrantibus3
961 2584 1111 2674 etfacit
1142 2601 1317 2694 colorem,
1343 2601 1405 2693 qui
1436 2603 1640 2696 appellatur
1670 2625 1759 2680 con-

590 2721 760 2795 formatio
773 2713 823 2813 (³),
837 2719 900 2813 qui
926 2719 1028 2793 color
1047 2719 1087 2791 tit
1103 2719 1250 2811 quando
1266 2708 1303 2810 (⁴)
1320 2720 1554 2794 attribuimus
1573 2722 1757 2815 loquelam

589 2842 649 2916 vel
674 2841 782 2914 aliam
807 2839 1067 2934 proprietatem
1093 2838 1249 2911 bominis
1282 2839 1335 2913 rei
1367 2839 1586 2935 inanimatae,
1612 2843 1705 2917 sicut
1720 2835 1756 2936 (ἢ

589 2960 648 3035 bic
672 2965 787 3055 portae
811 2957 955 3051 lnlemi,
981 2963 1018 3031 et
1043 2964 1097 3031 est
1122 2957 1367 3051 pulcerrimus
1387 2960 1498 3054 color,
1517 2968 1558 3033 ut
1578 2960 1663 3034 dicit
1679 2961 1760 3035 nri-

589 3080 735 3155 stoteles
760 3079 796 3151 in
821 3098 888 3152 sua
913 3077 1067 3150 Poetria.
1087 3077 1191 3150 Nunc
1215 3076 1262 3150 ad
1287 3076 1447 3151 literam:
1474 3078 1559 3153 dicit
1577 3086 1683 3175 porta
1700 3080 1758 3154 ln-

589 3199 700 3275 ierni:
730 3200 892 3270 Gtasttcta
917 3216 1028 3268 mosae
1042 3198 1071 3268 it
1086 3198 1154 3267 mlo
1171 3198 1243 3268 atto
1261 3200 1404 3289 satore,
1421 3196 1555 3272 scilicet
1576 3200 1693 3273 Deum
1711 3200 1757 3275 ad

589 3317 882 3395 constituendum
908 3338 970 3390 me
995 3323 1144 3410 propter
1160 3322 1309 3410 peccata
1321 3317 1422 3410 J'usto
1438 3317 1633 3411 punienda.
1653 3321 1758 3416 Nam,

589 3448 680 3515 teste
705 3438 920 3534 Augustino,
933 3440 1014 3528 ptus
1028 3438 1158 3508 relucet
1171 3437 1415 3526 ordojustittoe
1436 3439 1473 3509 in
1492 3442 1636 3530 Infernae
1653 3461 1760 3533 paam

587 3563 624 3632 in
650 3562 854 3649 Porodtr03
879 3577 963 3629 roam
988 3559 1102 3627 nullas
1126 3561 1177 3626 est
1198 3557 1234 3625 in
1260 3558 1403 3647 Inserta
1421 3557 1481 3645 pai
1499 3577 1571 3628 noo
1587 3559 1670 3631 benc
1686 3582 1759 3633 me-

588 3679 778 3754 mcrtt.'llt
803 3679 873 3750 boc
898 3673 1076 3768 intelligas
1100 3672 1146 3746 de
1171 3671 1362 3766 condigno,
1388 3693 1461 3746 non
1491 3675 1537 3748 de
1569 3695 1757 3773 congru03

589 3820 674 3874 nam
699 3799 783 3872 licet
808 3794 980 3869 meritum
1008 3799 1175 3865 nostrum
1194 3790 1335 3863 linitum
1356 3811 1428 3864 non
1446 3793 1557 3886 possit
1578 3794 1757 3891 attingere

588 3913 939 4015 proportionabiliter
955 3901 991 4004 (⁶)
1010 3911 1055 3985 ad
1079 3911 1272 4005 premium
1291 3910 1484 4005 inlinitum,
1504 3919 1628 3987 tamen
1645 3916 1757 3989 bomo

588 4045 764 4130 meretur,
791 4036 820 4109 si
845 4033 1016 4128 adimplet
1031 4022 1067 4122 (⁷)
1096 4030 1277 4124 mandata,
1295 4037 1332 4104 et
1348 4030 1494 4106 allectat
1515 4033 1637 4107 lacere
1653 4034 1757 4127 quic·

589 4158 676 4254 quid
701 4163 818 4252 potest
831 4147 867 4248 (⁸)
895 4154 941 4228 ad
966 4154 1086 4248 ipsum
1118 4151 1415 4246 promerendum.
1445 4152 1490 4225 llt
1522 4153 1643 4228 subdit
1674 4156 1756 4250 quis

588 4278 714 4354 iecerit
738 4276 936 4369 lniernum,
953 4280 990 4349 et
1015 4270 1233 4366 dicitquod
1258 4272 1356 4347 Deus
1381 4271 1498 4346 trinus
1522 4280 1560 4347 et
1585 4295 1692 4348 unus.
1711 4275 1756 4349 Et

588 4399 707 4495 primo
732 4397 846 4492 tangit
871 4395 1017 4469 Patrem
1043 4413 1128 4467 cum
1154 4391 1250 4485 dicit,
1270 4395 1307 4464 ta
1332 4393 1451 4466 divim
1465 4399 1644 4486 potestate,
1665 4393 1757 4468 idest

651 4677 677 4738 (¹)
694 4675 724 4724 E.
741 4673 865 4732 contecta,
883 4673 958 4722 aliter
974 4673 1092 4723 contlata.
1167 4672 1195 4735 (¹)
1212 4672 1241 4721 ll.
1258 4679 1297 4722 eat
1313 4672 1338 4721 iu
1355 4678 1482 4722 arternum
1497 4684 1512 4719 a
1528 4675 1601 4733 parte
1618 4675 1683 4733 port.

650 4751 678 4813 (¹)
695 4751 725 4799 ll.
742 4749 912 4799 confirmatio.
1168 4747 1195 4810 (¹)
1213 4752 1267 4807 llo,
1284 4752 1428 4811 uunquam.

651 4828 677 4890 (¹)
694 4827 723 4876 E.
740 4827 805 4876 sicut
822 4826 881 4874 bule
898 4831 987 4887 portu.
1168 4824 1195 4884 (⁸)
1212 4824 1242 4874 ll.
1259 4837 1274 4873 e
1290 4824 1316 4875 S.
1334 4822 1562 4888 propordoualtler
1578 4824 1723 4886 premium.

652 4906 678 4968 (Ἶ
694 4905 724 4954 Ε.
741 4902 898 4964 adimplebit.
1170 4900 1196 4962 ι’)
1214 4904 1268 4960 tlt,
1284 4903 1338 4965 lpse
1354 4905 1446 4965 potest.
