4154 6546
815 778 952 835 cunnus
977 779 1105 839 nonus
1471 767 1540 839 303

374 933 411 1000 et
434 926 647 1021 pallelitotus
672 925 806 1000 timore
830 925 1069 1021 infrigidante
1101 925 1206 999 llodo
1236 924 1283 1002 nd
1315 925 1539 1019 propositum

372 1046 542 1142 Virgilius
566 1044 692 1120 ridens
721 1044 819 1136 quod
849 1045 1037 1141 persuasio
1052 1037 1088 1135 (¹)
1119 1050 1156 1117 et
1187 1044 1392 1119 exhortatio
1426 1064 1539 1136 quum
1577 1054 1579 1058 ⁴

370 1165 508 1240 iecerat
541 1185 615 1239 uon
649 1163 882 1258 revigorabat
915 1164 1081 1255 Dantem,
1112 1164 1302 1256 quianon
1334 1162 1538 1255 deponebat

369 1284 556 1376 timorem,
574 1290 763 1375 tamquam
780 1273 815 1373 (ἢ
842 1282 985 1377 sapiens
1011 1282 1228 1377 temperarit
1247 1303 1288 1359 se
1307 1289 1344 1357 et
1362 1280 1539 1376 mitigavlt

370 1403 463 1477 iram
488 1424 607 1496 suurn,
633 1409 675 1475 ut
709 1403 843 1476 Dentes
876 1403 1075 1496 deponeret
1106 1404 1276 1478 timorem
1305 1423 1429 1477 suum.
1460 1403 1536 1479 lton

369 1530 494 1597 autem
520 1522 675 1598 ostendit
700 1543 766 1616 per
796 1523 1037 1599 mutationem
1069 1508 1212 1617 coloris,
1245 1524 1330 1617 quia
1365 1523 1536 1618 Virgilius

372 1642 496 1716 videns
520 1643 673 1717 Dantem
700 1648 799 1715 stare
823 1642 996 1735 pallidum
1022 1649 1061 1717 et
1091 1663 1165 1716 nou
1191 1650 1336 1716 mutare
1361 1643 1536 1734 colorem,

371 1762 524 1836 retraxit
549 1783 660 1836 suurn
686 1762 863 1835 ruborem
889 1762 935 1835 ad
954 1763 1066 1855 intra,
1094 1770 1135 1836 ut
1150 1754 1186 1854 (³)
1213 1764 1264 1837 sio
1293 1763 1539 1837 dissimularet

373 1882 465 1953 iram
491 1902 608 1956 suam.
635 1881 739 1959 Nunc
767 1880 894 1955 ordina
926 1882 978 1955 sio
1003 1882 1170 1957 literam:
1202 1885 1287 1970 (luel
1312 1887 1422 1972 color,
1448 1881 1538 1955 idest

375 2001 499 2093 pallor,
513 2003 573 2074 oie
589 2021 643 2073 me
648 2003 751 2092 pinse
767 2003 810 2072 de
822 2005 920 2091 suor,
938 2000 1029 2074 idest
1044 1989 1079 2091 (⁴)
1101 2002 1382 2096 repraesentavit,
1403 2007 1440 2073 et
1458 2020 1538 2074 mn·

373 2120 551 2195 niiestarit
570 2119 657 2194 mihi
675 2119 712 2192 in
729 2119 830 2210 lucie,
844 2110 939 2210 oiltd,
958 2120 1046 2194 idest
1063 2121 1302 2214 timiditatem,
1320 2122 1407 2216 quia
1424 2121 1539 2214 pallor

372 2221 584 2333 estsignum
598 2239 899 2334 pusillanimitatis
916 2246 953 2312 et
970 2239 1123 2332 vilitatis,
1139 2245 1328 2333 nongento,
1342 2242 1432 2316 idest
1450 2240 1537 2314 milri

374 2358 519 2452 ridenti,
546 2364 579 2433 el
607 2364 698 2433 duco
723 2362 805 2448 mlo,
831 2358 964 2432 scilicet
989 2359 1191 2455 Virgilium,
1217 2370 1344 2434 toroor
1370 2365 1408 2433 tn
1432 2365 1538 2451 uoltu,

378 2477 467 2553 idest
483 2480 620 2553 reverti
638 2484 858 2570 retrorsum3
885 2484 922 2551 et
946 2478 984 2551 in
1009 2480 1078 2552 hoo
1104 2481 1218 2575 tangit
1235 2502 1384 2554 causam
1411 2482 1468 2553 sui
1492 2480 1538 2553 ti-

374 2598 497 2691 moris,
516 2599 602 2691 quia
624 2598 765 2671 viderat
790 2597 980 2691 Virgilium
1007 2599 1128 2673 redire
1153 2601 1354 2692 turbatum,
1370 2603 1537 2673 restituae

372 2720 509 2806 denuo,
534 2718 624 2791 idest
651 2717 804 2791 retraxit
820 2717 1021 2792 introrsum
1047 2718 1286 2813 inanimum,
1312 2727 1354 2794 et
1373 2722 1537 2797 occulla-

372 2839 433 2928 vit,
459 2840 493 2909 el
514 2857 578 2908 suo
602 2857 707 2925 nouo,
733 2836 823 2910 idest
848 2837 1010 2911 colorem
1036 2838 1195 2912 rubeum
1214 2839 1349 2933 Virgilii
1370 2841 1539 2914 acciden-

371 2956 495 3047 talem,
512 2974 625 3047 quem
647 2956 789 3029 noviter
815 2962 1048 3029 contraxerat
1072 2964 1220 3050 propter
1241 2959 1344 3031 irum.
1368 2960 1539 3054 Virgilius

372 3076 468 3149 enim
488 3095 561 3148 non
582 3081 662 3148 erat
687 3075 903 3149 naturaliter
930 3076 1079 3169 rubeus,
1100 3077 1186 3169 quia
1204 3078 1270 3150 luit
1286 3079 1538 3171 complexione

376 3194 669 3286 melancholicus,
695 3195 788 3268 sicut
813 3200 850 3269 et
874 3194 1008 3268 Dentes
1032 3195 1119 3288 ipse,
1145 3195 1229 3270 lieet
1253 3197 1371 3269 omnis
1388 3198 1538 3292 sangui·

371 3334 463 3389 neus
487 3320 524 3388 el
550 3315 688 3387 rubeus
712 3315 903 3388 contrahat
928 3310 1067 3387 novum
1098 3315 1273 3389 mborem
1306 3316 1452 3408 quando
1481 3317 1538 3389 in-

372 3434 582 3506 llammatur
607 3433 672 3507 ira.
697 3433 803 3521 Quod
827 3440 954 3507 autern
976 3434 1145 3529 Virgilius
1162 3435 1273 3511 inerit
1291 3456 1389 3509 nunc
1411 3437 1536 3531 iratus,

371 3559 469 3645 patet
493 3572 559 3645 per
584 3552 620 3625 id
645 3554 743 3645 quod
772 3553 861 3627 dixit
893 3555 1017 3648 supra,
1047 3561 1082 3627 tu
1108 3557 1272 3646 peretto
1305 3558 1470 3649 nundin,
1498 3565 1537 3632 et

370 3672 454 3746 dicit
478 3672 676 3766 signanter,
688 3667 752 3763 pst
768 3679 868 3763 tosto,
885 3673 1024 3767 supple,
1042 3695 1154 3766 quam
1172 3675 1201 3747 si
1218 3696 1291 3749 non
1308 3676 1454 3750 vidisset
1473 3697 1536 3752 me

371 3790 556 3884 pallidum,
574 3791 679 3882 quasi
698 3791 805 3885 dieat,
822 3798 903 3867 erat
920 3793 968 3866 ita
986 3784 1021 3885 (⁵)
1043 3813 1230 3887 aecensus,
1246 3797 1344 3889 quod
1369 3817 1443 3870 non
1464 3796 1537 3871 dio

372 3910 591 4003 reposuisset
605 3900 641 4000 (ὃ)
656 3910 761 4004 irum,
779 3911 846 3984 nisi
864 3912 1006 3987 iecisset
1022 3915 1139 4009 gratia
1160 3915 1235 3989 mei
1258 3937 1372 4009 quem
1390 3917 1536 3991 videbat

371 4029 420 4103 ila
445 4028 671 4103 timoratum.
685 4068 735 4085 -
751 4035 895 4104 Attente.
926 4031 991 4105 Hie
1023 4040 1133 4106 autor
1159 4035 1273 4129 tangit
1297 4036 1536 4110 attentionem

370 4148 519 4243 Virgilii,
536 4168 603 4242 per
619 4169 734 4241 qnam
748 4151 906 4224 ostendit
918 4151 1017 4244 quod
1033 4154 1247 4245 expeombnt
1259 4175 1477 4231 succursum
1490 4156 1538 4229 de

370 4286 446 4358 quo
471 4265 621 4341 dixerat.
649 4269 694 4343 Et
717 4267 764 4343 ad
789 4268 1057 4363 intelligendam
1071 4259 1107 4361 (⁷)
1134 4270 1239 4346 istam
1267 4272 1537 4366 dispositionem

1288 4432 1535 4441 ——.——·

429 4498 456 4560 (¹)
476 4498 502 4547 S.
519 4499 649 4561 persuasio
672 4513 750 4563 quarn
772 4499 878 4550 iecerat.
896 4526 923 4541 ··
940 4500 972 4551 Ε.
991 4513 1070 4564 quam
1093 4502 1191 4552 secent
1212 4504 1311 4553 auctori
1332 4516 1385 4552 nou
1406 4464 1535 4568 serigent

365 4574 569 4712 enmdlqfflpw
585 4652 727 4712 umquam.
995 4649 1022 4712 (⁸)
1040 4657 1094 4712 llo,
1111 4656 1137 4703 et
1153 4653 1368 4704 oiedisslmnlaril
1378 4654 1443 4704 iram
1453 4669 1534 4707 suam.

427 4724 456 4784 (V
474 4723 500 4774 Β.
516 4725 582 4775 Μ
597 4725 770 4780 rumimunt
785 4726 857 4776 mliii.

425 4800 453 4860 ζ’)
470 4799 500 4849 Β.
515 4804 571 4850 erat
587 4800 673 4851 taliter
689 4814 819 4852 aecensus.
993 4802 1020 4865 (⁸)
1036 4802 1069 4863 S„
1087 4802 1149 4854 ΕΛ
1166 4808 1221 4865 m,
1238 4805 1402 4870 dommi.

426 4874 455 4935 (u
470 4875 503 4925 n
517 4875 714 4941 innuptum
727 4878 866 4943 nepueu
881 4880 989 4944 visuri.
