4154 6546
450 777 522 844 368
840 787 1043 844 couuuruu
1068 789 1223 842 iuream

450 933 536 1026 quia
553 940 608 1007 est
627 931 990 1027 praecellentissime
1017 929 1312 1026 perfectissimus,
1332 930 1390 1004 vel
1404 923 1440 1021 (¹)
1460 928 1540 1002 linis
1557 928 1618 1002 ul-

448 1053 578 1125 timus:
605 1073 695 1148 ergo
725 1058 862 1146 quanto
888 1052 1006 1126 maior
1031 1051 1194 1143 olleusiu,
1222 1056 1323 1124 tauto
1348 1048 1467 1123 maior
1493 1069 1612 1143 poena.

446 1171 538 1245 Dicit
562 1191 652 1266 ergo
677 1170 723 1245 de
747 1171 865 1265 prima
891 1171 1060 1245 violentia
1084 1170 1253 1264 proximi,
1279 1176 1390 1241 morte
1403 1189 1473 1260 per
1491 1172 1615 1263 sorra,

448 1290 538 1365 idest
569 1312 670 1365 mors
701 1290 870 1383 violenta,
896 1295 1049 1384 eserute
1077 1292 1246 1381 doyttose,
1279 1289 1369 1363 idest
1398 1294 1435 1362 et
1461 1287 1616 1361 vulnera

445 1409 625 1503 dolorosa,
649 1431 686 1481 se
711 1411 829 1482 danao
854 1393 912 1483 uel
929 1412 1119 1502 prosumo,
1144 1416 1323 1502 quantum
1343 1409 1389 1483 ad
1406 1427 1615 1503 personam,

446 1533 589 1602 errriue
613 1553 632 1602 e
655 1533 804 1621 incendi,
829 1531 1007 1605 diruendo
1038 1538 1074 1605 et
1105 1530 1329 1604 incendendo
1354 1529 1421 1603 sibi
1447 1528 1613 1622 domum,

446 1651 610 1722 etaltette
636 1653 803 1741 dannose,
829 1650 924 1724 sicut
954 1649 1180 1725 extorsiones
1206 1649 1372 1723 violentae
1398 1653 1435 1722 et
1460 1647 1616 1742 rapinae;

447 1775 573 1864 repete
597 1768 685 1842 illud
698 1761 735 1861 (ἲ)
763 1770 943 1844 verbum:
968 1792 1005 1842 se
1030 1773 1150 1843 durtno
1175 1771 1232 1841 uel
1254 1790 1318 1841 suo
1341 1788 1459 1858 avere,
1484 1772 1522 1841 et
1547 1767 1618 1840 hoc

447 1894 502 1961 eet
534 1888 572 1959 in
604 1888 724 1962 rebus.
751 1889 795 1963 ut
825 1889 1005 1984 specificat
1034 1889 1098 1983 qui
1123 1896 1208 1961 sunt
1233 1888 1288 1961 isti
1314 1886 1462 1961 violenti
1488 1891 1618 1960 contra

445 2006 670 2101 proximum,
695 2008 833 2083 diceus:
860 2012 894 2081 lo
918 2012 1023 2100 qtron
1043 2011 1163 2100 primo
1179 2014 1352 2080 carmem
1368 2009 1442 2079 arur
1457 2006 1617 2095 cme'cide,

446 2127 536 2201 idest
561 2148 689 2202 omnes
714 2129 777 2222 qui
802 2128 971 2203 occidunt
981 2119 1018 2220 (³)
1044 2128 1252 2223 proximum
1281 2126 1469 2217 violenter,
1496 2146 1515 2197 e
1539 2127 1614 2197 cia-

445 2270 531 2322 scun
547 2253 606 2322 cle
624 2253 797 2345 mulsere,
815 2250 906 2326 idest
922 2258 958 2325 et
976 2251 1202 2345 quicumque
1219 2251 1388 2323 vulnerat
1406 2248 1617 2343 proximum

448 2367 590 2459 iniuste,
615 2375 812 2458 quastutor,
838 2369 931 2442 sicut
955 2367 1204 2464 stipendiarios
1230 2374 1267 2441 et
1292 2367 1453 2459 socialeS‚
1471 2365 1533 2460 qui
1553 2387 1619 2439 va-

448 2492 544 2558 stant
568 2487 664 2560 buna
689 2487 845 2580 proximi
872 2488 1060 2580 violenter,
1080 2491 1234 2579 predere,
1260 2485 1353 2559 sicut
1377 2484 1539 2576 sicari0S‚
1550 2505 1619 2576 per

335 2672 338 2677 ,
447 2607 583 2677 dicere
606 2608 749 2696 saliere,
769 2607 973 2680 secundum
999 2607 1244 2682 diversitatem
1272 2605 1399 2678 talium
1427 2603 1619 2678 violentia·

450 2744 547 2817 rum,
573 2731 614 2796 ut
639 2724 775 2818 patebit
804 2725 896 2801 inlra
925 2727 1000 2799 suis
1032 2725 1129 2800 locis.
1142 2765 1192 2778 -
1205 2731 1321 2798 Puole.
1352 2723 1417 2799 Hic
1447 2723 1618 2820 Virgilius

447 2843 608 2919 declarat
632 2844 830 2919 secundam
856 2845 1012 2940 speciem
1040 2845 1231 2939 violentiae,
1258 2865 1342 2939 quae
1367 2843 1407 2917 lit
1433 2849 1560 2917 contra
1577 2862 1617 2918 se

448 2963 580 3058 ipsum,
609 2964 732 3039 dicens
760 2965 860 3040 clare
884 2973 921 3040 ct
944 2965 1126 3041 breviter:
1153 2968 1255 3038 toruo
1274 2971 1380 3056 puote
1404 2984 1508 3037 avere
1533 2981 1617 3035 mun

448 3086 609 3175 violenta,
634 3087 671 3158 in
695 3107 732 3157 se
756 3107 775 3158 e
798 3089 852 3158 ue’
864 3090 941 3159 suoi
964 3087 1054 3177 beni,
1080 3092 1115 3159 et
1132 3074 1168 3177 (⁴)
1194 3086 1230 3159 in
1256 3106 1411 3180 persona
1437 3090 1474 3160 et
1500 3083 1536 3157 in
1558 3103 1617 3157 re·

447 3202 534 3296 bus;
552 3210 590 3278 et
614 3204 794 3298 specificat
811 3205 876 3298 qui
889 3198 926 3297 (⁵)
944 3212 1030 3279 suut
1047 3206 1116 3298 isti,
1133 3204 1255 3279 diceus
1270 3230 1278 3276 :
1296 3208 1491 3298 quaterque
1508 3206 1618 3296 priua

446 3346 484 3396 se
507 3326 566 3396 del
588 3333 706 3398 vostro
731 3328 871 3419 morale,
897 3325 1032 3400 scilicet
1058 3323 1307 3399 interficiendo
1332 3345 1383 3417 se,
1410 3325 1575 3397 bucazza
1600 3344 1619 3396 e

444 3446 551 3537 [ωιάε
582 3447 620 3517 lu
647 3466 713 3517 rua
739 3449 916 3539 scrutate,
946 3445 1151 3539 dissipando
1183 3445 1422 3519 substantiam
1453 3466 1618 3537 suern‚e

441 3565 573 3655 piuaye
597 3553 634 3636 ἰὰ
657 3567 746 3636 dove
769 3567 823 3637 ἀί
835 3587 929 3637 esser
953 3567 1139 3656 elucentia,
1165 3564 1268 3659 quasi
1294 3565 1412 3639 dicat:
1440 3563 1620 3638 tristando

447 3682 505 3757 vel
536 3683 691 3757 dolendo
717 3683 753 3756 iu
785 3684 869 3777 vita,
904 3684 963 3758 ubi
999 3684 1154 3758 debehat
1179 3683 1312 3777 laetari3
1338 3691 1376 3758 et
1401 3704 1497 3779 saepe
1526 3683 1618 3757 tollit

447 3801 513 3875 sibi
539 3821 619 3876 esse
644 3810 681 3876 et
704 3803 799 3878 bene
824 3824 914 3896 esse,
933 3810 1021 3897 puta
1037 3823 1232 3898 persenam
1254 3810 1291 3878 et
1307 3803 1466 3896 divicias,
1484 3824 1621 3878 coavat

447 3924 507 3994 cte
530 3944 567 3995 se
585 3930 708 4015 penta,
733 3922 824 3998 idest
849 3923 1033 4017 puniatur,
1058 3927 1117 3996 nel
1137 3927 1287 3996 secundo
1311 3927 1448 4015 utrorw,
1469 3922 1561 3997 idest
1581 3922 1618 3996 iu

447 4042 609 4115 secundo
639 4042 777 4116 circulo
803 4042 1070 4135 violentorum3
1097 4049 1133 4116 et
1158 4042 1264 4117 dicit:
1290 4063 1399 4116 senza
1419 4064 1505 4134 pro,
1531 4042 1619 4137 quia

447 4160 657 4256 poenitentia
682 4167 737 4235 est
762 4161 865 4236 tarda
883 4162 919 4235 iu
937 4162 1023 4256 istis,
1041 4162 1187 4256 quando
1204 4163 1417 4236 abiecerunt
1434 4163 1532 4237 bona
1549 4183 1618 4236 sua

447 4287 523 4354 tam
549 4281 585 4354 in
611 4280 748 4355 mundo
774 4282 841 4357 isto
868 4303 980 4377 quam
998 4284 1034 4356 in
1051 4283 1132 4357 alio.
1146 4287 1342 4356 -Puosu
1364 4283 1430 4357 Hic
1446 4283 1619 4380 Virgilius

446 4401 608 4475 declarat
633 4401 775 4476 tertiam
803 4402 959 4497 speciem
986 4402 1166 4476 violentiae
1182 4392 1233 4497 (⁶),
1250 4402 1372 4477 dicens
1386 4427 1395 4473 :
1409 4406 1533 4496 puossi
1554 4407 1619 4497 sar

442 4526 551 4616 [erza
575 4523 668 4594 nella
691 4524 828 4615 deitate
854 4523 945 4598 idest
969 4524 1005 4596 in
1032 4523 1162 4618 Deum,
1189 4524 1324 4599 scilicet
1348 4524 1385 4596 iu
1405 4543 1617 4619 personam,

507 4739 534 4799 (¹)
551 4738 582 4787 lt.
597 4741 623 4787 el
640 4737 697 4787 linit
713 4737 829 4788 ultimus.
857 4749 859 4753 ’
923 4738 949 4799 l'l
966 4738 996 4788 E.
1013 4739 1080 4790 istud
1097 4739 1215 4790 verbum.

507 4812 535 4876 (¹)
550 4816 604 4872 1111,
620 4814 779 4864 occiderunt.
921 4814 948 4877 θ)
963 4814 995 4865 B.
1012 4815 1076 4865 ldest
1093 4815 1120 4865 in
1137 4828 1255 4879 persona.

506 4889 534 4953 (⁸)
549 4889 575 4941 S.
590 4891 634 4953 qul
650 4890 710 4941 elul.
922 4891 949 4954 (¹)
967 4895 1021 4949 lle.
1037 4891 1166 4943 riolurtto
1182 4907 1240 4958 qun
1256 4893 1391 4945 utcontra
1408 4893 1616 4954 [turmulam
