3990 6540
821 805 959 861 CANTUS
982 803 1175 858 SECUNDUS·
1515 795 1583 862 103

490 956 593 1042 Quat
616 956 630 1026 i
650 954 788 1044 fioretti.
813 950 952 1037 Quarta
965 942 1000 1040 (¹)
1026 955 1064 1022 et
1088 947 1216 1021 ultima
1237 969 1321 1043 pars
1338 951 1530 1046 generalis,
1547 950 1584 1025 in

410 1095 485 1168 qua
521 1080 629 1148 autor
660 1071 761 1166 ponit
792 1069 963 1144 ellectum
996 1068 1115 1164 longae
1151 1070 1393 1163 persuasionis
1427 1070 1585 1146 factaea

411 1194 572 1290 Virgilio,
598 1192 733 1267 scilicet
757 1190 1006 1265 reversionem
1029 1209 1135 1261 suam
1160 1189 1207 1262 ad
1232 1190 1387 1283 primam
1414 1190 1585 1265 intentio·

411 1336 497 1390 nem
522 1314 670 1405 bonam,
696 1331 763 1405 per
787 1330 900 1383 unam
926 1307 1237 1402 comparationem
1259 1310 1520 1403 pulcerrimam
1546 1317 1585 1386 et

409 1432 697 1528 proprissimam,
722 1450 807 1522 quae
831 1427 993 1502 breviter
1017 1434 1088 1501 stat
1113 1428 1150 1500 in
1175 1429 1262 1502 boc:
1280 1429 1373 1502 sicut
1396 1430 1504 1504 liores
1520 1430 1585 1504 iri-

407 1573 501 1649 gore
534 1557 715 1626 nocturno
748 1550 990 1623 incurvantur
1021 1547 1067 1621 ad
1102 1555 1240 1622 terram
1274 1554 1312 1622 et
1346 1549 1581 1646 clauduntur,

409 1679 535 1769 postea
553 1672 745 1766 eriguntur
763 1676 800 1743 et
816 1668 1033 1762 aperiuntur
1046 1668 1123 1742 sole
1136 1668 1280 1762 diurno,
1295 1674 1461 1764 tempore
1474 1669 1584 1764 reris,

410 1794 460 1866 ita
474 1793 620 1866 animus
632 1790 781 1864 lloridus
796 1779 833 1879 (⁴¹)
846 1788 985 1860 autoris
998 1787 1239 1861 inclinabatur
1255 1788 1301 1861 ad
1319 1794 1457 1863 terram
1476 1797 1583 1865 nocte

410 1914 601 2006 viciorum,
620 1911 757 2006 frigore
770 1900 808 2000 (³)
834 1907 1008 2000 avaritie,
1026 1913 1064 1980 et
1080 1908 1321 1981 claudebatur
1345 1929 1368 1982 a
1393 1928 1461 1982 suo
1485 1909 1584 1983 bono

409 2033 594 2129 proposito
612 2030 722 2105 eundi
738 2029 784 2103 ad
801 2029 988 2121 virtutem,
1006 2027 1069 2101 sed
1087 2028 1209 2101 calore
1225 2028 1310 2101 solis
1330 2027 1473 2122 diurno,
1491 2028 1584 2103 idest

408 2153 527 2249 gratia
552 2152 617 2226 bei
643 2149 881 2240 illuminante,
903 2147 1098 2222 medietate
1112 2136 1149 2238 (⁴)
1173 2148 1409 2241 persuasione
1434 2149 1582 2246 Virgilii,

408 2272 575 2369 erigitur,
593 2276 629 2345 et
654 2269 819 2364 aperitur
844 2267 891 2341 ad
916 2267 1077 2360 primum
1098 2267 1236 2339 bonum
1254 2269 1491 2361 propositum.
1514 2269 1584 2343 0r-

406 2392 491 2466 dina
516 2411 615 2464 nunc
640 2390 784 2463 literam
811 2387 885 2460 sic:
912 2388 963 2458 tol
986 2389 1034 2459 mi
1054 2389 1119 2478 sed
1131 2388 1179 2476 to,
1197 2387 1333 2462 scilicet
1349 2407 1419 2485 ego
1436 2388 1582 2485 Dantes,

407 2513 445 2583 di
467 2513 540 2583 mco
565 2510 701 2581 virtute
725 2515 860 2596 smncc,
877 2505 968 2579 idest
985 2504 1134 2600 fatigata
1158 2512 1233 2579 tam
1251 2505 1344 2580 dura
1361 2506 1459 2582 lucta
1476 2527 1582 2582 men-

408 2629 462 2722 tis,
488 2631 586 2721 puali
607 2630 622 2699 i
643 2628 772 2718 floretti
796 2626 935 2714 minati,
962 2623 1054 2698 idest
1079 2625 1260 2699 incurvati
1286 2647 1415 2701 versus
1440 2633 1581 2702 terram

407 2770 426 2821 e
449 2750 557 2821 obtusi
578 2749 643 2820 dal
664 2749 735 2836 put
756 2751 932 2835 nolano,
958 2743 1050 2818 idest
1075 2765 1097 2818 a
1123 2744 1260 2840 frigore
1281 2746 1407 2840 noctis,
1426 2768 1510 2840 quae
1527 2754 1582 2822 est

408 2867 536 2963 frigida
565 2887 630 2961 per
656 2864 898 2939 remotionem
931 2863 1026 2957 solis,
1055 2864 1088 2935 ci
1120 2866 1273 2937 drizzan
1302 2869 1376 2938 mett
1405 2869 1519 2959 operti
1539 2870 1584 2938 in

409 2989 609 3074 dorostolo,
634 2984 726 3058 iden
750 2984 900 3075 ustum,
921 2987 985 3075 poi
1015 2985 1074 3055 cde
1090 2986 1117 3055 'l
1143 2987 1199 3055 sol
1220 2987 1267 3074 pt
1280 2986 1467 3078 lmbianco,
1495 2986 1582 3079 quia

408 3104 604 3199 aperiendo
630 3123 693 3176 eos
718 3102 873 3176 ostendit
898 3122 1029 3175 eorum
1055 3102 1259 3175 albedinem
1283 3104 1386 3196 prius
1406 3106 1583 3178 clausam.

409 3224 511 3298 Unde
536 3221 678 3295 subdit:
705 3243 724 3293 c
750 3227 846 3294 tanto
872 3222 940 3291 bon
970 3223 1074 3291 ardir
1105 3224 1145 3292 at
1172 3242 1236 3292 cor
1265 3226 1314 3293 mi
1341 3243 1452 3314 corre,
1479 3225 1584 3316 quasi

408 3343 514 3436 dicat,
540 3349 577 3416 et
607 3342 723 3415 iactus
754 3363 838 3414 sum
867 3340 917 3413 ita
947 3340 1129 3413 animatus
1159 3347 1196 3414 et
1226 3340 1320 3415 bene
1349 3343 1521 3418 cordatus
1534 3336 1586 3436 (⁵),

408 3466 458 3536 clr'
471 3467 506 3536 io
533 3464 717 3535 corniculari
740 3483 836 3533 come
854 3481 1012 3552 persona
1025 3462 1170 3551 franca,
1189 3460 1279 3569 idest
1296 3460 1411 3535 libera
1435 3483 1459 3536 a
1485 3470 1586 3538 tanto

408 3584 552 3675 timore,
573 3589 610 3655 et
630 3582 771 3675 incoepi,
789 3582 929 3674 supple,
954 3580 1075 3654 dicere
1096 3581 1182 3652 boc:
1212 3584 1401 3672 opletoso.
1429 3583 1493 3657 llic
1518 3606 1587 3658 au·

407 3708 466 3776 tor
491 3703 574 3776 iacit
601 3702 896 3797 regratiationem
923 3700 1077 3774 Beatrici
1095 3706 1131 3773 et
1152 3700 1299 3796 Virgilio
1319 3701 1365 3775 de
1393 3708 1492 3776 tanto
1518 3706 1584 3779 be-

408 3820 537 3896 neficio
554 3821 619 3894 sibi
637 3822 767 3894 collato
785 3820 982 3895 liberaliter
1004 3826 1041 3893 et
1058 3818 1182 3914 gratis,
1200 3826 1237 3893 et
1253 3821 1446 3894 comendat
1464 3822 1584 3915 primo

407 3961 601 4036 personam
621 3941 837 4032 mittentem,
853 3939 993 4013 dicens:
1012 3960 1034 4011 o
1056 3941 1190 4030 pictore
1208 3942 1313 4030 colci;
1331 3961 1366 4029 o,
1385 3940 1488 4033 idest,
1505 3941 1585 4016 dico

409 4063 508 4136 illam
533 4062 643 4155 piam,
668 4062 728 4132 cte
761 4062 809 4131 ml
838 4080 1009 4148 soccorse,
1036 4059 1171 4131 scilicet
1202 4059 1418 4133 Beatricem.
1446 4061 1585 4136 Deinde

410 4180 643 4254 commendat
668 4199 861 4273 personam
888 4178 1048 4269 missam,
1074 4177 1216 4250 dicens:
1235 4200 1253 4249 e
1270 4185 1300 4248 te
1317 4187 1460 4270 cortese,
1483 4181 1585 4273 idest,

409 4302 447 4371 et
471 4298 551 4371 dieo
578 4304 615 4372 te
639 4298 841 4390 liberalem,
862 4298 912 4368 cd'
925 4298 1063 4368 abutisti
1087 4303 1173 4367 tosto
1198 4295 1332 4370 scilicet
1358 4298 1586 4391 requisitioni

410 4416 592 4509 beatricis,
619 4416 868 4491 succurrendo
895 4414 994 4506 mibi,
1013 4436 1037 4485 α
1053 4417 1084 4484 le
1107 4436 1186 4486 cere
1205 4417 1334 4506 parole
1351 4417 1410 4488 cde
1427 4418 1453 4487 o·
1463 4437 1587 4508 porse,

408 4535 542 4610 scilicet
567 4536 713 4628 quando
738 4535 827 4608 dixit
853 4534 916 4607 tibi
942 4532 1041 4627 quod
1066 4553 1168 4606 eram
1196 4534 1232 4606 in
1257 4534 1420 4626 periculo
1444 4535 1581 4609 mortis.

471 4766 500 4824 (¹)
517 4771 570 4824 llo,
588 4766 638 4814 lsla
655 4771 693 4814 est
710 4770 809 4826 quarta.
1064 4763 1092 4824 (¹)
1109 4764 1138 4812 E.
1156 4764 1259 4813 liorem.

472 4842 500 4900 ι’)
516 4841 541 4890 S.
559 4841 655 4905 frigore
672 4841 735 4891 vitio
751 4842 872 4891 avaritie.
1065 4839 1092 4902 (⁸)
1108 4840 1147 4900 E,
1167 4845 1212 4890 tlt
1228 4853 1243 4889 e
1259 4840 1286 4890 S.
1303 4841 1442 4891 mediante.

471 4917 498 4977 ε’)
515 4922 569 4976 lto,
586 4917 726 4968 cordintus.
