3990 6540
733 756 873 813 caurus
897 758 1041 813 annuus.
1425 742 1473 813 ss

300 900 385 978 dam
409 909 567 996 portam,
591 905 629 975 et
652 898 967 975 intromittendum
986 921 1084 995 suos,
1103 901 1162 975 ille
1179 901 1306 977 luisset
1323 903 1474 976 ultimus

300 1022 377 1098 dies
403 1022 498 1096 bello
517 1012 556 1112 (¹)
582 1025 620 1094 et
643 1018 742 1116 genti
767 1020 944 1114 TroJ‘anae,
971 1021 1034 1094 sed
1065 1019 1168 1094 iuror
1194 1020 1297 1094 duxit
1324 1042 1411 1096 eum
1437 1020 1475 1094 in

302 1141 521 1217 occisionem
550 1140 720 1213 bostium.
742 1138 900 1214 Tandem
925 1140 1048 1213 multis
1065 1140 1178 1235 caesis,
1192 1141 1337 1237 Trojani
1351 1161 1475 1235 coepe-

302 1269 389 1337 runt
407 1251 649 1350 recurrered)
663 1255 708 1332 ad
726 1259 998 1353 persuasionem
1013 1260 1146 1335 Seresti
1164 1268 1201 1335 et
1218 1259 1413 1335 Menesthei
1424 1250 1474 1354 (³),

302 1379 505 1476 principum
531 1376 652 1471 lineae,
673 1377 736 1471 qui
749 1365 787 1469 (⁴)
808 1378 1018 1452 exclamans
1037 1379 1283 1474 expmbrabat
1303 1379 1372 1454 eis:
1400 1398 1476 1473 quo

303 1496 597 1596 arginancem,
624 1515 717 1589 quos
750 1496 840 1570 alios
870 1517 998 1572 muros
1031 1498 1200 1573 habetis?
1231 1497 1333 1572 Unus
1362 1499 1476 1573 homo

302 1618 449 1694 clausus
474 1618 568 1690 inter
592 1614 729 1689 moenia
754 1624 875 1690 vestra
899 1637 947 1691 an
974 1624 1090 1691 tantas
1107 1625 1246 1692 mortes
1262 1625 1473 1691 nostrorum

303 1737 444 1811 dederit
467 1735 629 1829 impune,
653 1740 691 1807 et
715 1739 769 1807 tot
801 1734 847 1808 de
881 1735 1092 1810 melioribus
1122 1737 1261 1811 miserit
1290 1737 1338 1810 ad
1361 1735 1475 1810 inier-

304 1858 424 1930 numi
447 1855 594 1927 Turnus
623 1853 798 1946 paulatim
832 1853 964 1928 cedens
995 1855 1138 1929 saltavit
1167 1856 1204 1929 in
1238 1854 1404 1948 fluvium,
1435 1860 1475 1928 et
1565 1939 1573 1945 ,

303 1993 427 2069 sospes
450 1973 629 2049 remeavit
653 1973 699 2047 ad
725 1993 812 2047 suos
837 1994 921 2048 cum
948 1995 1083 2071 magna
1112 1975 1228 2071 gloria
1258 1974 1352 2068 belli,
1380 1973 1473 2047 sieut

301 2100 427 2190 postea
450 2092 622 2167 Horatius
646 2092 771 2166 Cocles
797 2092 880 2166 iecit
904 2113 970 2187 per
995 2094 1111 2168 multa
1141 2093 1274 2168 saecma
1305 2098 1474 2186 tempora

303 2234 377 2308 quo
402 2215 588 2287 Porsenna
614 2232 679 2286 rex
706 2212 909 2285 Tuscorum
935 2211 1076 2285 obsedit
1103 2213 1245 2286 urbem.
1271 2212 1474 2305 Posthac,

302 2334 396 2408 sicut
420 2332 544 2406 scribit
569 2331 740 2426 Virgilius
761 2330 798 2402 in
819 2331 863 2423 ll,
888 2330 1005 2404 lineas
1018 2323 1069 2424 (⁵),
1088 2350 1174 2404 cum
1199 2331 1323 2405 multis
1340 2339 1377 2406 et
1394 2351 1474 2406 ma·

303 2454 383 2549 gnis
395 2452 537 2526 auxiliis
554 2470 726 2524 reversus
746 2455 811 2543 est,
825 2456 863 2524 et
879 2449 1053 2524 continuo
1066 2452 1212 2524 Turnus
1229 2451 1334 2526 duxit
1355 2450 1474 2527 aciem

303 2576 556 2663 contraeum,
586 2575 733 2664 etpost
766 2576 905 2665 strages
939 2569 1141 2643 multorum
1176 2569 1322 2658 tandem
1356 2570 1474 2644 Pallas

304 2690 399 2764 lilius
432 2690 528 2786 regis
561 2688 729 2782 Evandri,
754 2685 901 2783 juvenis
934 2689 1133 2783 animosus,
1162 2688 1354 2785 increpans
1388 2709 1474 2763 suos

304 2806 495 2904 fugientes,
521 2809 752 2883 obtruncavit
778 2809 912 2882 multos
937 2829 982 2883 ex
1007 2809 1171 2883 hostibus
1190 2809 1370 2905 probitate
1394 2829 1471 2883 sua.

304 2924 407 3000 'lunc
424 2929 569 3000 Turnus
583 2918 634 3020 (⁶),
648 2947 801 3001 suorum
821 2927 952 3002 lunera
971 2947 1137 3022 cernens,
1150 2927 1257 3002 irmit
1278 2928 1315 3001 in
1332 2929 1474 3003 Pallan-

303 3052 392 3139 tem,
418 3047 519 3125 velut
538 3048 596 3120 leo
609 3036 648 3136 (⁷)
664 3046 810 3120 irruens
827 3047 1085 3143 magnanimus
1108 3048 1144 3119 in
1161 3053 1311 3120 taurum
1329 3048 1473 3137 fortem,

303 3171 342 3240 el
367 3164 467 3238 illum
494 3165 803 3238 transverberavit
820 3165 902 3237 lorti
928 3165 1031 3238 hasta
1055 3185 1122 3259 per
1147 3165 1309 3239 medium
1336 3171 1476 3260 peetus,

303 3290 342 3360 et
365 3284 538 3358 continuo
565 3281 687 3377 rapuit
710 3284 760 3355 illi
786 3288 968 3377 prostrato
984 3283 1185 3377 baltheum,
1203 3304 1277 3375 quo
1294 3289 1375 3357 erat
1400 3283 1478 3356 cin-

303 3410 395 3498 ctus,
421 3405 484 3497 qui
508 3408 635 3498 postea
659 3402 727 3476 luit
752 3423 864 3476 causa
881 3404 1008 3476 mortis
1026 3403 1137 3496 ipsius
1154 3402 1279 3497 Turni,
1297 3409 1339 3476 ut
1355 3402 1475 3477 statim

303 3526 456 3599 dicetur.
483 3523 568 3596 Viso
592 3521 777 3597 succincte
801 3523 847 3596 de
863 3523 947 3596 Niso
964 3528 1002 3595 et
1021 3523 1180 3618 Euryalo
1197 3523 1340 3596 duobus
1359 3522 1475 3616 sociis,

304 3651 343 3719 et
366 3643 510 3717 duobus
542 3642 622 3716 aliis
645 3642 830 3736 iratribus,
856 3643 1025 3717 maximis
1049 3643 1175 3717 amicis
1208 3643 1329 3739 Eneae,
1353 3643 1476 3718 dicere

306 3771 419 3841 restat
434 3783 533 3837 nunc
549 3762 596 3837 de
612 3763 736 3835 Turno
753 3769 790 3836 et
806 3762 955 3837 Camilla
966 3751 1004 3854 (θ)
1023 3762 1191 3836 maximis
1208 3761 1360 3836 inimicis
1376 3762 1475 3856 ejus·

305 3887 402 3979 dem,
428 3892 465 3958 et
490 3883 678 3985 primodo
703 3883 862 3957 Camilla.
893 3884 955 3955 Est
986 3902 1076 3978 ergo
1101 3883 1287 3957 sciendum
1314 3883 1475 3958 breviter

307 4005 416 4099 quod,
441 4005 535 4078 sicud
558 4002 681 4077 scribit
707 4003 877 4098 Virgilius
903 4003 939 4075 in
965 4004 1012 4074 lll
1036 4002 1202 4096 EneidoS‚
1219 4003 1382 4077 Metabus
1408 4026 1474 4079 rex

306 4125 352 4199 de
369 4132 479 4221 gente
496 4123 725 4214 Vulscornm,
745 4122 870 4215 pulsus
890 4122 935 4195 de
960 4122 1147 4215 Priverno,
1164 4123 1313 4217 antiqua
1331 4124 1476 4198 civitate

368 4398 394 4456 (¹)
411 4395 440 4446 E.
458 4397 519 4448 belli
535 4403 561 4447 ct
578 4398 660 4461 gcnlls
677 4397 791 4461 trojane.
981 4397 1010 4458 (’)
1027 4396 1053 4446 S.
1071 4398 1188 4447 retroire.

366 4470 463 4531 i'iilo,
480 4484 495 4520 e
511 4470 537 4520 S.
553 4470 663 4522 Serestri
679 4475 704 4521 et
722 4470 855 4521 Menestri.
867 4498 894 4506 -
906 4469 936 4519 Ε.
954 4469 1049 4522 Seresti
1065 4476 1092 4522 at
1109 4472 1245 4523 Mnesthei.

368 4548 394 4607 (¹)
412 4548 441 4597 E.
459 4550 504 4610 qui
519 4548 660 4610 exprobenl
676 4547 714 4597 ele
729 4547 856 4597 diceuleet
873 4559 934 4610 quo.

367 4622 1012 4686 (alstsdeclmoneeloosquodllneascum.

369 4702 394 4760 (⁸)
413 4701 442 4749 ll.
461 4702 566 4750 Turnus
581 4714 642 4750 suos
657 4700 764 4759 occisos,
781 4704 808 4749 el
823 4711 940 4750 norun.

369 4778 394 4838 1¹)
411 4781 465 4836 llo,
481 4775 512 4826 B.
531 4774 589 4826 es.
604 4775 647 4826 leo
663 4776 851 4840 memmium.

368 4852 394 4913 (¹)
413 4857 466 4911 llo,
482 4857 509 4902 et
525 4850 640 4900 Camilla.
657 4851 702 4900 liet
719 4864 782 4915 crgo
798 4850 939 4901 sciendum
