4154 6546
455 752 527 822 too
843 762 1045 817 nonnarum
1070 764 1219 816 rnnnnm

455 906 547 979 ritus
568 907 748 979 laceratus
765 925 787 976 a
805 902 954 976 canibus
974 903 1152 997 petiverat
1170 914 1211 979 ut
1228 903 1458 999 recolligeret
1476 902 1623 978 trondes

453 1026 631 1120 dispersas
644 1023 690 1096 ad
707 1023 892 1116 cespitem,
907 1023 988 1096 ideo
1002 1042 1099 1095 nunc
1112 1028 1221 1095 autor
1234 1023 1390 1096 ostendit
1403 1023 1503 1117 quod
1516 1023 1623 1097 satis-

454 1144 580 1220 fecerit
601 1143 763 1238 petitioni
785 1142 875 1235 eius,
888 1141 1027 1216 dicens:
1046 1162 1116 1238 ego
1137 1148 1244 1235 poeta
1260 1142 1474 1216 florentinus
1490 1147 1626 1221 rumtut'

454 1266 622 1357 lesroade
633 1268 765 1352 spoete,
776 1261 869 1337 idest
881 1261 1059 1354 dispersas
1071 1281 1093 1332 a
1106 1259 1359 1353 canibusque
1374 1260 1623 1354 sequebantur
1643 1345 1653 1360 ,

453 1382 556 1454 illurn
567 1373 602 1473 (⁴)
618 1380 795 1454 iacobum
809 1379 856 1452 de
868 1390 993 1454 sancto
1006 1379 1162 1473 Andron,
1175 1401 1195 1451 c
1210 1383 1362 1453 reodola
1377 1401 1402 1452 o
1415 1383 1518 1471 cotto,
1531 1381 1623 1456 idest

453 1501 502 1573 illi
527 1498 668 1592 spiritui
697 1497 889 1571 llorentino
920 1496 1057 1571 incluso
1071 1488 1121 1591 (²),
1147 1497 1386 1592 incarcerato,
1411 1500 1537 1571 ct’em
1559 1489 1622 1590 yid

449 1623 552 1712 fioco,
570 1619 660 1691 idest
677 1638 813 1690 raucus
828 1607 864 1708 (³)
883 1624 1032 1711 propter
1050 1616 1203 1690 nimium
1222 1619 1436 1712 clamorem,
1453 1617 1513 1692 vel
1534 1617 1621 1711 quia

452 1737 609 1832 amplius
626 1757 699 1809 non
717 1736 958 1829 loquebatur3
977 1741 1014 1808 et
1033 1736 1129 1830 dicit,
1148 1736 1246 1830 quod
1267 1738 1336 1811 hoo
1355 1736 1437 1810 tecit
1454 1756 1500 1809 en
1518 1756 1622 1811 com·

452 1856 618 1951 passione
644 1855 797 1949 publica,
824 1875 896 1928 non
912 1843 949 1946 (⁸)
976 1856 1130 1948 privata,
1157 1855 1253 1929 unde
1278 1855 1385 1930 dicit:
1405 1859 1470 1948 poi
1493 1857 1553 1929 cte
1584 1859 1621 1929 tu

451 1965 565 2048 coci
593 1976 651 2048 aet
678 1977 775 2046 cutio
807 1977 895 2064 loco,
922 1973 1013 2047 idest
1043 1984 1236 2067 postquam
1261 1974 1376 2068 pietas
1406 1975 1546 2069 patriae,
1572 1976 1621 2047 oti

450 2098 590 2185 omaso,
618 2093 710 2169 idest
742 2093 916 2187 compulit
951 2113 1024 2186 me,
1054 2093 1158 2186 quasi
1192 2094 1310 2169 dicat:
1347 2095 1416 2170 hoc
1445 2093 1526 2167 ideo
1552 2093 1622 2173 ieci

451 2235 525 2289 non
540 2205 577 2305 (⁵)
602 2212 688 2306 quia
713 2211 780 2288 iste
807 2219 1041 2304 moereretur,
1059 2212 1144 2305 quia
1171 2212 1238 2285 iste
1263 2211 1495 2307 dignissimus
1518 2211 1622 2287 omni

451 2333 718 2424 dilaceratione,
752 2331 815 2424 qui
831 2321 867 2422 (ὅ)
900 2337 1028 2425 sponte
1060 2331 1263 2406 dissociavit
1292 2331 1455 2407 animam
1483 2352 1507 2406 a
1535 2350 1622 2407 cor·

451 2472 560 2547 pore;
585 2450 649 2525 sed
674 2449 849 2524 naturalis
874 2470 980 2522 amor
996 2449 1123 2542 patriae
1148 2449 1289 2525 induxit
1318 2449 1449 2524 moad
1475 2447 1620 2525 miseri·

451 2569 624 2645 cordiam.
639 2609 688 2622 —
700 2570 790 2639 lodi.
814 2567 878 2640 llic
897 2574 1006 2640 autor
1023 2568 1116 2640 lacta
1134 2567 1404 2641 continuatione
1421 2568 1532 2641 intrat
1551 2587 1619 2643 no·

451 2708 537 2763 vam
562 2686 776 2779 materiam3
802 2695 839 2761 et
875 2684 993 2779 primo
1018 2685 1204 2779 praemittit
1234 2706 1419 2761 recessum
1453 2706 1564 2761 suum
1594 2704 1620 2765 tt

450 2805 609 2881 secundo
635 2804 785 2897 circulo,
810 2811 847 2877 et
872 2824 1060 2878 accessum
1086 2805 1132 2877 ad
1165 2805 1326 2880 tertium.
1352 2804 1408 2881 nd
1430 2805 1537 2879 cuius
1562 2804 1620 2881 iu·

450 2924 684 3020 telligentiam
709 2929 764 2997 est
792 2924 1086 3018 memorandum,
1107 2924 1205 3017 quod
1223 2923 1369 3001 violenti
1386 2934 1515 3003 eontra
1531 2927 1629 3019 pro·'

451 3044 592 3117 nimum
619 3049 705 3116 sunt
743 3042 870 3117 inclusi
902 3052 939 3118 et
969 3042 1086 3136 puniti
1111 3042 1205 3116 intra
1238 3042 1375 3117 fossum
1406 3043 1618 3140 sanguinis5

448 3163 595 3240 violenti
613 3168 740 3238 contra
757 3183 797 3236 se
814 3162 909 3237 intra
922 3183 1073 3256 nemns3
1085 3161 1232 3237 violenti
1246 3182 1336 3238 vero
1354 3172 1481 3240 eontra
1498 3163 1618 3239 Deum

448 3285 485 3359 in
510 3285 578 3357 isto
603 3282 743 3374 sabulo,
765 3282 811 3355 de
839 3303 913 3375 quo
939 3302 1037 3355 nunc
1063 3281 1293 3358 tractandum
1320 3287 1385 3356 est.
1412 3280 1504 3355 uicit
1528 3301 1620 3381 ergo

447 3408 574 3476 autor:
588 3404 663 3473 todi
675 3404 858 3491 uenimmo,
872 3400 961 3474 idest
983 3400 1195 3474 recedentes
1210 3400 1257 3473 ab
1274 3399 1341 3473 isto
1359 3400 1440 3475 loco
1456 3398 1522 3477 ubi
1538 3406 1620 3479 erat

448 3517 701 3594 arborifieatus
726 3517 794 3593 iste
818 3517 964 3611 spiritus
989 3517 1123 3610 infelix,
1149 3521 1187 3590 ol
1206 3520 1290 3610 firm,
1307 3517 1399 3593 idest
1423 3517 1469 3593 ad
1494 3524 1618 3597 extre·

448 3659 553 3715 mum
566 3636 703 3728 circuli,
717 3635 821 3729 quasi
838 3635 944 3728 dicat,
958 3635 1005 3709 ad
1021 3635 1131 3710 finem
1150 3635 1311 3710 nemoris
1325 3635 1619 3733 desperatorum,

448 3758 535 3830 douc
558 3776 596 3827 se
614 3761 719 3846 porte
743 3757 770 3825 u
792 3756 941 3828 secondo
956 3757 1094 3844 otrodo,
1109 3753 1200 3831 idest
1216 3754 1279 3829 ubi
1295 3753 1466 3829 dividitur
1483 3775 1619 3835 secuu-

448 3875 516 3951 dus
542 3874 701 3949 circulus
728 3872 983 3964 violentorum,
1009 3872 1055 3946 de
1081 3894 1155 3967 quo
1181 3893 1279 3948 nunc
1303 3872 1440 3949 dictum
1465 3880 1535 3965 est,
1555 3877 1620 3953 dul

448 3997 570 4084 terzio,
588 3992 722 4069 scilicet
745 3991 886 4087 girone,
904 3990 995 4067 idest
1019 4013 1043 4067 a
1068 3992 1174 4068 tertio
1199 3993 1337 4067 circulo
1358 3993 1616 4086 violentorum,

446 4114 494 4189 de
518 4133 593 4206 quo
618 4111 739 4188 statim
764 4109 887 4184 dicere
913 4110 1076 4205 intendit,
1097 4134 1116 4183 e
1139 4114 1239 4206 done,
1257 4111 1348 4188 idest
1372 4112 1419 4191 de
1443 4133 1518 4213 quo
1544 4111 1619 4193 cir-

446 4233 531 4309 culo
561 4229 721 4306 secundo
751 4228 934 4324 praedicto,
959 4250 996 4301 sc
1021 4232 1104 4305 veae
1135 4233 1260 4306 meod
1289 4239 1366 4309 ara
1397 4234 1435 4307 a·
1457 4233 1619 4327 sutton,

446 4351 532 4445 quia
551 4347 730 4427 horribilis
755 4347 861 4442 culpa
886 4347 1038 4441 punitur
1059 4349 1220 4425 horribili
1237 4370 1348 4447 poeua
1363 4371 1387 4424 a
1397 4350 1546 4449 justicia
1561 4350 1617 4431 di-

445 4470 529 4544 vina
546 4469 583 4542 in
601 4467 708 4543 tertio
726 4466 884 4540 circulo:
904 4466 1014 4558 unde,
1036 4467 1130 4544 sicut
1145 4468 1282 4543 videbis
1298 4469 1336 4542 in
1352 4489 1538 4563 processu,
1558 4468 1615 4546 isti

508 4679 536 4742 (¹)
550 4679 576 4729 S.
592 4680 678 4728 istum.
989 4677 1016 4740 (⁸)
1033 4679 1064 4728 ll.
1079 4679 1179 4733 ineluw
1195 4681 1221 4732 in
1237 4682 1331 4735 arbore
1346 4687 1373 4735 ot
1390 4687 1532 4735 utconlu.

510 4755 536 4819 (¹)
550 4756 580 4806 ll.
595 4762 690 4807 mulus
987 4755 1015 4818 ζ’)
1031 4757 1063 4808 n.
1078 4762 1104 4807 ot
1120 4771 1172 4810 non
1188 4771 1220 4811 ex
1235 4759 1343 4824 privata.

509 4831 537 4895 t'l
551 4831 582 4889 lt
598 4845 652 4885 non
666 4832 727 4897 qut·
742 4837 898 4887 muneratur
914 4833 968 4890 iste,
984 4832 1154 4896 dignissimus
1335 4836 1361 4897 (¹)
1376 4836 1403 4887 s.
1419 4836 1478 4901 qnia
1493 4840 1594 4899 upoutu
