4154 6546
447 782 517 849 ⁴02
842 792 1045 848 conandum
1071 790 1223 847 tunnam

446 958 543 1009 nnus
556 928 593 1028 (¹)
618 937 726 1011 datus
752 944 807 1010 est
832 936 883 1010 cis
908 937 946 1009 iu
963 943 1136 1010 scortam.
1157 937 1201 1009 Et
1217 936 1336 1029 primo
1353 932 1509 1010 ostendit
1525 952 1622 1030 quo

447 1057 556 1130 modo
581 1063 830 1150 pervenerunt
854 1055 900 1128 ad
933 1076 996 1130 eos
1026 1056 1075 1129 ila
1105 1054 1357 1129 descendendo
1390 1075 1457 1149 per
1489 1055 1619 1150 ripam,

332 1192 334 1197 ·
447 1183 484 1249 et
509 1175 694 1269 quomodo
720 1175 853 1248 Chiron
885 1175 1131 1270 principaliter
1162 1175 1393 1270 apparaverit
1424 1195 1464 1249 se
1494 1175 1540 1249 ad
1565 1176 1621 1250 lo-

448 1297 656 1390 quendum,
683 1296 781 1369 unde
802 1295 907 1369 dicit:
925 1298 985 1368 noi
1009 1300 1041 1369 ci
1066 1317 1329 1388 oppressommo
1354 1317 1379 1368 a
1403 1299 1513 1386 puelle
1535 1298 1624 1387 fiere

448 1419 565 1506 srwlle,
591 1415 682 1489 idest
706 1416 753 1488 ad
778 1422 972 1489 centauros
997 1417 1138 1490 leroces
1164 1416 1222 1489 vel
1235 1407 1273 1506 (²)
1299 1416 1454 1509 veloces,
1472 1422 1515 1488 ιιι
1534 1415 1623 1489 satis

448 1536 585 1610 dictum
612 1542 678 1630 est,
703 1557 722 1607 e
750 1539 878 1608 ebron
897 1558 1001 1628 prese
1024 1558 1094 1608 ano
1118 1539 1239 1627 abele,
1265 1536 1356 1610 idest
1384 1535 1518 1610 missile
1542 1536 1621 1610 sive

451 1655 631 1751 sagittam,
656 1678 675 1727 e
700 1661 773 1750 lece
802 1660 839 1729 la
869 1656 982 1728 barba
1006 1659 1154 1730 indielro
1186 1679 1212 1728 o
1239 1659 1271 1728 le
1299 1659 1457 1729 marcelle
1489 1677 1554 1729 con
1585 1660 1624 1730 lu

450 1798 567 1867 cocco,
592 1777 682 1851 idest
707 1798 793 1850 curn
819 1776 987 1871 scissura,
1014 1798 1100 1851 cum
1133 1779 1262 1869 taeba;
1300 1797 1405 1849 cocco
1429 1777 1526 1851 enim
1559 1797 1625 1872 ap-

451 1897 609 1992 pellatur
625 1897 817 1970 Florentiae
835 1895 915 1969 linis
931 1897 1082 1993 sagittae.
1101 1898 1177 1970 lloc
1197 1896 1299 1992 lingit
1315 1903 1424 1970 autor
1442 1904 1484 1970 ιιι
1500 1903 1626 1972 osten·

451 2017 524 2110 dat,
544 2016 642 2111 quod
658 2007 694 2108 (³)
722 2016 789 2091 iste
815 2017 947 2090 babeat
972 2038 1144 2113 magnam
1177 2018 1318 2112 sylvam
1343 2016 1500 2111 pilorum
1527 2018 1625 2092 eirca

453 2159 506 2230 os,
532 2157 616 2229 qum
640 2135 866 2230 dependebat
890 2137 957 2210 sibi
983 2157 1102 2230 usque
1127 2136 1173 2209 ad
1198 2148 1336 2231 pectus,
1361 2138 1455 2211 sicut
1479 2143 1627 2231 portant

454 2256 699 2332 communiter
718 2256 773 2329 isti
788 2256 999 2349 militantem
1014 2256 1095 2330 ideo
1109 2265 1150 2332 ut
1163 2263 1284 2349 posset
1301 2257 1504 2351 expeditius
1517 2245 1553 2349 (⁸)
1574 2257 1627 2331 lo-

457 2377 531 2469 qui,
544 2376 680 2450 deterit
692 2376 757 2449 sibi
775 2397 817 2450 os
833 2397 855 2449 a
873 2377 987 2449 barba
999 2376 1121 2450 densa.
1141 2375 1211 2449 Sed
1229 2396 1347 2469 quare
1360 2376 1444 2452 lecit
1455 2377 1526 2450 boc
1537 2397 1625 2451 cum

457 2498 611 2592 sagitta?
637 2516 754 2590 quare
779 2497 898 2590 potius
921 2517 1006 2569 cnm
1025 2496 1107 2589 line,
1125 2517 1238 2589 quam
1256 2517 1344 2570 cum
1361 2501 1519 2590 puncta?
1536 2497 1626 2571 Dico

458 2617 556 2710 quod
581 2616 626 2688 ad
642 2608 679 2707 (⁵)
706 2617 775 2688 boc
798 2623 908 2689 autor
934 2615 1047 2710 tangit
1072 2622 1196 2688 actum
1222 2615 1402 2711 sapientiS,
1423 2616 1487 2708 qui
1507 2616 1627 2690 consi-

457 2737 562 2809 derat
587 2735 695 2808 linem
722 2741 920 2829 antequam
953 2737 1146 2829 loquatur3
1172 2735 1253 2809 ideo
1279 2735 1415 2809 anolvit
1445 2736 1627 2832 sagittam,

459 2854 550 2929 idest
567 2875 775 2928 sermonem
794 2855 839 2928 ad
857 2876 898 2928 os
915 2864 1114 2948 antequam
1132 2842 1272 2928 emittat
1281 2844 1329 2946 (⁶).
1349 2855 1511 2928 Verbum
1529 2856 1628 2930 enim

460 2983 516 3050 est
542 2982 642 3050 recte
666 2976 808 3071 sagitta,
834 2976 921 3070 quia
945 2977 1043 3049 volat
1069 2982 1105 3049 et
1131 2982 1309 3070 penetrat,
1333 2996 1401 3050 nec
1427 2984 1544 3072 potest
1570 2999 1633 3054 re·

459 3096 595 3189 vocari,
621 3101 658 3169 et
683 3115 778 3189 saepe
803 3095 1002 3169 revertitur
1019 3095 1055 3167 in
1077 3103 1186 3189 caput
1204 3095 1420 3191 sagittantis,
1439 3096 1521 3170 ideo
1538 3097 1634 3174 bene

460 3217 603 3311 sapiens
629 3215 723 3290 sicut
749 3216 892 3308 Chiron,
912 3216 1074 3308 loquitur
1095 3215 1356 3310 praemedilate,
1372 3236 1444 3289 non
1460 3206 1496 3308 (⁷)
1517 3216 1636 3311 impe-

462 3344 578 3430 mose,
604 3336 698 3410 sicut
724 3337 858 3410 lecerat
883 3337 1027 3409 Nessus.
1052 3337 1096 3407 Et
1121 3356 1208 3409 ecce
1233 3356 1442 3411 sermonem
1469 3337 1634 3410 Chironis

461 3455 507 3528 ad
532 3455 668 3548 soci0s3
694 3455 779 3529 dicit
803 3461 935 3528 antor:
967 3462 1004 3529 et
1033 3455 1093 3528 ille
1123 3455 1279 3529 Chiron:
1306 3459 1396 3528 desse
1421 3459 1459 3528 αι’
1488 3478 1633 3549 compu-

463 3580 538 3668 pm‘,
565 3576 698 3649 scilicet
723 3577 846 3668 Nesso,
872 3577 930 3649 vel
946 3566 982 3667 (⁸)
1010 3577 1109 3669 Folo,
1135 3578 1215 3648 stete
1240 3579 1297 3649 voi
1320 3580 1452 3649 accorti
1473 3580 1533 3649 cte
1558 3580 1639 3668 qtae!

462 3700 615 3789 diretro;
641 3696 698 3769 bic
723 3702 803 3769 erat
826 3697 969 3787 Dentes,
988 3695 1074 3789 quia
1091 3695 1262 3789 Virgilius
1279 3696 1517 3790 praecedebat,
1536 3717 1636 3770 mone

463 3809 517 3888 o'd
542 3819 602 3888 cte
627 3823 736 3906 mccc,
761 3816 854 3888 sicut
880 3814 1014 3908 lapides
1039 3835 1124 3888 cum
1149 3814 1311 3908 pedibus,
1330 3822 1371 3886 ιιι
1399 3815 1473 3888 iam
1494 3816 1631 3890 dictum

465 3945 519 4011 est
545 3958 673 4032 supra,
699 3928 771 4009 cosi
800 3957 873 4008 non
905 3938 1041 4025 soplion
1068 3938 1150 4027 sore
1182 3937 1196 4006 i
1219 3930 1282 4026 pie*
1308 3938 1362 4008 dcl
1379 3940 1497 4027 morti,
1527 3937 1632 4029 quasi

465 4056 578 4130 dieat:
605 4056 854 4130 videturesse
886 4055 1002 4148 vivus,
1029 4055 1132 4147 quasi
1148 4047 1184 4147 (⁹)
1211 4054 1307 4128 dicat
1331 4056 1462 4129 tacite:
1490 4055 1636 4130 videtur

466 4180 576 4252 bomo
603 4177 788 4269 mirabilis,
807 4176 888 4250 ideo
903 4167 955 4267 (¹⁰)
974 4175 1132 4249 debebas
1149 4176 1396 4250 honorabilius
1421 4177 1533 4270 loqui,
1559 4196 1633 4250 uon

529 4430 557 4493 (·)
575 4431 604 4479 Ε.
622 4444 688 4479 nnus
704 4444 736 4479 ex
752 4431 789 4478 eis
805 4431 878 4480 dulus
894 4435 932 4479 est
949 4431 1008 4492 ipsis
1025 4431 1050 4480 in
1067 4437 1188 4481 scortum.

530 4508 556 4568 (’)
574 4506 603 4554 E.
620 4512 646 4555 et
663 4507 772 4557 reluces.
1079 4506 1106 4568 (“)
1123 4508 1153 4557 E.
1170 4508 1281 4571 qualiter
1296 4509 1343 4558 iste
1359 4509 1467 4559 babebat
1484 4523 1613 4574 magnam.

530 4583 558 4644 (¹)
574 4581 599 4631 S.
616 4583 799 4645 expedientius.
1080 4585 1107 4646 (¹)
1124 4585 1154 4634 ιι
1172 4599 1217 4647 per
1234 4585 1292 4636 boc.

530 4658 557 4720 (·)
574 4658 600 4708 S.
617 4660 717 4709 emittat
734 4661 851 4711 verbum.
869 4662 984 4712 Verbum
1001 4662 1069 4710 eninr
1086 4668 1125 4711 est
1141 4663 1208 4711 sicut
1223 4663 1322 4724 sagitta.

531 4735 557 4795 (’)
574 4735 603 4783 ιι.
620 4740 646 4784 et
663 4749 714 4785 non
731 4737 882 4799 impetuose.
1080 4735 1502 4798 (¹lS.etF01lo-llcll³olo.

531 4809 558 4868 (’)
575 4809 605 4858 ιι
623 4823 653 4858 ιο
669 4811 689 4858 si
706 4811 812 4861 diceret.

522 4885 561 4947 (⁸⁰)
577 4885 607 4934 ιι.
622 4890 649 4935 el
663 4886 721 4936 ideo
737 4892 775 4946 ιιι,
792 4888 878 4946 Nesse,
895 4888 1004 4939 nubebus
1019 4889 1195 4939 honorabilius
1210 4889 1289 4952 loqui,
1307 4896 1333 4939 el
1351 4905 1402 4941 uon
1421 4891 1466 4942 itu.
