3990 6540
716 796 854 849 caurus
879 795 1042 847 rannus.
1395 787 1464 854 113

294 941 540 1036 peccaverint,
567 940 665 1032 quia,
692 939 853 1031 quinon
880 943 935 1010 est
965 956 1124 1030 mecum,
1155 945 1283 1014 contra
1314 962 1375 1016 me
1400 950 1465 1016 est.
1512 898 1566 981 V

295 1060 398 1134 Unde
423 1059 544 1133 subdit
569 1078 632 1131 eos
657 1059 780 1152 pulsos
803 1058 840 1128 in
857 1056 967 1128 istum
994 1076 1119 1129 aerem
1145 1059 1384 1154 caliginosum
1410 1062 1466 1133 in-

295 1178 479 1271 feriorem,
505 1177 651 1251 dicens:
677 1180 691 1248 i
714 1179 788 1248 cicli
805 1178 981 1265 cocciorli,
999 1175 1100 1268 idest,
1119 1178 1217 1268 quod
1234 1181 1315 1252 coeli
1338 1183 1468 1255 nolue-

296 1305 384 1371 mnt
409 1317 472 1371 eos
499 1297 668 1390 retinere,
693 1296 743 1369 ita
769 1296 868 1388 quod
893 1295 930 1367 in
956 1295 1056 1366 nullo
1083 1297 1177 1368 coelo
1195 1307 1462 1373 remanserunt.

295 1417 339 1488 Et
364 1434 450 1488 ecce
477 1434 615 1506 quare:
637 1435 705 1505 pcr
722 1434 794 1486 non
809 1434 903 1484 esser
919 1433 997 1484 men
1013 1413 1102 1504 betti,
1119 1413 1210 1487 idest
1235 1436 1282 1490 ne
1298 1418 1467 1493 obfusca-

296 1526 463 1625 retur(¹),
490 1533 526 1605 in
551 1533 675 1625 aliquo
701 1532 908 1626 pulcritudo
933 1533 1124 1625 celorum;
1151 1553 1237 1606 cum
1263 1535 1361 1608 enim
1384 1537 1466 1610 coeli

296 1651 367 1724 sint
379 1671 534 1745 corpora
554 1651 760 1745 perlectae
779 1649 946 1745 perlectis
964 1651 1166 1723 motoribus
1183 1652 1315 1726 debent
1327 1655 1466 1750 guber-

297 1769 387 1842 nari.
415 1763 469 1842 Ne*
491 1772 525 1840 to
544 1771 725 1862 profonda
740 1772 878 1862 inferno
902 1771 927 1839 li
946 1771 1070 1858 riceoc,
1090 1769 1193 1863 idest,
1212 1792 1279 1845 uec
1296 1779 1465 1846 centrum

296 1888 464 1961 intimum
493 1886 625 1960 Inferni
664 1885 790 1979 recipit
824 1906 898 1978 θος,
931 1886 1006 1959 imo
1042 1909 1242 1961 summum.
1273 1892 1317 1963 Et
1351 1890 1467 1964 reddit

296 2025 458 2099 causam,
484 2009 544 2077 cite
559 2009 686 2079 alcum
702 2009 819 2096 plotio
836 2009 849 2078 t
865 2008 918 2077 rei
933 2008 1098 2079 oneooer
1118 2011 1152 2080 d'
1166 2013 1233 2099 etti,
1250 2010 1354 2103 idest,
1380 2011 1465 2102 quia

297 2125 382 2198 mali
406 2126 526 2221 angeli
543 2126 721 2198 haberent
738 2125 934 2217 aliqualem
952 2116 988 2214 (²)
1008 2127 1314 2202 contentationem
1338 2148 1384 2202 ex
1402 2129 1465 2221 eis,

296 2250 335 2317 et
358 2263 489 2317 eorum
516 2244 635 2316 turba.
663 2244 724 2316 Est
748 2249 874 2316 autem
904 2243 962 2315 laic
995 2244 1193 2316 notandum
1226 2247 1324 2338 quod
1355 2246 1467 2338 aliqui

296 2362 467 2436 ridentur
500 2363 558 2435 hic
586 2362 755 2435 dubitare
786 2361 832 2434 de
863 2380 908 2434 eo
943 2361 1043 2452 quod
1076 2369 1185 2437 autor
1215 2364 1300 2437 dicit
1330 2365 1389 2438 lric
1421 2365 1467 2438 de

296 2481 433 2577 angelis
459 2480 597 2572 mediis,
624 2480 710 2572 quia
738 2499 809 2551 non
835 2478 979 2552 videtur
1011 2480 1064 2552 eis
1098 2481 1192 2555 bene
1223 2502 1377 2575 sonare3
1403 2482 1465 2556 sed

297 2606 400 2674 certe
416 2599 621 2690 benedicit,
640 2598 725 2690 quia
744 2597 946 2670 secundum
965 2598 1176 2692 Magistrum
1195 2599 1465 2673 Sententiarum

296 2718 410 2810 aliqui
435 2717 555 2812 angeli
581 2716 666 2788 mali
693 2715 820 2809 deiecti
847 2716 993 2788 suntin
1018 2722 1187 2789 centrum
1207 2724 1327 2812 terrae,
1353 2719 1464 2813 aliqui

297 2842 555 2908 remanserunt
580 2834 616 2905 in
642 2834 710 2908 isto
730 2854 818 2908 aere
835 2834 1030 2930 caliginoso
1052 2834 1225 2928 interiori,
1244 2837 1307 2929 qni
1325 2844 1465 2910 tentant

297 2952 485 3044 homines3
511 2953 586 3025 imo
611 2952 721 3025 etiam
747 2953 831 3026 dicit
856 2954 954 3045 quod
979 2953 1090 3045 aliqui
1117 2960 1201 3024 sunt
1217 2953 1379 3047 deputati
1405 2976 1465 3029 so-

297 3071 486 3143 lummodo
510 3071 560 3158 ad
583 3070 795 3143 tentandum
821 3071 959 3145 denno
976 3071 1079 3143 vicio.
1098 3071 1182 3144 ldeo
1204 3073 1335 3145 merito
1356 3079 1464 3147 autor

296 3192 358 3266 dat
370 3183 408 3282 (³)
428 3192 503 3264 istis
520 3191 682 3265 tristibus
700 3190 916 3286 condignam
935 3189 1157 3282 societatem,
1175 3191 1305 3283 primo,
1324 3191 1464 3264 ratione

297 3310 547 3403 multitudinis,
568 3310 654 3404 quia
672 3309 766 3382 sicut
782 3309 829 3381 illi
849 3315 934 3380 sunt
951 3308 1234 3382 innumerabiles
1252 3309 1463 3383 innumero

297 3430 513 3525 angelorum
550 3431 750 3522 lapsorum,
782 3428 830 3501 ita
867 3428 923 3500 isti
956 3433 1041 3499 sunt
1075 3427 1202 3500 infiniti
1234 3427 1272 3500 in
1308 3448 1466 3503 numero

295 3548 487 3622 hominum
512 3548 783 3621 damnatorum.
803 3546 982 3639 Secundo,
1001 3545 1142 3620 ratione
1160 3547 1242 3640 loci,
1260 3547 1346 3639 quia
1363 3547 1411 3620 illi
1429 3547 1464 3620 in

294 3686 382 3740 aere
399 3667 593 3740 tenebroso
606 3655 656 3760 (⁸),
674 3674 711 3740 et
727 3667 794 3739 isti.
814 3664 947 3758 Tertio,
965 3664 1106 3739 ratione
1123 3665 1279 3758 vilitatis,
1297 3687 1409 3759 quam
1426 3657 1462 3757 (⁵)

296 3787 511 3881 participant
535 3787 591 3858 isti
617 3793 654 3860 et
678 3787 738 3859 illi.
764 3787 915 3878 Quarto,
932 3785 1073 3859 ratione
1092 3785 1290 3878 discursus,
1311 3786 1398 3878 quia
1415 3783 1464 3857 illi

296 3925 442 4000 semper
471 3906 681 3979 discurrunt
712 3905 895 3997 tentando,
930 3905 985 3976 isti
1010 3894 1048 3994 (⁶)
1078 3924 1224 3998 semper
1254 3904 1465 3977 discurrunt

297 4023 545 4098 mendicando.
567 4029 612 4096 Et
625 4027 670 4095 to.
697 4024 761 4096 llic
782 4030 893 4097 autor
913 4023 1040 4118 petita
1058 4022 1206 4118 Virgilio
1226 4021 1273 4096 de
1290 4022 1465 4115 qualitate

296 4148 334 4216 et
357 4144 537 4238 gravitate
562 4162 665 4235 pente
691 4142 858 4235 istomm‚
883 4141 1028 4216 dicens:
1054 4149 1088 4212 ct
1109 4144 1158 4230 io,
1183 4143 1311 4235 supple
1335 4142 1465 4215 dinizo

297 4269 459 4355 mommo,
477 4262 622 4354 scilicet,
643 4261 779 4356 virgili,
796 4265 847 4333 clt'
861 4255 882 4333 ἐ
896 4269 991 4334 tanto
1015 4281 1160 4351 praeeo
1186 4264 1255 4351 tor,
1273 4260 1364 4334 idest
1381 4280 1465 4353 quar

296 4398 406 4473 poena
431 4384 507 4451 tam
532 4380 655 4475 gravis
679 4379 789 4454 allicit
814 4399 889 4472 eos,
915 4382 974 4451 cle
998 4382 1172 4451 lamentor
1196 4381 1223 4450 ti
1243 4382 1285 4471 so
1310 4371 1465 4471 adferte,

357 4581 386 4645 (¹)
400 4582 426 4633 S.
441 4583 633 4633 obscuraretur.
643 4585 709 4634 -lt
726 4598 759 4634 nc
775 4585 978 4634 obscurarentur
995 4585 1020 4632 in
1037 4583 1123 4646 aliquo
1139 4583 1335 4646 pulcritudines.

350 4658 386 4726 Δί’)
400 4658 426 4709 ⁸·
442 4659 598 4721 ⁸¹¹¹lfflm·-
607 4660 638 4710 Β.
654 4659 808 4725 aliqualiter.

357 4733 384 4795 (¹)
399 4733 425 4782 S.
442 4733 508 4783 bane
524 4734 576 4784 dat.
972 4735 999 4796 (¹)
1016 4734 1045 4783 li.
1063 4734 1208 4793 tenebroso,
1225 4732 1292 4783 aicnt
1309 4736 1336 4782 et
1352 4732 1402 4783 lati.

357 4809 384 4871 (¹)
401 4811 431 4859 E.
448 4810 558 4869 vilitatis,
575 4824 625 4874 qua
642 4813 803 4876 participant.

355 4883 384 4946 (⁸)
398 4885 430 4936 B.
445 4890 472 4935 et
488 4885 529 4935 lati
545 4899 647 4950 acmpm
663 4888 807 4938 radicando.
818 4887 883 4939 -Β,
899 4889 940 4939 iatl
956 4900 1058 4951 semper
1075 4886 1254 4938 mendicando.

426 4991 445 5035 1.
1315 4994 1329 5034 8
