4154 6546
778 777 917 833 CANTUS
942 776 1099 831 neamus
1123 777 1284 831 TERTIUS.
1550 765 1619 830 457

446 924 535 1003 aliis
553 923 645 998 Dicit
667 944 756 1019 ergo
772 947 780 995 ε
799 928 836 996 ta
856 926 928 996 mia
944 931 1075 1013 scorta,
1093 918 1228 997 scilicet
1245 922 1427 1018 Virgilius,
1445 921 1509 1015 qui
1526 921 1621 996 bene

446 1065 509 1120 me
527 1044 711 1118 scortabat
727 1064 794 1138 per
816 1044 923 1117 istam
944 1044 1085 1139 sylvam
1105 1049 1180 1117 tam
1199 1042 1426 1138 sylvestrem,
1448 1046 1497 1116 mi
1515 1063 1621 1134 prese

446 1167 528 1238 ator
546 1185 616 1256 per
633 1183 753 1251 mono,
776 1169 816 1234 ut
832 1168 1024 1257 praestaret
1041 1162 1129 1235 mibi
1147 1162 1395 1255 securitatem,
1413 1163 1499 1256 quia
1516 1181 1620 1235 eram
1734 1218 1737 1222 a

446 1284 530 1359 satis
557 1282 727 1375 territus;
749 1302 835 1356 nam
861 1281 1028 1356 videram
1054 1280 1258 1376 turpiorem
1285 1280 1413 1354 iudum
1431 1280 1491 1354 bic
1506 1301 1620 1374 quarn

446 1403 565 1498 primo
591 1403 628 1475 in
653 1402 788 1476 arbore
813 1402 912 1476 Petri
937 1402 984 1477 de
1000 1402 1140 1495 Vincis3
1167 1402 1254 1495 quia
1280 1401 1443 1476 videram
1469 1401 1622 1476 crudele

447 1522 658 1597 distracium
693 1521 853 1595 duorum
889 1521 1010 1615 simui,
1042 1521 1177 1596 scilicet
1206 1521 1353 1616 spiritus
1377 1521 1473 1595 iliius
1498 1522 1620 1597 Jacobi

448 1643 512 1737 qui
543 1642 759 1716 iasciaverat
788 1662 828 1716 se
854 1643 891 1717 in
915 1642 1063 1736 arbore,
1089 1649 1126 1716 et
1150 1642 1245 1715 iilius
1270 1643 1417 1736 spiritus
1441 1642 1623 1738 desperati

448 1761 681 1855 arborificati,
700 1761 764 1854 qui
785 1767 864 1835 erat
882 1761 978 1835 intra
998 1762 1183 1854 arborem,
1201 1783 1220 1832 e
1236 1764 1422 1834 menommi
1441 1764 1481 1833 at
1502 1782 1624 1853 cespa-

448 1885 520 1974 pto
544 1883 605 1955 cte
624 1885 781 1974 pianpea
804 1884 949 1973 innano,
976 1881 1066 1956 idest
1092 1881 1278 1974 inutiliter,
1305 1881 1393 1973 quia
1410 1900 1455 1954 ex
1475 1881 1621 1974 planctu

450 2022 523 2078 non
554 2001 770 2076 resartiebat
801 2001 934 2075 damna
972 2021 1051 2094 sua,
1071 2022 1140 2093 per
1165 2004 1196 2074 te
1219 2008 1367 2093 rupture
1390 2003 1621 2091 sonpcinenti.

449 2123 494 2199 Et
518 2122 569 2195 sic
594 2121 677 2196 vide
702 2122 799 2214 quod
825 2120 888 2194 ubi
913 2122 1046 2195 Petrus
1062 2121 1109 2195 de
1126 2120 1247 2194 Vineis
1263 2120 1451 2194 emittebat
1472 2119 1622 2215 sangui-

449 2261 534 2316 nem
562 2247 600 2314 ct
624 2241 810 2334 planctum
844 2259 912 2333 per
943 2260 1057 2312 unam
1088 2260 1240 2334 parvam
1267 2234 1465 2335 rupturam
1489 2240 1621 2312 iactam

449 2360 578 2435 leuiter
594 2354 630 2451 (¹)
657 2378 772 2432 manu
798 2358 953 2432 bominis
979 2359 1144 2453 modesti,
1170 2360 1237 2433 iste
1262 2360 1428 2454 plorabat
1453 2380 1518 2453 per
1540 2360 1623 2452 plu-

449 2481 509 2556 res
547 2485 720 2574 rupturas
757 2479 977 2576 sanguineas
1014 2499 1167 2574 magnas
1205 2481 1317 2554 iactas
1349 2480 1527 2555 violenter
1557 2500 1623 2573 per

450 2598 559 2676 canes
584 2599 751 2691 rabidas3
789 2607 826 2673 et
863 2619 951 2674 ecce
981 2601 1183 2692 quaereiam
1218 2621 1330 2692 quam
1357 2599 1511 2676 iaciebat
1536 2620 1623 2673 cum

451 2722 609 2817 planctu,
636 2720 722 2813 quia
748 2720 807 2792 iiie
840 2720 997 2814 spiritus,
1022 2722 1148 2794 doceo:
1172 2741 1195 2791 o
1220 2719 1352 2792 Jacobo
1377 2722 1426 2792 da
1450 2723 1624 2794 sannan-

451 2845 552 2932 dea,
577 2843 637 2912 cte
661 2835 735 2913 t'e‘e
758 2843 899 2930 pioooto
914 2843 997 2932 sare
1012 2843 1168 2913 scdmmo
1184 2844 1223 2914 di
1238 2862 1292 2912 me
1301 2867 1316 2933 ;
1334 2840 1426 2917 idest
1451 2840 1620 2935 clypeum

450 2965 486 3035 et
511 2960 770 3053 reparacuium
797 2964 924 3033 eontra
950 2978 1070 3052 canes,
1095 2958 1349 3033 abscondendo
1376 2965 1412 3033 te
1433 2960 1471 3032 in
1487 2961 1623 3054 cespite

450 3098 551 3171 meo;
561 3078 665 3171 quasi
678 3078 789 3152 dicat:
805 3077 892 3151 nibii
906 3078 968 3151 tibi
981 3069 1188 3171 proiuisti(²)
1204 3085 1241 3152 et
1253 3098 1431 3173 magnum
1445 3077 1622 3151 damnum

450 3198 564 3273 iecisti
589 3198 689 3291 mibi,
716 3205 753 3272 et
779 3197 902 3273 nescio
929 3217 1069 3292 quare:
1095 3201 1154 3270 cte
1177 3200 1279 3289 colpe
1303 3199 1348 3269 to
1373 3200 1408 3269 to
1435 3201 1477 3271 de
1502 3202 1539 3271 to
1563 3206 1624 3271 tua

450 3320 521 3392 otto
550 3324 646 3391 reo?
678 3317 782 3410 quasi
815 3317 933 3391 dicat:
965 3317 995 3390 si
1027 3316 1188 3391 abiecisti
1219 3322 1338 3409 tunm,
1365 3336 1482 3409 quare
1507 3317 1624 3392 debeo

450 3438 523 3533 pati
548 3457 696 3531 poenam
721 3458 789 3532 pro
814 3442 880 3513 tet
904 3439 984 3513 Non
1009 3437 1143 3510 sufficit
1163 3437 1252 3510 mibi
1277 3457 1385 3531 poena
1411 3442 1522 3511 meat
1548 3439 1625 3535 Ego

450 3558 547 3632 enim
573 3556 688 3631 abieci
714 3562 842 3650 sponte
866 3577 958 3650 esse,
984 3562 1022 3631 ct
1047 3562 1087 3629 tu
1112 3564 1241 3652 sponte
1265 3556 1426 3631 abiecisti
1446 3578 1507 3651 aes,
1526 3559 1625 3651 quod

449 3686 644 3753 conservat
656 3667 693 3768 (³)
733 3677 852 3772 ipsum
892 3697 981 3751 esse.
1018 3679 1115 3773 Ergo
1128 3665 1166 3769 (⁴)
1199 3677 1246 3751 ad
1283 3676 1383 3771 quid,
1414 3684 1455 3751 tu
1485 3699 1625 3775 pauper

451 3798 612 3874 roeurris
648 3796 695 3872 ad
733 3798 1044 3893 pauperrimum?
1068 3799 1160 3887 Quia
1176 3790 1225 3891 (⁵),
1259 3798 1287 3871 si
1326 3804 1365 3871 tu
1399 3798 1549 3893 privasti
1587 3805 1625 3873 te

451 3918 663 4011 substantia,
689 3937 759 4015 ego
785 3919 923 4012 privari
957 3940 1018 3993 me
1049 3919 1133 3993 vita.
1169 3919 1239 3993 Sed
1272 3938 1319 3994 ne
1348 3919 1528 3993 dimittam
1557 3901 1640 3993 ali-'i

297 4080 299 4086 ·
340 4098 343 4104 .
452 4037 539 4131 quid
564 4037 817 4131 indiscussum,
844 4037 955 4112 debes
981 4039 1086 4132 scire,
1112 4038 1211 4132 quod
1237 4038 1304 4112 iste
1329 4039 1485 4112 Jacobus
1505 4039 1555 4116 ita
1572 4039 1626 4114 la·

451 4163 598 4231 ceratus
629 4179 652 4233 a
683 4158 846 4251 canibus,
882 4158 950 4232 suit
983 4158 1029 4233 de
1062 4159 1200 4254 potenti
1224 4158 1370 4233 civitate
1395 4158 1542 4254 Paduae,
1568 4160 1624 4234 vir

452 4276 580 4351 nobilis
592 4266 629 4369 (⁶)
644 4278 690 4352 de
703 4277 841 4371 capelia
858 4278 972 4352 sancti
984 4277 1151 4372 Andreae,
1164 4299 1187 4353 a
1201 4298 1274 4372 qua
1291 4278 1623 4354 denominationem

451 4396 741 4492 sumpsit3bomo
752 4396 900 4489 quidem
914 4397 1110 4472 ditissimus
1124 4398 1289 4473 omnium
1304 4398 1531 4492 privatorum
1546 4422 1623 4474 suae

524 4589 530 4615 ,
722 4589 728 4601 .

513 4590 541 4727 {¹3
557 4589 588 4713 ξ.
603 4588 660 4713 etibsi
676 4588 783 4727 :mitt
806 4669 833 4715 et
852 4678 975 4730 magnum
999 4665 1121 4715 murnum
1143 4667 1208 4716 mibi
1229 4665 1312 4717 iecisti
1332 4670 1360 4716 et
1379 4665 1624 4727 dedendusne

450 4751 540 4879 iim&
555 4818 581 4868 S.
598 4824 802 4870 cousenavemt.
1052 4820 1080 4880 (⁸)
1094 4820 1120 4869 S.
1138 4818 1208 4883 Ergo
1224 4833 1273 4869 cur
1288 4825 1317 4870 tu
1335 4832 1432 4883 pauper
1448 4822 1570 4872 recurris.

513 4893 540 4956 (¹)
555 4894 582 4945 S.
598 4895 671 4958 quast
686 4895 771 4947 dicat:
787 4897 809 4946 si
825 4900 862 4949 tm
1051 4894 1079 4961 (⁸)
1094 4901 1148 4958 ito,
1164 4896 1256 4948 nobilis
1271 4901 1298 4948 et
1313 4896 1426 4960 prudens
1441 4897 1482 4949 de.
