3990 6540
826 791 966 847 caurus
992 794 1159 847 ruamus.
1508 781 1576 847 109

407 950 506 1037 runt,
536 949 573 1016 et
607 961 681 1014 non
710 943 861 1035 possunt
893 937 1050 1031 amplius
1082 938 1202 1010 lacere
1232 939 1338 1031 plura
1369 943 1407 1010 et
1440 937 1578 1010 maiora

408 1065 515 1137 mala.
542 1065 598 1135 Ed
622 1063 698 1152 epti.
726 1058 790 1131 llic
815 1064 924 1130 autor
949 1057 1050 1151 ponit
1076 1058 1347 1152 responsionem
1370 1056 1508 1153 Virgilii
1533 1056 1579 1130 ad

406 1184 561 1257 dubium
587 1201 697 1253 suum
729 1177 875 1250 dicens:
909 1178 953 1248 ed
981 1179 1050 1267 epti
1082 1198 1107 1248 a
1137 1198 1204 1267 me,
1230 1178 1368 1271 supple,
1398 1176 1579 1271 Virgilius,

407 1299 592 1396 respondit
625 1297 714 1370 mibi
739 1296 786 1369 ad
811 1295 1056 1369 hortationem
1072 1291 1108 1386 (¹)
1142 1317 1276 1388 meam,
1303 1317 1398 1368 come
1423 1316 1580 1388 peremto

407 1427 563 1510 occorto,
581 1417 673 1491 idest
698 1416 791 1488 ratio
817 1414 968 1508 provida
985 1436 1068 1507 quae
1086 1415 1275 1509 perpendit
1292 1415 1337 1488 de
1355 1415 1489 1488 timore
1510 1436 1581 1488 au-

369 1588 372 1593 ·
410 1540 510 1633 toris,
535 1540 594 1629 qui
618 1539 649 1609 ci
672 1555 803 1608 conam
828 1535 960 1606 lasciua·
985 1555 1075 1624 opne
1098 1542 1258 1626 cospetto,
1276 1555 1365 1624 oenc
1390 1524 1473 1606 vind
1497 1554 1581 1605 con·

412 1662 488 1731 olco
512 1660 571 1729 obe
595 1659 655 1747 qui
677 1658 731 1727 ssa
756 1660 885 1743 morto,
910 1654 980 1726 boc
1005 1659 1071 1747 est,
1088 1659 1232 1748 oportet
1257 1654 1439 1728 dimittere
1456 1653 1494 1725 in
1511 1652 1580 1725 isto

411 1777 558 1851 introitu
586 1783 623 1850 et
647 1775 766 1868 primo
791 1773 966 1867 principio
999 1795 1147 1847 omnem
1182 1773 1515 1868 pusillanimitatem
1542 1778 1579 1846 et

411 1896 652 1988 timiditatem,
678 1895 723 1968 de
748 1915 821 1986 qua
847 1893 1069 1987 disputatum
1100 1900 1156 1968 est
1185 1895 1222 1966 in
1247 1892 1453 1988 precedenti
1480 1892 1580 1986 capi-

374 2104 378 2113 ·
410 2017 500 2110 tulo,
518 2021 555 2089 et
575 2014 770 2109 probatum
788 2020 843 2086 est
859 2019 1028 2087 autorem
1047 2034 1152 2106 posse
1173 2014 1310 2088 intrare
1335 2033 1465 2087 secure
1485 2012 1579 2085 istud

410 2133 491 2226 iter,
517 2133 619 2227 idest,
645 2133 751 2206 istam
778 2131 1062 2226 speculationem
1094 2137 1131 2204 et
1160 2131 1437 2225 descriptionem
1468 2130 1580 2204 vicio-

410 2275 517 2327 rum:
544 2273 634 2347 ergo
661 2271 795 2347 magno
820 2250 944 2323 auimo
970 2251 1078 2324 debet
1095 2252 1189 2324 bene
1213 2270 1362 2343 sperare
1387 2256 1424 2324 et
1449 2268 1580 2322 secure

409 2373 558 2464 intrare,
585 2371 672 2464 quia
698 2369 849 2444 feliciter
874 2368 986 2441 exibit
1011 2368 1195 2441 infernum
1222 2374 1259 2441 et
1284 2368 1380 2440 viam
1412 2373 1582 2461 peccato-

409 2514 504 2565 rum.
533 2491 635 2565 Unde
668 2489 811 2563 subdit:
842 2491 902 2559 noi
929 2490 1018 2560 darn
1051 2491 1164 2561 venuti
1193 2490 1233 2560 ol
1262 2491 1338 2560 loco
1370 2490 1472 2561 oo'io
1501 2490 1580 2559 tbo

408 2614 511 2702 detto,
535 2610 637 2704 idest,
656 2609 691 2681 in
717 2628 792 2700 quo
810 2628 880 2703 ego
901 2607 1050 2701 praedixi
1071 2607 1134 2680 tibi
1152 2608 1189 2681 in
1207 2607 1279 2681 line
1296 2606 1442 2701 capituli
1460 2606 1579 2701 primi,

408 2733 466 2805 cle
496 2737 530 2803 to
560 2730 684 2801 vedrai
714 2731 745 2798 le
773 2729 867 2818 pens
896 2729 1070 2818 dolorosa,
1096 2727 1187 2800 idest
1218 2727 1359 2800 animas
1388 2726 1580 2799 damnato·

409 2869 494 2923 rum
509 2839 547 2940 (¹)
572 2847 698 2920 dolore
723 2845 859 2939 plenas,
884 2849 1066 2919 clr'tonno
1084 2850 1236 2938 perduto
1255 2848 1289 2918 el
1303 2848 1367 2918 ben
1391 2847 1469 2918 dett
1482 2848 1581 2917 intel-

411 2970 501 3056 letto,
527 2966 662 3040 scilicet
687 2965 839 3058 bonum,
865 2966 963 3058 quod
989 2972 1043 3039 cst
1068 2967 1252 3061 objectum
1280 2966 1486 3040 voluntatis.
1513 2966 1580 3040 Vel

410 3104 574 3179 expone:
601 3086 635 3156 el
657 3086 721 3166 beo
743 3086 788 3156 de
819 3088 853 3156 lo
881 3087 1052 3174 intelletto,
1084 3084 1185 3177 idest,
1219 3085 1357 3158 bonum
1394 3084 1493 3178 quod
1525 3092 1580 3158 est

411 3204 626 3294 intellectus,
651 3202 755 3294 quasi
780 3202 896 3275 dicat:
922 3202 1159 3296 perdiderunt
1184 3203 1421 3297 intellectum,
1443 3203 1507 3295 qui
1524 3209 1579 3275 est

411 3321 498 3397 illud
524 3341 700 3416 magnum
727 3321 879 3414 bonum,
904 3340 970 3414 per
996 3319 1096 3413 quod
1120 3322 1232 3394 bomo
1257 3320 1378 3395 dillert
1402 3341 1424 3394 a
1449 3321 1580 3414 brutis,

411 3448 448 3515 et
473 3440 651 3514 similatur
664 3430 702 3529 (³)
728 3441 816 3533 Deo,
842 3440 941 3532 quod
966 3446 1021 3513 est
1052 3440 1171 3533 ipsum
1206 3462 1396 3514 summum
1426 3440 1577 3514 bonum.

411 3565 444 3633 ll
457 3563 530 3652 pot
552 3559 617 3632 llic
633 3559 789 3632 ostendit
805 3560 939 3633 Dantes
957 3560 1142 3653 quomodo
1160 3560 1330 3656 Virgilius
1347 3566 1428 3655 post
1444 3562 1580 3635 erbor-

410 3678 585 3752 tationem
611 3677 811 3751 introduxit
837 3678 955 3772 ipsum
986 3679 1023 3751 in
1053 3678 1249 3752 internum.
1281 3680 1384 3753 Unde
1408 3679 1515 3753 dicit:
1542 3685 1580 3754 et

412 3796 487 3892 ipse
512 3796 681 3891 Virgilius
706 3798 755 3868 mi
778 3799 863 3869 mise
887 3800 1010 3870 deretro
1034 3820 1059 3870 o
1084 3801 1115 3870 le
1137 3805 1264 3870 secrete
1291 3819 1381 3888 cose,
1407 3798 1497 3871 idest
1525 3799 1581 3872 in-

412 3914 579 4007 visibiles,
605 3935 688 4007 quae
713 3936 787 3988 non
812 3915 1054 3990 ostenduntur
1084 3916 1149 3989 nisi
1180 3918 1216 3989 in
1242 3935 1390 3990 camera
1414 3917 1580 4010 specula·

413 4034 529 4110 tionis.
547 4035 593 4107 Et
615 4033 711 4128 dicit,
728 4055 794 4107 con
814 4038 891 4107 leto
916 4038 1021 4126 odto,
1037 4037 1123 4128 quia
1141 4037 1282 4130 sapiens
1302 4036 1467 4129 libenter,
1485 4037 1579 4130 laete,

414 4163 452 4230 et
478 4156 557 4229 sine
590 4152 722 4229 invidia
755 4154 962 4249 impartitur
995 4155 1099 4230 alteri
1134 4156 1358 4249 sapientiam.
1391 4157 1435 4229 Et
1465 4157 1579 4252 tangit

413 4271 585 4347 ellectum
603 4271 904 4376 letitiedicens:
922 4276 1003 4347 ond'
1016 4277 1051 4346 to
1071 4278 1119 4346 mi
1137 4277 1322 4367 confortat,
1343 4282 1381 4348 et
1401 4276 1470 4348 boc
1486 4275 1577 4367 dico,

408 4392 473 4482 poi
495 4393 554 4463 cte
573 4412 660 4482 pose
690 4394 727 4464 lu
755 4413 821 4465 ruo
854 4414 960 4465 mono
989 4396 1063 4466 olla
1093 4396 1178 4483 mio,
1204 4392 1290 4486 quia
1323 4393 1457 4467 scilicet
1482 4392 1579 4467 dedit

413 4507 501 4582 mibi
525 4508 747 4583 adiutorium
774 4518 812 4586 et
836 4512 1169 4604 substentaculum;
1192 4533 1277 4586 nam
1295 4533 1427 4587 manus
1445 4519 1500 4586 est
1517 4533 1580 4587 or-

473 4721 501 4782 t')
517 4721 557 4779 ll..
576 4726 621 4772 tlt
637 4721 923 4776 abalienationem

474 4794 542 4858 l'ls.
560 4796 698 4848 mmmm.

473 4871 546 4934 t'lss
563 4873 719 4927 udmllatur
735 4876 791 4927 Deo
806 4877 851 4941 qul
866 4883 914 4929 est.
