3990 6540
404 760 475 828 los
794 771 1176 840 cousuruurnruuru

403 923 532 1003 contra
559 917 679 991 Deum
706 917 742 990 in
769 916 898 1011 triplici
923 917 1056 1012 specie,
1080 918 1216 995 scilicet
1244 918 1281 990 in
1313 939 1469 1013 persona
1493 919 1580 1014 Dei,

404 1045 536 1113 natura
561 1044 598 1111 ct
622 1044 714 1131 arte,
732 1044 770 1112 et
795 1037 878 1111 lacit
899 1038 1104 1112 mirabilem
1126 1038 1320 1112 fictionem.
1339 1039 1455 1134 Fingit
1473 1038 1579 1114 enim

403 1157 501 1250 quod
526 1178 655 1232 omnes
680 1157 769 1232 tales
786 1157 933 1230 violenti
955 1164 1039 1231 sunt
1060 1157 1164 1251 positi
1181 1157 1219 1230 in
1236 1178 1310 1232 una
1326 1179 1440 1233 arena
1457 1158 1578 1253 arida,

403 1275 509 1367 sicca,
526 1274 790 1368 ardentissima,
809 1275 1044 1369 sterilissima,
1063 1283 1100 1350 et
1124 1298 1235 1371 supra
1249 1269 1286 1368 (¹)
1314 1297 1466 1351 arenam
1483 1296 1579 1351 con·

404 1392 506 1466 tinuo
530 1393 666 1466 cadunt
690 1394 849 1468 llammae
873 1414 1036 1469 accensae
1067 1395 1114 1468 ab
1144 1414 1232 1469 aere
1261 1414 1346 1489 quae
1375 1394 1578 1470 incendunt

403 1512 500 1605 istos,
527 1519 564 1586 et
589 1513 736 1605 quaudo
770 1514 988 1607 perveniunt
1019 1515 1064 1587 ad
1091 1520 1241 1607 terram,
1269 1515 1355 1608 quia
1381 1513 1578 1589 inveniunt

405 1632 525 1704 solum
540 1621 577 1722 (²)
596 1631 769 1725 calidum,
791 1632 1017 1727 ingeminant
1040 1633 1215 1726 calorem,
1238 1653 1285 1708 ex
1306 1654 1380 1726 quo
1406 1637 1447 1705 ut
1472 1637 1577 1727 patet

404 1769 514 1843 poena
537 1748 754 1842 duplicatur.
773 1749 876 1823 blodo
894 1750 1082 1824 considera
1109 1773 1222 1844 quam
1247 1751 1474 1827 conformem
1493 1771 1578 1845 poe·

405 1889 491 1942 nam
516 1875 626 1943 autor
643 1877 766 1944 noster
782 1869 844 1942 det
859 1870 1211 1963 proportionabiliter
1226 1862 1264 1962 (³)
1284 1871 1383 1963 istis3
1401 1892 1487 1946 nam
1506 1872 1578 1945 ista

405 2007 519 2061 arena
544 1992 598 2060 est
621 1987 845 2061 sterilissima
875 1988 1017 2060 nullum
1047 1988 1191 2083 pariens
1223 1989 1397 2083 fructum,
1431 1995 1468 2064 et
1493 1989 1579 2063 talis

406 2113 460 2182 est
485 2106 655 2181 violentia
680 2112 808 2181 contra
833 2106 963 2200 Deum,
990 2113 1161 2181 naturam
1185 2107 1244 2181 vel
1268 2113 1388 2182 artem
1403 2095 1459 2200 (⁸);
1482 2127 1579 2182 nam

404 2226 638 2320 blasphemus
664 2226 726 2319 qui
752 2226 932 2300 maledicit
949 2227 1007 2299 vel
1024 2233 1136 2320 negat
1160 2226 1292 2320 Deum,
1309 2246 1399 2300 vere
1418 2227 1581 2312 seminat

405 2345 443 2419 in
467 2365 580 2419 arena
606 2344 683 2418 sine
709 2345 842 2421 lructu.
871 2344 1054 2418 Sodomita
1071 2336 1107 2435 (Β)
1135 2343 1198 2436 qui
1218 2344 1294 2439 agit
1310 2349 1437 2419 contra
1461 2349 1577 2418 natu-

406 2482 487 2534 ram
505 2463 668 2537 similiter
694 2463 778 2536 lacit
803 2482 895 2556 opus
911 2461 1051 2554 sterile;
1069 2461 1269 2536 loenerator
1289 2461 1400 2535 etiam
1418 2462 1481 2555 qui
1498 2461 1581 2557 agit

407 2586 534 2654 contra
558 2587 691 2673 artem,
717 2581 746 2654 si
771 2581 866 2657 bene
891 2580 1109 2673 consideres,
1128 2600 1201 2653 non
1217 2579 1302 2653 lacit
1325 2580 1487 2655 lructum
1505 2579 1578 2653 nisi

406 2699 583 2791 miseriae,
610 2698 690 2772 ideo
715 2699 808 2772 bene
832 2699 979 2792 ponitur
1004 2699 1082 2774 sine
1110 2699 1237 2792 herba,
1268 2698 1401 2792 planta,
1428 2698 1487 2773 rel
1512 2719 1581 2772 ar-

406 2818 497 2892 bore
512 2806 561 2910 (⁶),
587 2817 672 2909 quia
698 2823 753 2891 est
776 2816 926 2905 omnino
951 2817 1194 2910 infructuosa3
1220 2817 1331 2891 etiam
1357 2822 1412 2892 est
1439 2816 1580 2890 arden-

407 2937 553 3014 tissima.
586 2935 690 3022 Quali
715 2935 849 3010 ardore
878 2942 1008 3009 aestuat
1039 2936 1103 3029 qui
1134 2937 1300 3011 dammas
1331 2936 1396 3011 irae
1422 2936 1513 3030 iacit
1538 2935 1581 3010 in

408 3059 552 3133 Deum?
577 3056 640 3149 qui
665 3056 832 3129 llammas
857 3054 1010 3128 libidinis
1030 3055 1182 3129 ellundit
1199 3055 1236 3128 in
1254 3055 1483 3130 masculum?
1509 3055 1578 3148 qui

405 3177 576 3266 ardorem
602 3174 758 3248 babendi
783 3181 931 3248 exercet
956 3175 993 3247 in
1019 3180 1247 3248 nummumt
1273 3176 1389 3250 Etiam
1404 3165 1441 3267 (⁷)
1468 3175 1576 3250 arida

406 3302 443 3371 et
468 3295 573 3386 sicca,
599 3292 686 3387 quia
712 3293 812 3366 nulla
836 3313 934 3385 aqua
960 3294 1139 3389 extinguit
1155 3283 1192 3385 (⁸)
1217 3294 1390 3368 ardorem
1416 3300 1451 3368 et
1478 3292 1580 3368 sitim

407 3414 560 3488 istarum
585 3412 832 3484 flammarum.
860 3411 920 3484 lsti
946 3419 1072 3485 autem
1095 3413 1184 3486 tales
1206 3412 1418 3489 cruciantur
1443 3411 1579 3508 duplici

407 3532 540 3622 calore,
566 3529 700 3604 scilicet
725 3529 896 3604 exteriori
922 3529 984 3622 qui
1010 3541 1210 3624 generatur
1239 3552 1286 3605 ex
1316 3531 1579 3625 concupiscen-

409 3650 458 3724 tia
484 3649 537 3723 rei
562 3647 763 3740 exterioris,
790 3648 884 3721 sicut
908 3668 1073 3741 persouae
1102 3650 1160 3723 vel
1186 3649 1350 3744 pecuniae
1376 3670 1460 3743 quae
1485 3649 1579 3724 iuci-

409 3776 486 3844 tant
516 3766 715 3861 appetitum
732 3758 768 3858 (⁹)
800 3766 849 3840 ita
882 3765 1132 3860 depravatum.
1168 3768 1275 3841 Calor
1305 3768 1490 3842 subterior
1520 3774 1579 3843 est

408 3886 507 3961 calor
528 3886 743 3962 intrinsecus
763 3885 948 3979 sangoinis
966 3885 1029 3978 qui
1050 3885 1298 3959 inllammatur
1314 3886 1362 3960 ab
1379 3886 1578 3982 exteriore,

408 4012 450 4098 ut
474 4005 520 4079 dc
545 4025 585 4079 se
609 4010 725 4098 patet,
752 4003 847 4077 bene
871 4023 961 4098 ergo
993 4003 1049 4075 isti
1079 4004 1282 4096 puniuntur
1309 4004 1345 4077 iu
1376 4023 1491 4078 arena
1515 4025 1579 4079 ar-

408 4124 519 4216 denti,
541 4123 648 4214 sicca,
673 4129 710 4195 ct
735 4121 857 4195 sterili.
884 4122 989 4195 Nunc
1014 4121 1060 4194 ad
1085 4122 1246 4214 literam,
1272 4122 1357 4196 dicit
1381 4130 1507 4196 autor:
1527 4127 1578 4196 Lo

407 4246 540 4335 spacio,
567 4241 658 4316 idest
683 4247 758 4314 tota
783 4241 947 4334 planities
972 4241 1128 4335 spatiosa
1154 4261 1238 4334 quae
1256 4243 1464 4340 continetur
1481 4242 1576 4317 intra

327 4445 331 4453 .
468 4403 496 4466 (¹)
513 4402 543 4453 ll.
561 4416 577 4452 e
592 4403 618 4452 S.
633 4415 720 4464 super.
985 4403 1012 4465 ι’)
1028 4403 1054 4454 S.
1071 4404 1157 4455 solnm
1173 4405 1283 4464 nridom,
1301 4404 1423 4454 calidum.

469 4479 496 4542 (¹)
506 4480 543 4530 Β.
560 4478 796 4541 proportionaliter.
986 4478 1012 4541 (⁸)
1029 4478 1060 4529 R.
1075 4485 1172 4541 artam:
1188 4480 1353 4544 blasphemus
1368 4481 1465 4529 etenim
1480 4480 1536 4543 uui.

469 4556 495 4618 (⁸)
512 4556 542 4604 E.
560 4556 626 4605 ltem
642 4560 668 4605 et
685 4555 819 4604 sodomita.

469 4632 496 4694 (⁸)
512 4632 542 4681 Ε.
559 4631 660 4689 arbore,
676 4636 701 4681 et
719 4631 776 4681 talto
792 4643 879 4691 arona,
895 4634 955 4695 quia
970 4636 1010 4682 ert
1025 4633 1133 4683 omuino
1149 4632 1317 4695 infractum,
1334 4637 1374 4683 est
1389 4632 1577 4684 ctutum

471 4707 498 4769 (Ἴ)
515 4706 540 4756 S.
551 4719 566 4756 ο
577 4705 607 4756 ll.
624 4706 764 4757 listellam
780 4707 858 4756 arida.
985 4705 1011 4768 (¹)
1029 4707 1059 4756 E.
1074 4708 1209 4771 exdnguit,
1226 4721 1271 4759 sen
1288 4712 1409 4759 extnuat
1424 4707 1556 4759 ardum

471 4783 499 4843 (ll
516 4781 545 4831 li.
560 4783 701 4844 appetitum
716 4787 849 4843 nostrum
865 4781 928 4832 item
944 4782 1031 4833 calore
1047 4784 1169 4834 interiore
1185 4786 1229 4849 qui
1245 4791 1284 4836 ert
1301 4786 1455 4836 latrium
1469 4786 1576 4850 ungul-

411 4859 458 4918 nts,
473 4857 518 4921 qul
533 4855 716 4907 tndammatur.
