4154 6546
610 771 679 837 320
1000 785 1202 839 uouenruu
1228 786 1379 838 rnrsnnr

606 931 832 1021 animarum3
852 930 908 1002 vel
938 929 1036 1003 dicas
1055 937 1093 1002 et
1110 930 1240 1004 mellus
1256 930 1355 1022 quod
1373 932 1442 1005 boc
1457 930 1553 1025 dicit,
1571 933 1657 1026 quia
1681 928 1778 1010 ller-

607 1050 731 1124 curius
757 1048 904 1143 lingitur
922 1048 1059 1123 babere
1075 1050 1152 1122 alas
1168 1050 1214 1124 ad
1232 1050 1353 1145 pedes,
1371 1051 1456 1144 quia
1477 1052 1563 1126 nihil
1582 1052 1774 1150 volatilius,

606 1171 691 1244 nibil
719 1168 878 1242 velocius
910 1169 1117 1262 eloquentia
1143 1171 1333 1263 sermonis,
1359 1164 1430 1243 coel
1454 1193 1549 1244 corne
1574 1177 1607 1245 te
1628 1178 1775 1247 ranest

605 1292 774 1378 detepuao
799 1294 890 1378 tutta,
916 1307 961 1362 ex
988 1289 1120 1364 timore
1146 1289 1285 1383 mortis,
1311 1292 1486 1363 dimutto
1509 1295 1546 1364 tu
1563 1297 1696 1366 nemun
1722 1296 1775 1366 bi-

605 1411 690 1497 sm‘a,
716 1427 800 1499 quae
831 1407 1046 1481 naturaliter
1070 1408 1276 1482 inimicatur
1302 1409 1411 1503 ranis,
1433 1414 1485 1501 fin
1509 1413 1590 1483 clt'o
1615 1415 1652 1485 tu
1677 1419 1775 1485 terro

605 1531 768 1600 noscano
797 1530 825 1599 s'
838 1528 951 1617 adca,
984 1527 1075 1600 idest
1106 1528 1309 1621 applicatur
1339 1534 1449 1602 terrm
1479 1535 1516 1603 et
1539 1529 1774 1603 absconditur

607 1647 664 1720 ibi.
696 1649 739 1719 Et
772 1654 857 1720 nota
883 1652 1062 1739 quantum
1088 1647 1156 1720 ista
1181 1648 1406 1742 comparatio
1430 1649 1665 1742 pmprissime
1691 1650 1775 1723 lacit

606 1766 651 1839 ad
677 1766 920 1860 propositum:
951 1766 1166 1840 sicutenim
1194 1787 1294 1840 ranae
1319 1773 1418 1846 stant
1439 1768 1475 1840 in
1501 1769 1644 1863 palude,
1664 1769 1712 1843 ita
1738 1776 1775 1843 et

606 1887 739 1960 animae
764 1887 841 1958 istae
867 1886 902 1957 in
928 1886 1044 1981 stygia
1069 1884 1219 1979 palude;
1246 1886 1340 1959 sicut
1365 1907 1455 1960 rana
1476 1908 1555 1961 non
1579 1896 1696 1983 potest
1720 1889 1776 1962 di-

605 2005 687 2078 velli
712 2004 758 2078 de
782 2003 924 2098 palude,
950 2004 1000 2078 ita
1025 2024 1093 2078 nee
1117 2003 1249 2077 animae
1271 2004 1442 2099 istorum;
1460 2006 1555 2080 sieut
1572 2028 1672 2080 ranae
1689 2015 1776 2082 sunt

605 2143 750 2217 semper
775 2123 947 2219 garrulae,
967 2124 1014 2197 ita
1040 2123 1173 2196 animae
1198 2123 1277 2196 istae
1301 2143 1446 2218 semper
1467 2127 1664 2219 quaerulae3
1682 2128 1778 2200 sient

609 2263 709 2316 ranae
735 2249 819 2315 sunt
845 2249 981 2336 turpes,
1007 2242 1133 2338 nigre,
1158 2241 1312 2336 iniectae,
1337 2242 1387 2317 ita
1411 2243 1544 2316 animae
1565 2264 1715 2318 reorum
1736 2252 1774 2319 et

605 2368 842 2454 peecatorum
860 2368 985 2455 turpes
996 2355 1033 2453 (¹)
1053 2361 1220 2435 infames:
1239 2362 1332 2436 sicut
1351 2382 1450 2435 ranae
1462 2370 1547 2436 sunt
1560 2364 1709 2459 fugaces
1721 2356 1771 2456 θ),

606 2481 752 2574 timidae,
779 2482 828 2557 ita
854 2481 986 2554 animae
1012 2501 1181 2575 reorum3
1199 2483 1294 2556 sicut
1311 2501 1410 2555 ranae
1427 2501 1500 2556 non
1517 2489 1667 2576 possunt
1684 2503 1774 2557 eva-

604 2601 693 2674 dere
709 2621 730 2673 a
750 2601 841 2674 lucie
857 2601 1034 2693 serpentis
1051 2600 1118 2673 nisi
1136 2601 1308 2696 fugiendo
1328 2609 1365 2675 et
1390 2601 1546 2695 latendo,
1567 2603 1617 2676 ita
1633 2623 1701 2677 nec
1718 2603 1771 2676 rei

604 2741 626 2793 a
652 2719 743 2792 facie
774 2720 976 2811 eloquentis
1004 2719 1071 2792 nisi
1106 2739 1171 2812 per
1203 2720 1340 2814 lugam.
1367 2721 1410 2792 llt
1435 2721 1555 2795 subdit
1584 2722 1770 2814 quomodo

605 2838 807 2911 Mercurius
835 2838 1027 2932 dissipabat
1057 2839 1228 2912 nebulam
1259 2839 1352 2911 illius
1385 2840 1497 2932 vallis,
1523 2839 1702 2914 *dicenst
1734 2846 1772 2913 et

605 2959 665 3032 ille
690 2958 891 3031 Mercurius
920 2962 1078 3030 admoveo
1106 2960 1169 3030 dol
1197 2960 1288 3030 vetto
1314 2961 1392 3049 quet
1415 2963 1492 3037 atre
1515 2981 1656 3051 presso,
1682 2958 1774 3034 idest

606 3077 803 3173 repellebat
827 3098 849 3150 a
876 3098 915 3150 se
936 3077 1038 3149 illum
1057 3077 1201 3150 lumum
1220 3079 1454 3152 tenebrosum
1473 3080 1568 3153 illius
1585 3080 1719 3153 vallis*
1734 3069 1769 3170 (³)

605 3197 760 3293 pinguiS,
777 3199 951 3269 nunondo
968 3199 1004 3267 lu
1020 3199 1164 3268 dabira
1178 3200 1322 3269 innanti
1336 3219 1466 3289 spessm
1484 3198 1572 3289 quia
1588 3197 1625 3270 in
1642 3198 1772 3271 dextra

605 3317 773 3410 portabat
806 3315 960 3410 virgam,
986 3336 1059 3407 qua
1091 3322 1287 3409 aperturus
1319 3323 1400 3390 erat
1424 3325 1578 3411 portam.
1606 3319 1677 3392 Per
1704 3309 1772 3392 bec

605 3435 740 3531 figurat
769 3435 867 3526 quod
901 3434 1108 3527 eloquentia
1132 3435 1269 3530 detegit
1293 3436 1450 3529 occulta,
1476 3436 1590 3509 nudat
1614 3445 1768 3530 secreta,

604 3563 641 3629 et
667 3560 831 3628 removet
856 3553 978 3627 omnia
1004 3555 1209 3628 velamenta
1237 3554 1455 3647 verborum3
1479 3565 1515 3630 et
1540 3556 1591 3627 sic
1621 3556 1768 3629 tandem

604 3674 749 3748 devenit
778 3671 825 3746 ad
854 3672 1087 3767 aperiendam
1112 3680 1256 3766 portam
1283 3671 1472 3744 lraudibus
1497 3673 1655 3765 inclusis
1682 3679 1719 3747 et
1734 3664 1771 3765 (⁴)

605 3793 710 3867 dicit:
737 3815 756 3865 e
779 3795 835 3865 sol
856 3795 894 3865 dt
924 3794 1037 3887 quella
1068 3793 1244 3881 uaporem
1264 3810 1378 3882 pareo
1412 3792 1519 3880 tasso,
1551 3790 1641 3863 idest
1671 3793 1768 3884 quod

605 3913 835 3988 solummodo
861 3933 906 3985 er
933 3912 994 3985 illo
1019 3931 1154 4006 magno
1179 3911 1304 3984 labore
1328 3910 1478 4006 lugendi
1503 3910 1648 3983 sumum
1671 3910 1771 3985 vide-

605 4033 714 4105 batur
744 4032 870 4124 lessus‚
900 4031 985 4123 quia
1016 4029 1176 4104 maxime
1207 4028 1429 4102 laboriosum
1456 4034 1511 4102 est
1526 4020 1562 4120 (⁵)
1589 4030 1773 4104 adducere

606 4153 797 4227 veritatem
828 4153 865 4225 in
896 4152 1029 4225 lucem.
1061 4150 1104 4221 Et
1133 4149 1218 4223 dicit
1247 4155 1439 4223 notanter:
1464 4169 1595 4241 porea,
1621 4150 1707 4242 quia
1733 4149 1771 4223 in

607 4273 657 4347 rei
685 4272 838 4346 veritate
861 4291 935 4344 non
960 4275 1052 4362 erat,
1077 4267 1140 4342 sed
1165 4269 1216 4341 sic
1242 4267 1444 4361 videbatur,
1471 4267 1556 4360 quia
1582 4289 1649 4361 pro
1668 4274 1772 4342 certo

606 4414 761 4489 magnus
774 4383 811 4483 (⁶)
838 4392 942 4465 labor
974 4389 1177 4482 eloquentis
1210 4393 1265 4461 est
1297 4406 1491 4462 removere
1516 4387 1708 4461 salsitatem
1735 4393 1772 4460 et

666 4667 694 4725 (¹)
712 4666 741 4714 E.
759 4671 846 4727 turpes
863 4670 890 4714 et
905 4665 1026 4724 infamem
1042 4668 1069 4713 et
1084 4666 1160 4714 sicut.

666 4741 693 4799 (¹)
710 4741 740 4788 E.
755 4740 859 4803 fugaces
874 4746 900 4790 et
917 4740 1019 4799 timida,
1036 4741 1071 4790 ita
1087 4744 1114 4789 et
1129 4741 1220 4789 animo
1237 4751 1352 4788 reorum.
1372 4738 1406 4789 lu
1422 4738 1496 4787 sicut.

665 4817 691 4875 (¹)
707 4818 744 4865 Lo
760 4818 848 4878 parole
865 4818 998 4866 raccbiuse
1014 4816 1053 4865 ira
1070 4817 1077 4865 i
1095 4815 1146 4865 due
1161 4814 1293 4864 asteriscbi
1312 4827 1375 4864 sono
1391 4814 1432 4863 dei
1448 4813 1535 4865 Codicl
1552 4813 1605 4863 list
1622 4826 1637 4863 e
1653 4811 1752 4862 Strozz.

667 4893 692 4952 ζ’)
711 4898 764 4954 ild,
781 4893 848 4941 unde
864 4893 933 4942 dicit
1027 4892 1098 4954 (¹213.
1115 4896 1180 4942 erat
1272 4889 1299 4948 ζ’)
1317 4894 1370 4946 llo.
1388 4890 1515 4940 maximus
1532 4888 1615 4940 labor.
