3990 6540
747 826 887 880 caurus
912 824 1069 879 necruus
1095 825 1238 880 ramus.
1508 811 1577 879 373

408 980 504 1048 tanto
529 975 664 1063 deliro,
681 972 773 1046 idest
797 971 976 1066 discrepat
993 977 1030 1045 et
1047 971 1180 1063 deviat,
1207 972 1256 1042 dn
1280 974 1360 1063 quel
1381 972 1441 1042 cte
1460 973 1581 1043 suole?

407 1095 497 1189 quia
523 1093 658 1167 scilicet
683 1093 778 1166 soles
802 1091 990 1185 inquirere
1015 1091 1195 1164 subtiliter
1219 1091 1265 1165 de
1291 1091 1402 1165 rebus
1426 1091 1581 1166 difficili-

406 1215 495 1308 bus3
523 1233 622 1286 nunc
654 1232 743 1287 vero
774 1211 927 1305 inquiris
951 1210 997 1284 de
1029 1211 1140 1285 rebus
1170 1211 1330 1303 levibus3
1361 1210 1442 1285 ideo
1471 1211 1578 1285 dicit:

408 1338 497 1408 dove
521 1337 656 1407 oltrom
680 1337 805 1406 mbo?
830 1332 916 1426 quia
941 1331 1026 1404 alibi
1046 1332 1232 1427 ingenium
1256 1339 1363 1405 tuum
1391 1333 1482 1407 solet
1508 1332 1578 1405 mi-

409 1454 484 1527 rari
501 1473 632 1528 causas
648 1454 812 1545 latentes,
831 1451 930 1546 quod
946 1451 1102 1544 pertinet
1115 1451 1162 1524 ad
1174 1452 1414 1546 philosophos.
1433 1451 1476 1523 Et
1492 1470 1580 1525 ecce

409 1573 529 1647 statim
555 1572 715 1669 assignat
740 1591 890 1646 causam
918 1591 1034 1665 quare
1064 1571 1224 1665 praedicti
1254 1592 1326 1644 non
1358 1578 1445 1644 sunt
1472 1571 1579 1666 positi

408 1695 505 1768 intra
529 1676 727 1785 civitatem,
745 1693 832 1786 quia
853 1691 988 1765 scilicet
1004 1692 1155 1766 fuerunt
1174 1693 1448 1785 incontinentes
1467 1698 1503 1766 et
1523 1692 1579 1764 ln-

407 1813 628 1890 continentia
655 1812 777 1884 minus
802 1817 950 1906 peccat3
972 1811 1069 1904 quod
1096 1813 1225 1905 prohat
1241 1811 1438 1887 autoritate
1462 1811 1580 1907 pbilo-

408 1934 522 2028 sophi,
548 1933 612 2028 qui
637 1932 823 2027 distinguit
847 1938 921 2006 tres
947 1933 1084 2026 species
1108 1932 1297 2028 fugiendas
1319 1933 1418 2006 circa
1444 1953 1578 2027 mores,

409 2054 544 2128 scilicet
580 2052 889 2145 incontinentiam,
928 2052 1117 2147 malitiam,
1150 2060 1187 2127 et
1221 2053 1486 2128 bestialitatem.
1525 2053 1579 2126 ld

410 2173 509 2268 quod
534 2173 747 2265 notandum,
774 2171 873 2265 quod
898 2171 992 2245 sicut
1017 2179 1134 2266 potest
1155 2173 1273 2269 colligi
1291 2194 1338 2247 ex
1359 2173 1480 2247 verbis
1499 2172 1579 2267 phi-

408 2293 547 2388 losophi
572 2294 632 2366 Vll
657 2293 881 2384 Etbicorum,
908 2292 1004 2365 bona
1029 2292 1158 2366 electio
1178 2313 1250 2366 non
1272 2300 1486 2389 potestesse
1503 2294 1580 2367 sine

409 2415 551 2489 ratione
569 2434 657 2488 vera
675 2420 711 2486 et
724 2411 884 2507 appetitu
899 2418 1018 2505 recto;
1037 2412 1117 2486 ideo
1131 2412 1278 2505 quando
1294 2413 1429 2506 aliquid
1445 2415 1577 2487 borum

411 2535 634 2630 pervertitur
650 2533 824 2628 contingit
841 2533 939 2624 quod
956 2531 1092 2627 aliquid
1113 2533 1158 2605 sit
1183 2533 1219 2605 in
1247 2534 1411 2607 moribus
1436 2534 1580 2629 lugien-

408 2656 508 2729 dum.
536 2654 572 2728 si
599 2673 688 2748 ergo
715 2653 760 2726 sit
784 2653 971 2747 perversio
996 2673 1041 2726 ex
1068 2658 1172 2746 parte
1201 2653 1393 2748 appetitus,
1419 2659 1456 2727 et
1487 2653 1580 2728 ratio

409 2781 576 2850 remanet
589 2781 689 2848 recta
701 2766 750 2867 (¹),
761 2774 830 2847 erit
843 2772 1116 2866 incontinentia,
1130 2772 1229 2866 quod
1242 2773 1416 2868 contingit
1430 2774 1578 2867 quando

412 2896 505 2970 ratio
523 2900 622 2969 recte
638 2893 784 2988 iudicat,
801 2893 864 2967 sed
882 2893 1061 2988 appetitus
1082 2899 1230 2987 propter
1246 2893 1449 2987 passionem
1470 2894 1579 2967 trabit

410 3016 447 3089 in
472 3015 709 3089 contrarium.
736 3014 773 3087 si
805 3019 929 3087 autem
961 3019 1104 3086 tantum
1133 3012 1331 3086 invalescat
1360 3013 1579 3106 perversitas

409 3139 589 3232 appetitus
614 3141 656 3208 ut
688 3134 898 3208 dominetur
928 3132 1071 3225 rationi,
1103 3133 1195 3205 ratio
1209 3123 1246 3223 (²)
1273 3133 1439 3225 sequitur
1466 3133 1513 3225 id,
1543 3134 1580 3207 in

410 3256 508 3351 quod
532 3255 713 3349 appetitus
746 3254 857 3327 trahit
887 3253 979 3327 sicut
1010 3252 1227 3346 principium
1260 3251 1455 3345 quoddam,
1488 3253 1581 3326 exti-

408 3398 513 3451 mans
537 3376 625 3449 illud
651 3396 731 3450 esse
757 3374 865 3449 linem
893 3381 930 3448 et
955 3372 1155 3469 optimum,
1173 3378 1210 3447 et
1235 3377 1322 3446 tunc
1347 3371 1524 3447 electione
1538 3364 1578 3465 (³)

408 3495 620 3591 operabitur
649 3514 835 3589 perversa,
866 3513 912 3568 ex
943 3513 1019 3587 quo
1052 3492 1183 3585 aliquis
1212 3492 1344 3566 dicitur
1376 3492 1507 3587 malus,
1542 3499 1580 3568 et

408 3616 488 3690 talis
513 3614 696 3710 dispositio
721 3614 854 3688 dicitur
880 3613 1034 3706 malitia;
1060 3613 1255 3707 aliquando
1280 3619 1405 3687 autem
1427 3613 1476 3686 ita
1493 3634 1579 3709 per-

408 3737 565 3814 vertitur
589 3736 769 3831 appetitus
786 3742 823 3808 et
843 3734 949 3828 ratio,
975 3733 1073 3827 quod
1095 3732 1237 3807 excedit
1255 3733 1386 3807 limites
1406 3726 1577 3809 humane

408 3857 502 3950 vitae,
520 3862 557 3931 et
575 3855 655 3930 talis
679 3855 861 3949 dispositio
877 3854 1011 3928 dicitur
1027 3852 1222 3928 bestialitas
1236 3841 1284 3944 (⁴).
1307 3854 1577 3929 lucontinentiae

407 3976 601 4071 opponitur
626 3974 870 4066 continentia3
897 3973 1056 4063 malitiae,
1082 3973 1198 4047 virtus
1225 3973 1393 4067 moralis3
1419 3974 1577 4048 bestiali-

406 4096 471 4169 tati
496 4115 597 4189 vero,
624 4095 740 4170 virtus
765 4094 910 4168 heroica
937 4094 1013 4168 sive
1038 4093 1168 4167 divina.
1191 4093 1244 4166 ld
1264 4095 1363 4187 quod
1388 4095 1575 4170 sciendum

407 4214 506 4308 quod
530 4214 653 4288 anima
679 4216 841 4287 bumana
866 4220 921 4287 est
947 4212 1067 4286 media
1093 4213 1186 4286 inter
1211 4213 1372 4308 angelos,
1389 4234 1475 4287 cum
1495 4215 1578 4308 qui·

406 4337 478 4410 bus
504 4335 673 4409 convenit
690 4354 756 4428 per
772 4333 1019 4425 intellectum3
1037 4338 1075 4406 et
1095 4333 1215 4426 bruta,
1234 4352 1319 4406 cum
1338 4333 1473 4427 quibus
1489 4354 1577 4408 con-

407 4454 505 4530 venit
532 4473 598 4548 per
622 4451 799 4548 potentias
825 4451 1024 4527 sensitivas.
1051 4450 1152 4524 Sicut
1176 4471 1266 4548 ergo
1296 4473 1381 4547 pars
1407 4453 1576 4528 sensitiva

406 4573 601 4668 aliquando
626 4572 848 4667 depravatur
866 4572 901 4645 in
919 4571 1068 4646 homine
1091 4592 1209 4665 usque
1232 4573 1279 4646 ad
1304 4572 1574 4650 similitudinem

469 4863 497 4926 (¹)
514 4863 544 4913 E.
561 4867 677 4913 remanet
694 4866 773 4922 recta,
789 4862 840 4913 erit
855 4862 1019 4914 continentia.
1146 4859 1174 4924 l')
1190 4861 1221 4913 ll.
1237 4862 1304 4912 ratio
1319 4861 1486 4926 consequitur
1503 4862 1536 4914 ld.

469 4939 495 5000 (¹)
511 4939 541 4990 s.
557 4939 651 4991 electio
666 4937 823 5003 oponbltnr.
1144 4936 1171 5001 (⁸)
1188 4943 1242 4999 tto,
1259 4937 1377 4991 mltum
