4154 6546
452 799 524 871 36l
845 813 1048 870 counnruu
1073 815 1225 868 rurnnru

449 959 597 1034 venient
634 959 728 1032 iutra
766 959 872 1032 istam
913 965 1062 1033 terram.
1098 960 1174 1034 lloc
1206 966 1332 1035 autem
1371 959 1473 1056 lingit
1509 964 1624 1033 autor

449 1101 584 1176 magna
608 1084 699 1171 arte,
725 1079 812 1171 quia
836 1078 971 1152 scilicet
995 1078 1115 1173 primo
1140 1080 1218 1153 vult
1244 1080 1381 1154 habere
1405 1080 1621 1174 generalem

448 1201 690 1296 cognitionem
718 1199 884 1272 omnium
910 1199 1106 1273 criminum
1137 1220 1221 1294 quae
1251 1201 1310 1275 hic
1335 1201 1550 1295 puniuntur,
1578 1206 1621 1275 ut
1771 1200 1778 1215 ‘

448 1321 498 1394 sic
523 1325 648 1414 postea
674 1317 869 1393 descendat
892 1319 939 1393 ad
964 1319 1157 1414 specialem
1183 1320 1428 1416 cognitionem
1467 1340 1622 1395 eorum-

447 1441 531 1514 dem
558 1458 624 1533 per
648 1439 809 1535 singulos
828 1439 984 1513 circulos
1004 1439 1257 1514 discurrendo>
1277 1441 1330 1514 nd
1356 1441 1501 1515 literam
1527 1461 1622 1537 ergo

448 1561 533 1634 dicit
556 1559 749 1656 Virgilius:
775 1563 809 1633 el
830 1566 952 1632 nostro
970 1563 1114 1633 scender
1130 1582 1262 1634 convert
1277 1583 1371 1635 esser
1388 1565 1506 1652 turdo,
1532 1561 1620 1655 quia

449 1680 583 1755 scilicet
613 1680 800 1775 paulatim,
829 1682 926 1755 lente
954 1687 991 1755 et
1021 1701 1168 1757 morose
1197 1688 1251 1756 est
1279 1681 1550 1777 procedendum
1585 1682 1624 1755 in

448 1801 516 1875 isto
546 1802 665 1897 primo
694 1801 867 1894 introitu3
897 1808 934 1875 et
963 1801 1079 1878 reddit
1108 1822 1271 1895 causam,
1304 1795 1334 1874 sl
1364 1804 1475 1876 cte-'l
1502 1824 1621 1895 cesse,

449 1922 584 1997 scilicet
613 1922 799 2015 odoratus,
827 1924 856 1996 s
869 1924 948 1995 aust
975 1925 1098 2014 pmcne
1129 1944 1177 1995 un
1202 1944 1295 2016 poco
1325 1927 1363 1996 al
1391 1926 1490 1996 trtsto
1517 1925 1618 2016 ficto,

449 2041 582 2116 scilicet
614 2042 745 2116 ioetori.
780 2042 825 2115 Et
857 2041 915 2116 lric
949 2047 1034 2116 nota
1071 2042 1169 2136 quod
1206 2048 1315 2117 autor
1351 2042 1528 2136 loquitur·
1551 2063 1620 2116 na·

448 2163 615 2237 turaliter
652 2173 690 2239 et
725 2164 871 2257 pulcre,
910 2164 995 2255 quia
1025 2163 1243 2257 repentinas
1282 2164 1502 2239 mutationes
1543 2163 1621 2238 odit

448 2290 592 2377 natura,
606 2283 698 2357 sicut
715 2283 882 2358 videmus
894 2303 960 2377 per
973 2283 1247 2378 experientiam,
1261 2283 1360 2378 quod
1377 2284 1440 2378 qui
1457 2284 1504 2358 de
1521 2305 1618 2359 novo

449 2403 559 2476 intrat
583 2423 687 2477 mare
712 2404 831 2477 statim
858 2403 1036 2477 alteratur
1062 2411 1099 2477 et
1115 2410 1337 2497 provocatur
1353 2404 1400 2478 ad
1418 2423 1619 2499 nauseam3

449 2522 512 2597 sed
537 2529 617 2618 post
642 2522 827 2597 modicum
853 2522 1038 2616 assuescit,
1056 2529 1093 2597 et
1119 2523 1226 2597 habet
1251 2523 1454 2597 acutiorem
1479 2523 1618 2617 appeti-

449 2651 529 2717 tum
560 2664 672 2736 quam
705 2642 824 2737 prius3
851 2649 888 2716 et
918 2642 967 2714 ita
999 2648 1108 2716 autor
1136 2643 1185 2715 in·
1206 2663 1378 2737 processu
1408 2643 1551 2718 acutius
1579 2649 1618 2718 et

376 2747 379 2754 ²
450 2764 616 2839 subtilius
648 2770 832 2838 assuescet
861 2762 916 2835 isti
948 2761 1112 2836 matoriae
1144 2762 1276 2836 loetidae
1289 2756 1325 2855 (¹)
1352 2783 1509 2856 amarae3
1535 2763 1618 2838 ideo

450 2883 551 2958 dicit:
578 2906 596 2955 e
616 2887 680 2976 pot
703 2904 775 2955 non
795 2886 846 2975 fia
863 2885 1049 2974 riquardo,
1066 2882 1169 2976 quasi
1187 2882 1300 2957 dicat:
1318 2889 1442 2978 postea
1459 2884 1537 2957 nori
1549 2903 1618 2958 cu-

448 3005 611 3078 rabimus
637 3003 750 3097 nobis,
776 3003 862 3098 quia
887 3024 960 3076 non
986 3003 1181 3096 laedemur3
1198 3010 1234 3078 et
1259 3004 1343 3079 dicit
1358 3029 1366 3076 :
1384 2996 1456 3077 cosl
1472 3007 1506 3078 el
1520 3024 1619 3076 mne

445 3130 534 3215 stro,
559 3124 650 3197 idest
675 3113 839 3213 taliterl²l
858 3121 1028 3218 Virgilius
1052 3123 1197 3196 locutus
1222 3131 1277 3198 est
1302 3124 1410 3217 milri3
1437 3135 1475 3201 et
1495 3124 1616 3198 statim

447 3244 568 3318 subdit
598 3242 782 3338 quomodo
814 3262 862 3324 ex
893 3242 1041 3316 consilio
1073 3242 1209 3338 Virgilii
1244 3243 1438 3339 ipse-cepit
1464 3264 1616 3319 causam

448 3364 598 3440 iaciendi
629 3363 894 3437 distinctionem
925 3362 1068 3436 lnlerni.
1102 3363 1204 3438 Unde
1235 3363 1343 3439 dicit:
1369 3372 1403 3438 et
1424 3367 1459 3437 to
1484 3367 1569 3438 dtssi
1592 3386 1619 3437 α

448 3489 516 3558 lul.-
534 3493 636 3558 trove
653 3486 756 3556 otuu
772 3503 968 3575 comperce,
986 3485 1082 3555 clte'l
1104 3491 1216 3576 tempo
1240 3505 1313 3557 non
1334 3488 1434 3576 possi
1453 3486 1616 3577 perdato,

448 3605 552 3701 quasi
568 3604 680 3678 dicat:
702 3601 876 3697 praedicas
896 3603 984 3675 milri
1009 3603 1143 3697 aliquid
1161 3605 1260 3698 quod
1277 3606 1322 3678 sit
1338 3605 1554 3682 evidentiale
1569 3604 1615 3679 ad

447 3725 608 3817 dicenda,
627 3729 825 3816 antequam
847 3723 1025 3797 intremus
1050 3724 1087 3795 in
1113 3744 1247 3818 corpus
1272 3725 1374 3798 istius
1391 3724 1554 3799 civitatis.
1572 3724 1616 3796 Et

448 3844 602 3920 ostendit
626 3844 799 3917 continuo
823 3842 922 3935 quod
948 3842 1117 3938 Virgilius
1142 3845 1290 3920 assentit
1314 3845 1392 3938 sibi,
1418 3844 1558 3919 dicens:
1584 3851 1619 3917 et

447 3968 515 4056 elli,
541 3964 631 4039 idest
656 3970 693 4037 et
718 3964 793 4056 ipse
818 3962 987 4057 Virgilius
1014 3963 1214 4057 respondit:
1233 3968 1311 4038 cedi
1326 3968 1410 4038 clt'a
1426 3957 1479 4038 αὖ
1491 3985 1615 4058 perso,

448 4076 542 4177 ita(³)
558 4085 656 4178 quod
674 4083 768 4157 idem
789 4082 1019 4157 intendimus.
1035 4084 1136 4158 Unde
1154 4091 1240 4158 nota
1257 4086 1356 4180 quod
1376 4106 1465 4161 vere
1481 4085 1548 4159 ista
1560 4085 1617 4159 di-

448 4205 589 4281 stinctio
611 4225 723 4297 quam
749 4209 858 4276 autor
874 4209 980 4297 parat
997 4203 1118 4278 iacere
1136 4211 1216 4277 erat
1233 4205 1437 4279 necessaria
1453 4212 1492 4279 et
1507 4204 1615 4299 utilis,

448 4326 534 4419 quia
544 4326 648 4399 aliter
662 4323 875 4398 remanebat
886 4322 993 4396 nimis
1005 4323 1156 4397 contusa
1169 4325 1323 4398 materia
1333 4325 1443 4397 huius
1452 4324 1614 4399 civitatis.

520 4449 690 4536 lipltuolo
715 4447 795 4516 mio.
822 4443 892 4519 lsta
919 4450 974 4517 est
998 4443 1158 4518 secunda
1175 4464 1258 4538 pars
1278 4445 1471 4541 generalis,
1488 4446 1525 4518 in
1542 4465 1616 4538 qua

446 4574 554 4642 autor
579 4565 748 4640 describit
772 4564 1037 4639 distinctionem
1063 4585 1175 4657 quam
1201 4565 1285 4639 lecit
1305 4564 1474 4662 Virgilius
1490 4566 1537 4640 ad
1552 4585 1616 4640 or-

508 4782 536 4845 (¹)
553 4784 584 4833 ll.
601 4783 695 4833 loetida
710 4789 737 4833 et
754 4797 857 4834 amare.

508 4859 536 4920 (Ἴ
551 4858 582 4909 E.
599 4857 684 4908 taliter
701 4857 805 4909 locutus
819 4863 859 4909 ost
875 4859 938 4909 milri
955 4859 1088 4922 magister,
1104 4864 1130 4909 ct
1146 4860 1240 4910 statim.

479 4934 773 4999 psoensium.
