3990 6540
812 808 950 866 caurus
974 810 1158 868 sEmlllls.
1505 800 1576 867 ddd

408 956 513 1031 tinno
536 955 683 1048 quando
709 976 805 1029 uuus
829 956 989 1030 moritur
1017 957 1076 1031 rel
1107 955 1302 1051 deponitur
1325 978 1349 1031 a
1374 961 1471 1030 statu
1497 975 1577 1047 suo,

312 1166 316 1174 Δ
407 1076 529 1151 statim
554 1074 648 1149 alius
673 1076 769 1149 subit
793 1082 831 1150 et
856 1076 1017 1151 succedit
1047 1077 1084 1150 in
1117 1076 1213 1151 vices
1242 1077 1332 1169 eius,
1358 1084 1446 1171 puta
1459 1067 1499 1167 (¹)
1523 1074 1578 1149 di-

405 1197 594 1293 gnitatem,
627 1196 825 1290 potentiam
839 1188 889 1288 (¹),
922 1197 1064 1271 divitias
1100 1203 1138 1271 et
1175 1198 1344 1290 honores,
1376 1196 1450 1269 imo
1482 1214 1578 1288 saepe

407 1314 582 1410 prevenit
596 1305 634 1405 (³)
659 1334 744 1388 cnm
771 1315 807 1387 ri
834 1316 893 1390 vel
917 1314 1056 1408 fraude,
1074 1315 1133 1390 rel
1151 1315 1223 1388 alia
1248 1332 1485 1408 quacumque
1505 1312 1575 1387 via.

400 1439 595 1524 -oneole
614 1435 679 1508 Hic
695 1440 806 1507 autor
829 1436 931 1528 ponit
956 1434 1128 1509 ellectum
1140 1423 1179 1525 (⁴)
1207 1435 1310 1508 istius
1329 1432 1579 1507 mutabilitatis

408 1556 576 1647 iortunae,
601 1560 639 1627 et
663 1553 749 1627 dicit
773 1554 872 1646 quod
897 1574 942 1627 ex
965 1555 1033 1627 boc
1050 1553 1218 1647 sequitur
1235 1553 1334 1646 quod
1351 1553 1399 1625 illi
1417 1570 1579 1645 conque

409 1680 544 1748 runtur
567 1680 606 1747 et
629 1673 883 1766 obloquuntur
907 1671 953 1747 de
977 1672 1137 1766 fortuna,
1155 1673 1218 1766 qui
1240 1672 1489 1746 rationabilius
1512 1671 1578 1746 de-

408 1792 538 1867 berent
561 1792 677 1886 ipsam
702 1792 864 1866 laudare.
890 1793 942 1865 llli
967 1793 1064 1865 enim
1083 1793 1257 1865 damnant
1273 1798 1311 1865 et
1327 1793 1578 1886 blasphemant

408 1914 593 1986 loctunam
618 1903 804 2005 quibusl⁵l
829 1912 905 2005 ipsa
935 1920 990 1986 est
1019 1918 1161 1986 mutua
1191 1912 1237 1986 de
1271 1912 1509 2006 prosperitate
1540 1912 1577 1984 in

407 2030 675 2123 adversitatem,
701 2036 740 2103 et
765 2036 889 2104 tamen
914 2031 1060 2104 fortuna
1085 2031 1239 2105 adversa
1264 2037 1320 2105 est
1344 2031 1468 2104 utilior
1492 2049 1579 2124 pro-

408 2169 514 2245 spera
539 2154 577 2225 et
602 2149 742 2242 melior,
760 2155 798 2223 et
823 2169 888 2243 per
904 2169 1133 2244 mnsequens
1149 2150 1375 2244 laudabilior,
1393 2149 1486 2223 sicut
1503 2154 1579 2221 tra-,

411 2270 503 2344 dunt
525 2288 655 2344 omnes
671 2276 832 2362 autores,
850 2276 888 2343 et
904 2269 1052 2343 Boetius
1068 2269 1106 2341 in
1122 2270 1177 2341 lll.
1199 2270 1361 2344 Adversa
1378 2270 1475 2343 enim
1494 2269 1577 2343 iacit

412 2390 596 2464 bominem
621 2389 852 2482 prudentem,
877 2388 1055 2482 sobrium,
1078 2394 1349 2482 temperatum3
1374 2387 1575 2482 *prospera

409 2529 498 2585 vero
522 2508 676 2582 infatuat
700 2527 848 2581 sensum
876 2507 1030 2580 bominis
1056 2514 1093 2582 et
1118 2507 1235 2582 reddit
1259 2508 1377 2602 ipsum
1399 2507 1577 2600 intempe-

407 2619 784 2721 ratum*(⁶),mollem,
798 2626 1076 2722 elloeminatum,
1093 2633 1130 2702 et
1146 2646 1235 2702 vere
1251 2626 1504 2701 difficillimum
1522 2631 1577 2700 est

407 2748 500 2822 sure
526 2767 657 2842 regere
681 2766 893 2841 prosperam
919 2746 1117 2841 fortunam,
1143 2768 1227 2841 quae
1245 2766 1318 2821 non
1334 2745 1472 2840 patitur
1489 2745 1578 2820 lroe-

407 2888 507 2940 num.
534 2866 636 2939 Unde
660 2866 865 2942 Alexander
889 2866 1037 2941 Macedo
1053 2865 1197 2941 dicebat
1213 2864 1386 2939 militibus
1403 2865 1478 2939 suis
1491 2888 1501 2939 :
1515 2869 1576 2959 so·

406 2986 504 3058 altus
527 2993 579 3058 ert
601 2986 696 3059 vodo
711 2988 900 3059 edoceam
915 3005 1021 3076 wem
1036 2987 1223 3057 secondom
1239 3004 1363 3075 repere
1381 2988 1575 3077 fortunium,

407 3109 449 3179 ut
465 3103 577 3179 refert
592 3104 747 3191 Quintus
763 3105 930 3197 Curtius3
947 3104 1022 3177 imo
1040 3110 1081 3176 ut
1099 3099 1273 3197 accipiam
1291 3102 1432 3175 notiora
1450 3121 1578 3176 exem·

408 3225 478 3318 pla,
495 3224 649 3298 Romani
669 3224 826 3300 durante
850 3224 1069 3298 adversitate
1094 3222 1260 3297 lecerunt
1284 3221 1407 3294 omnia
1433 3240 1577 3294 memo-

407 3341 519 3416 randa
543 3349 646 3438 gesta
663 3350 700 3418 et
718 3343 894 3436 virtuosa,
919 3342 1135 3417 adveniente
1160 3340 1400 3435 prosperitate
1413 3329 1449 3430 (⁷)
1480 3339 1576 3414 lece-

407 3450 544 3551 runll⁸l
569 3460 692 3535 omnia
708 3463 906 3550 ‚horrenda
932 3468 969 3536 et
994 3461 1127 3535 viciosa
1159 3460 1329 3535 facinora.
1362 3458 1453 3533 Dicit
1484 3478 1575 3553 ergo

407 3580 525 3654 bene:
554 3583 667 3667 Queat
678 3576 717 3654 de
740 3584 837 3672 colei,
868 3581 1002 3656 scilicet
1030 3581 1189 3673 fortuna,
1220 3582 1270 3652 clt'
1283 3576 1320 3653 de
1348 3586 1444 3652 tanto
1468 3586 1573 3671 posto

406 3701 444 3770 to
471 3719 584 3790 croco,
601 3699 693 3775 idest
713 3721 796 3794 quae
812 3693 848 3793 (⁹)
868 3708 1009 3774 tantum
1028 3701 1215 3776 cruciatur
1232 3700 1401 3793 quaerelis
1418 3700 1478 3776 vol
1495 3718 1574 3772 ma·

406 3815 666 3912 ledictionibus,
686 3841 761 3912 pur
784 3822 833 3893 do
857 3823 955 3893 color
979 3821 1040 3894 cte
1063 3822 1089 3892 li
1112 3822 1265 3892 domiuo
1280 3821 1351 3890 dor
1367 3819 1464 3907 lodo,
1484 3815 1574 3891 idest

405 3935 455 4011 ab
478 3935 546 4011 illis
570 3939 634 4031 qui
660 3939 796 4014 babent
827 3959 910 4013 eam
939 3939 1148 4032 adversam,
1175 3946 1263 4012 tunc
1294 3937 1391 4013 enim
1427 3936 1573 4010 fortuna
1637 3942 1641 3950 ’

405 4062 511 4151 purat
534 4058 680 4132 insidias
704 4059 854 4152 bomini,
872 4060 1018 4152 quando
1035 4059 1101 4133 sibi
1118 4058 1302 4154 applaudit
1318 4056 1573 4152 prosperitate;

406 4177 483 4269 ipsa
507 4178 604 4250 enim
625 4185 681 4252 est
701 4178 885 4252 familiaris
901 4169 1069 4253 inimicus
1085 4178 1358 4254 efficacissimus
1374 4177 1420 4251 ad
1438 4195 1574 4250 nocen-

406 4293 645 4369 dum-llo
664 4297 730 4371 Hic
746 4299 875 4372 ultimo
891 4305 1000 4372 autor
1016 4298 1198 4373 concludit
1215 4297 1252 4370 in
1269 4297 1336 4370 ista
1353 4295 1519 4387 materia,
1537 4302 1573 4367 ct

1467 4452 1572 4462 ...κ-.-

467 4532 495 4595 (¹)
511 4534 537 4584 S.
554 4539 584 4585 ut
600 4540 669 4598 puta.
1064 4536 1091 4600 (Ἴ
1108 4539 1138 4588 E.
1155 4543 1315 4602 potestatem.

466 4609 495 4672 ε’)
510 4610 541 4662 B.
558 4615 683 4675 prorenlt
697 4614 730 4673 vl,
746 4626 793 4665 aen
809 4613 908 4665 inum.

466 4688 494 4750 (⁸)
508 4687 534 4738 S.
550 4687 674 4739 Mum
689 4690 875 4741 mutabtlltalls.
1066 4692 1094 4754 (¹)
1109 4693 1136 4743 8.
1151 4692 1245 4756 qulbus
1260 4695 1359 4741 mutata
1375 4693 1422 4740 uc

465 4762 492 4826 (⁸)
507 4763 544 4812 La
560 4765 648 4826 parole
664 4763 705 4815 ira
720 4765 729 4814 l
745 4765 796 4816 due
811 4768 944 4818 ”witebi
960 4782 1024 4819 sono
1044 4768 1087 4820 del
1106 4773 1197 4819 nostro
1216 4772 1282 4818 teoto
1297 4779 1313 4817 e
1329 4766 1398 4817 dello
1413 4763 1571 4815 Strmbno.

465 4837 492 4896 θ)
507 4837 538 4887 n
554 4837 684 4890 emtore

463 4912 490 4976 (¹)
506 4912 533 4964 S.
549 4913 830 4970 icoemmborrldaet
847 4919 949 4972 vitiosa.
1060 4921 1158 4984 l‘lllt,
1175 4934 1234 4987 qn·
1249 4926 1311 4971 tur.
