4154 6546
864 828 1002 883 murus
1027 826 1204 894 QUARTUS·
1553 821 1620 886 169

447 980 577 1052 tudine.
604 975 648 1048 Et
673 973 860 1070 signanter
889 973 989 1068 ponit
1020 973 1138 1068 ipsum
1172 970 1303 1067 sotum,
1335 978 1414 1046 tum
1445 975 1530 1069 quia
1556 975 1623 1049 iste
1692 995 1695 1002 ·

446 1098 545 1173 solus
569 1096 665 1170 iuter
690 1093 894 1168 Saraoenos
918 1092 1105 1187 potissime
1130 1090 1274 1165 videtur
1299 1091 1431 1189 dignus
1448 1085 1486 1186 (⁴)
1504 1094 1622 1188 iama3

445 1216 617 1294 omnihus
634 1213 733 1289 enim
751 1212 943 1288 Saracenis
961 1212 1106 1287 videtur
1123 1211 1301 1307 eripuisse
1324 1213 1511 1309 virtutem,
1529 1216 1623 1289 sicut

446 1335 655 1413 ieronimus
680 1352 831 1408 omnem
857 1332 1030 1407 virtutem
1066 1333 1286 1426 sclavorum,
1318 1355 1404 1407 cum
1435 1356 1481 1410 ex
1512 1335 1623 1411 Sara·

447 1456 546 1531 cenis
571 1454 679 1550 pauci
704 1443 911 1527 habeantur
926 1443 962 1544 (¹)
991 1452 1139 1545 samosi3
1167 1458 1246 1525 tum
1265 1454 1352 1546 quia
1377 1454 1444 1528 iuit
1461 1455 1623 1552 singula-

449 1574 615 1648 rissimus
639 1572 676 1644 in
700 1570 835 1645 vidute
860 1571 1088 1664 temporibus
1113 1569 1198 1644 suis.
1594 1556 1638 1602 *s

523 1697 589 1769 Poi
612 1695 673 1766 che
691 1694 833 1766 ’maai
862 1691 932 1764 ista
950 1696 1005 1765 est
1024 1691 1068 1763 Vl
1087 1697 1124 1765 et
1141 1691 1269 1766 ultima
1287 1694 1476 1789 particula,
1495 1695 1623 1789 inqua

451 1822 560 1892 autor
585 1813 749 1889 nominat
765 1811 865 1886 viros
881 1811 1000 1885 claros
1016 1810 1214 1905 sapientiae,
1231 1813 1366 1888 scilieet
1381 1815 1623 1911 philosophos,

450 1941 488 2010 et
513 1934 631 2029 primo
655 1930 856 2027 principem
882 1928 1180 2024 philosophorum
1199 1930 1429 2008 Aristotilem.
1456 1936 1508 2009 nd
1526 1935 1624 2029 quod

449 2053 650 2128 notandum
685 2071 798 2145 quam
812 2039 850 2140 (³)
877 2048 1090 2122 mirabiliter
1116 2055 1153 2123 et
1177 2050 1338 2126 breviter
1363 2060 1473 2128 autor
1497 2055 1625 2130 lauda-

450 2173 543 2250 verit
568 2173 690 2247 virum
718 2171 830 2245 istum
856 2189 1047 2263 nunquam
1070 2169 1155 2243 satis
1173 2169 1385 2266 laudatum3
1412 2194 1496 2248 nam
1523 2196 1571 2249 ne
1589 2176 1624 2249 in

450 2290 686 2370 laudatissimi
717 2289 875 2366 hominis
904 2286 1014 2363 laude
1047 2287 1200 2382 deficiat,
1237 2290 1346 2366 unioo
1375 2294 1490 2368 verbo
1522 2315 1625 2370 uom-

449 2412 639 2510 prehendit
664 2410 792 2487 laudes
808 2409 976 2484 omnium
994 2407 1245 2505 laudatorum3
1264 2413 1350 2504 quia
1367 2413 1396 2487 si
1417 2403 1519 2506 estt‘)
1544 2436 1624 2490 ma-

452 2533 565 2632 gister
588 2533 755 2609 omnium
782 2530 987 2625 sapientum
1019 2529 1239 2604 merentium
1270 2531 1429 2627 laudem,
1456 2556 1569 2628 quam
1587 2529 1625 2626 (⁵)

451 2674 542 2752 orgo
567 2653 715 2728 laudem
743 2652 922 2726 maiorem
945 2649 1063 2743 potuit
1087 2656 1196 2724 autor
1213 2651 1279 2725 sibi
1296 2652 1410 2727 daret
1427 2653 1535 2730 Certe
1552 2658 1624 2730 don

306 2766 319 2789 Χ
448 2776 564 2851 video.
591 2773 684 2848 Dicit
712 2792 826 2868 orgo:
869 2772 945 2844 thi
973 2772 1000 2843 't
1030 2779 1184 2844 rnmstro
1213 2774 1251 2845 dt
1280 2776 1380 2846 rotor
1408 2776 1468 2848 cte
1496 2762 1639 2865 suarm]

450 2894 553 2986 idest
578 2890 820 2985 Aristotelem,
850 2889 914 2984 qui
946 2895 1002 2964 est
1026 2891 1231 2987 principalis
1262 2894 1436 2990 magister
1459 2896 1625 2969 omnium

453 3012 646 3088 scientium
671 3009 818 3103 aliquid.
832 3010 945 3085 'Unde
970 3017 1068 3104 nota,
1084 3012 1209 3106 lector,
1227 3014 1326 3106 quod
1344 3013 1553 3090 Aristoteles
1572 3021 1627 3090 est

453 3133 629 3229 magister
659 3128 886 3205 medioorum
915 3149 982 3225 per
1012 3131 1209 3226 physicam,
1238 3133 1411 3228 magister
1435 3135 1626 3231 theologo·

455 3272 539 3326 rum
565 3272 632 3346 per
656 3249 953 3346 metaphysicam‚
985 3250 1158 3346 magister
1172 3241 1209 3341 (⁶)
1233 3251 1445 3346 legistarum
1471 3273 1538 3347 per
1562 3274 1629 3347 po-

453 3371 599 3464 liticam,
626 3368 800 3466 magister
824 3369 1022 3444 moralium
1048 3388 1115 3463 per
1136 3370 1322 3465 ethymm,
1340 3372 1515 3467 magister
1539 3393 1627 3467 poe-

453 3499 576 3566 tarum
595 3509 661 3585 par
680 3489 871 3584 poetriam,
891 3488 1067 3586 magister
1082 3495 1274 3563 oratorum
1301 3511 1369 3585 per
1393 3491 1638 3601 rhetorime

453 3613 550 3709 Ergo
564 3611 660 3685 heue
677 3609 853 3705 magister
869 3609 1030 3703 optimus
1046 3609 1213 3683 omnium
1228 3610 1501 3707 magistrorum.
1519 3617 1626 3687 seder

449 3740 508 3806 tra
528 3731 700 3824 fitmoltoo
721 3731 897 3822 sumptio,
922 3727 1025 3822 idest,
1043 3728 1137 3803 inter
1161 3729 1393 3825 philosophos
1416 3752 1546 3806 omnes
1572 3732 1626 3805 ia-

451 3851 611 3925 miiiares
636 3868 735 3943 suos,
752 3854 943 3942 tamquam
963 3869 1121 3945 magnus
1138 3838 1176 3939 (⁷)
1198 3856 1303 3943 pater
1324 3850 1477 3925 familias
1497 3860 1626 3926 ornnes

451 3988 615 4065 mouens,
640 3986 771 4043 omnes
795 3966 941 4060 doeens,
966 3968 1134 4042 omnium
1161 3989 1308 4044 errores
1327 3971 1526 4067 surrigens.
1548 3972 1627 4067 lpse

452 4089 550 4165 enim
585 4089 779 4193 impugnat
800 4077 839 4178 (⁸)
867 4107 997 4162 omnes
1027 4089 1214 4184 opiniones
1248 4111 1423 4167 ermnms
1453 4098 1491 4168 et
1522 4092 1628 4167 falsas

455 4207 621 4282 omnium
647 4206 818 4300 aliorum,
840 4226 979 4300 ponens
1004 4206 1134 4283 deinde
1151 4230 1257 4284 suam
1277 4218 1466 4306 tamquam
1488 4232 1628 4287 veram.

456 4329 594 4402 Tamen
625 4327 712 4422 ipse,
739 4333 929 4421 tamquam
960 4328 1297 4421 providentissimus
1316 4321 1366 4425 (⁹),
1393 4331 1429 4404 in
1460 4331 1630 4405 omnibus

517 4572 544 4631 Γ)
561 4574 614 4630 tie,
631 4570 801 4635 omisimus
1100 4569 1126 4629 ζ’)
1145 4575 1198 4626 rto.
1216 4573 1290 4635 pauci
1307 4573 1364 4623 sint.

518 4646 544 4707 (’)
560 4647 586 4698 S.
602 4645 681 4711 qnod.
1099 4646 1125 4706 ζ’)
1143 4651 1196 4705 itt,
1214 4649 1234 4697 st
1252 4648 1407 4699 Aristoteles
1422 4655 1462 4700 ast
1478 4651 1610 4714 magister.

515 4723 541 4784 ξ)
559 4726 613 4784 tit,
628 4735 707 4787 qnam
723 4722 828 4773 tundam
845 4724 981 4774 maiorem.
992 4724 1053 4773 -S.
1071 4737 1150 4787 quam
1166 4737 1230 4789 ergo
1246 4726 1371 4777 maiorem
1388 4727 1482 4790 potuit.

515 4797 541 4860 (¹)
559 4801 612 4858 111,
631 4799 753 4863 moptster
768 4805 904 4862 poetarum
920 4804 972 4850 ate.
1098 4800 1173 4862 ξ’)Ε.
1191 4802 1326 4852 mntmus.

517 4873 543 4934 ⁴)
561 4878 613 4934 111,
632 4874 761 4938 improbat
776 4881 803 4926 et
820 4876 955 4941 impugnat
971 4879 1110 4940 opiniones.

517 4948 545 5012 ς’)
563 4949 592 4998 a
610 4960 625 4998 e
643 4951 696 5009 111,
714 4951 939 5014 prudentissimus.
