4154 6546
764 769 902 823 carrus
929 769 1085 823 uncinus
1109 766 1302 822 succubus.
1543 755 1612 821 409

446 919 599 990 Etcum
626 915 778 989 baberet
802 913 895 987 duas
921 933 1057 987 uxores
1083 933 1195 986 unam
1222 912 1503 1008 Syracusanam,
1521 911 1615 984 alte-

446 1060 525 1112 ram
552 1038 598 1111 dc
622 1036 744 1110 Locris
769 1034 916 1108 civitate
940 1034 1129 1127 Calabria,
1160 1054 1350 1126 nunquam
1383 1033 1543 1105 intrabat
1568 1030 1614 1104 ad

445 1179 507 1234 eas
534 1157 599 1231 nisi
625 1156 744 1251 primo
769 1161 1064 1249 perscrutaretur
1081 1154 1110 1226 si
1129 1154 1306 1227 baberent
1331 1152 1472 1225 ferrum
1499 1171 1616 1244 usque

445 1277 491 1353 ad
517 1276 787 1352 extremitatem
815 1274 1035 1347 tunicarum.
1071 1274 1171 1346 Ultra
1206 1266 1334 1363 lraeci¹l
1362 1272 1488 1345 nolens
1513 1292 1617 1344 com-

446 1399 593 1472 mittere
616 1418 656 1471 se
683 1395 851 1469 manibus
878 1402 1080 1486 tonsorum,
1106 1393 1230 1467 docuit
1251 1392 1340 1466 lilias
1361 1412 1447 1465 suas
1464 1391 1617 1465 tondere

446 1539 554 1611 eum;
580 1525 618 1591 et
648 1538 733 1591 cum
767 1516 871 1590 iactae
901 1521 1023 1589 esseut
1048 1535 1192 1610 magna
1220 1513 1376 1588 removit
1400 1513 1540 1587 ferrum
1567 1513 1614 1586 ab

446 1639 510 1731 eis,
528 1644 565 1713 et
589 1637 744 1713 iaciebat
769 1637 867 1731 quod
892 1658 979 1711 cum
996 1636 1215 1711 carbonibus
1230 1635 1443 1709 ardentibus
1461 1634 1617 1708 combu-

448 1760 577 1834 rebant
601 1759 666 1832 sibi
693 1759 846 1831 barbam
872 1765 909 1832 et
934 1758 1090 1853 capillos.
1118 1757 1239 1831 Semel
1256 1766 1382 1831 autem
1403 1776 1489 1828 cum
1507 1756 1618 1831 vellet

447 1879 574 1954 ludere
597 1879 645 1952 ad
669 1879 791 1972 pilam,
817 1877 912 1951 sicut
935 1900 1031 1973 saepe
1056 1878 1206 1970 solebat,
1225 1877 1389 1970 spoliavit
1406 1876 1472 1950 sibi
1490 1875 1618 1948 clami-

447 2000 544 2092 dem,
562 2021 674 2092 quam
703 1998 845 2072 tradidit
870 1999 980 2072 simul
1005 2019 1091 2072 cum
1108 1998 1228 2093 gladio
1245 1997 1368 2072 iuveni
1386 2017 1498 2089 quem
1515 2016 1617 2068 surn-

449 2140 509 2193 me
534 2119 714 2214 diligebat.
747 2118 849 2192 Tunc
879 2118 1027 2210 quidam
1060 2117 1245 2191 familiaris
1275 2117 1366 2189 dixit
1395 2136 1461 2210 per
1493 2115 1616 2189 iocum

448 2238 639 2333 Dionysio:
666 2237 862 2311 committis
888 2245 928 2310 tu
955 2237 1064 2310 vitam
1092 2243 1194 2310 tuam
1216 2236 1296 2309 istit
1318 2243 1457 2310 etcum
1476 2235 1617 2308 iuvenis

447 2358 637 2453 arrisisset,
664 2358 854 2452 Dionysius
879 2357 998 2432 statim
1027 2357 1211 2430 mandavit
1231 2357 1329 2450 quod
1349 2355 1616 2430 interficeretur

450 2488 625 2574 uterque3
652 2502 761 2573 unus,
782 2480 869 2571 quia
893 2479 1209 2553 demonstraverat
1235 2477 1332 2551 viam
1359 2475 1618 2569 interficiendi,

449 2602 552 2693 alter,
584 2600 671 2693 quia
700 2599 967 2694 approbaverat
998 2597 1086 2670 illud
1115 2598 1252 2672 dictum
1288 2598 1375 2671 risu.
1414 2597 1495 2684 Quo
1524 2595 1618 2670 lacto

448 2726 574 2813 postea
599 2725 741 2792 tautum
767 2717 882 2791 doluit
907 2718 1109 2813 Dionysius,
1136 2719 1234 2811 quod
1260 2718 1346 2790 nibil
1376 2716 1503 2791 babuit
1531 2736 1619 2811 gra·

449 2840 529 2913 vius
554 2838 592 2910 in
616 2839 690 2912 rita
715 2859 794 2931 sua,
821 2837 908 2930 qnia
933 2838 1073 2912 fortiter
1098 2838 1246 2912 amabat
1272 2858 1383 2930 quem
1414 2835 1617 2910 occiderat:

450 2978 523 3030 non
551 2964 673 3030 tamen
699 2956 766 3030 suit
792 2957 840 3030 ita
866 2957 989 3030 latuus
1015 2958 1113 3051 quod
1139 2958 1247 3031 vellet
1273 2978 1313 3031 se
1330 2956 1508 3048 occidere,
1524 2955 1619 3026 sicut

450 3075 664 3171 Alexander,
700 3075 774 3148 imo
805 3076 970 3170 regnavit
997 3099 1132 3150 xrnrm
1157 3076 1272 3170 annis,
1298 3082 1335 3150 et
1362 3097 1434 3149 xxv
1460 3074 1618 3148 babebat

448 3197 595 3290 quando
627 3197 829 3270 dominium
863 3196 1077 3291 occupavit3
1113 3203 1150 3271 el
1184 3197 1234 3270 sic
1265 3197 1353 3270 vixit
1379 3197 1483 3289 quasi
1509 3195 1620 3288 duplo

447 3318 642 3412 plusquam
659 3317 875 3391 Alexander.
894 3316 1085 3411 Dionysius
1100 3308 1136 3408 (²)
1157 3316 1268 3390 ctiam
1287 3316 1370 3390 lecit
1389 3318 1525 3389 multas
1543 3315 1621 3391 vio-

451 3437 578 3511 lentias
603 3442 640 3510 et
665 3436 906 3510 contumelias
931 3442 1059 3509 contra
1085 3437 1191 3528 Deos,
1217 3456 1309 3528 quas
1334 3436 1458 3510 scribit
1483 3436 1620 3510 Tullius

448 3563 485 3631 et
505 3557 668 3631 Valerius
693 3557 756 3650 qui
782 3557 920 3652 accepit
944 3558 991 3631 ab
1020 3577 1084 3650 eo;
1111 3562 1234 3631 tamen
1255 3563 1364 3629 autor
1383 3564 1504 3630 noster
1521 3557 1621 3650 ponit

447 3676 568 3770 ipsum
598 3679 656 3752 bic
688 3677 857 3772 punitum
882 3699 905 3751 a
932 3677 1100 3751 violentia
1126 3677 1429 3770 praedominante3
1456 3677 1524 3750 luit
1555 3700 1620 3750 ru-

447 3797 550 3889 beuS,
578 3799 693 3890 ieron,
719 3819 805 3872 cum
831 3797 923 3872 facie
948 3797 1173 3893 lentiginosa,
1200 3803 1242 3869 ut
1266 3802 1365 3890 patet
1389 3796 1485 3891 apud
1514 3797 1620 3871 Vale-

450 3917 556 3989 rium.
583 3917 637 3990 dd
663 3917 804 3991 literam
832 3937 922 4012 ergo
947 3924 1056 3990 autor
1080 3916 1251 3990 describit
1280 3916 1492 4011 Dionysium
1518 3937 1541 3989 a
1567 3917 1620 3990 le-

449 4037 600 4111 rocilate
615 4029 651 4128 (³)
679 4044 716 4110 et
743 4037 899 4111 violenta
925 4037 1115 4132 tyrannide
1140 4058 1220 4130 sua,
1246 4037 1392 4111 dicens:
1419 4058 1438 4108 e
1462 4039 1620 4110 Diorrisio

444 4160 524 4249 sero
552 4159 694 4250 Obulco
722 4159 841 4228 Ct'cllia
865 4178 951 4229 ouer
975 4160 1132 4230 dolorosi
1156 4161 1254 4248 nuni,
1281 4157 1366 4250 quia
1392 4179 1458 4251 per
1484 4164 1538 4233 tot
1553 4178 1620 4231 an·

445 4299 511 4351 nos
536 4276 667 4350 alllirit
694 4297 789 4367 carn,
818 4283 859 4348 ut
882 4276 1025 4351 audisti.
1053 4279 1097 4351 Et
1122 4267 1281 4369 debesl‘)
1310 4278 1404 4352 scire
1429 4277 1528 4370 quod
1553 4277 1619 4352 de-

446 4398 512 4472 bes
538 4397 741 4492 intelligere
771 4398 840 4470 boc
870 4398 916 4471 de
950 4398 1119 4492 Dionysio
1153 4405 1269 4492 patre,
1302 4398 1389 4491 quia
1428 4398 1621 4494 Dionysius

449 4517 543 4591 lilius
574 4517 837 4612 primogenitus
868 4517 947 4590 eius
976 4517 1087 4591 etiam
1118 4519 1247 4591 alllirit
1279 4518 1434 4592 Siciliam
1465 4525 1502 4592 et
1535 4539 1620 4612 par-

450 4644 526 4712 tem
544 4637 733 4730 Calabriae,
751 4644 789 4711 el
806 4637 930 4733 peiora
948 4637 1032 4712 lecit
1058 4659 1169 4731 quam
1196 4645 1311 4731 pater,
1329 4637 1414 4731 quia
1440 4638 1619 4713 interiecit

513 4811 540 4868 (¹)
557 4809 587 4859 Ε.
605 4809 678 4859 Ultra
695 4809 753 4861 boc.
1078 4810 1106 4872 (⁸)
1122 4810 1152 4859 ll.
1169 4811 1220 4859 lste
1238 4810 1377 4874 Dionysius
1392 4810 1480 4861 etlam

514 4885 541 4948 (⁸)
556 4885 586 4937 lt.
603 4885 715 4937 scritate.
1078 4887 1106 4948 (⁸)
1121 4887 1153 4937 Ε.
1170 4887 1204 4938 El
1220 4887 1297 4939 deboc
1312 4888 1457 4952 intelligere
1472 4889 1531 4939 boc.
