4154 6546
779 809 923 865 caurus
943 808 1100 864 ominus
1126 807 1288 865 rmrrus.
1550 796 1621 866 163

447 957 592 1045 moe,
617 952 709 1027 idest
737 973 849 1048 supra
883 954 1045 1047 reliquiis
1078 957 1116 1027 et
1146 951 1262 1026 ruinis
1294 952 1396 1026 tamis
1420 954 1468 1026 ab
1492 954 1622 1048 Albia,

448 1074 605 1170 quando·
621 1073 799 1148 cremavit
824 1095 921 1169 eam,
948 1081 989 1147 ut
1021 1074 1142 1148 statim
1176 1072 1317 1167 dicam3
1342 1075 1512 1146 wedder
1533 1079 1624 1168 sotto

446 1196 802 1284 memoratissimo,
820 1193 1060 1287 quiascilicet
1080 1194 1215 1268 iterum
1236 1192 1421 1267 destructa
1440 1199 1546 1288 esset,
1564 1196 1623 1268 vel

447 1314 603 1389 incensa·
620 1312 667 1388 de
692 1333 807 1406 noro;
832 1333 852 1386 e
875 1333 913 1386 se
937 1316 1258 1407 memorantem
1282 1316 1340 1387 sul
1357 1335 1467 1405 passo
1487 1314 1624 1386 d’Arrto

447 1435 588 1507 mmaee
611 1453 726 1504 nacor
749 1434 788 1505 di
811 1435 860 1505 lui
883 1436 1017 1506 aloem
1036 1435 1137 1524 rmtu,
1156 1432 1248 1508 idest
1263 1432 1411 1526 aliquod
1429 1433 1623 1528 vestigium

449 1543 633 1645 liertislb,
659 1550 795 1626 seilioet
819 1551 962 1626 idolum
975 1572 1087 1647 supra
1106 1559 1266 1653 pontem,
1284 1573 1350 1648 per
1375 1573 1488 1646 quem
1507 1559 1626 1627 trans-

450 1670 526 1746 itur
545 1671 666 1744 Arnus
685 1671 940 1766 principaliter.
968 1673 1011 1744 Et
1037 1672 1096 1746 bic
1122 1679 1220 1766 nota,
1246 1682 1288 1749 ut
1313 1673 1380 1747 ista
1406 1674 1510 1749 litera
1535 1662 1633 1748 eon?

449 1790 576 1867 eordet
600 1810 687 1865 cum
713 1791 931 1885 precedenti
957 1792 1194 1887 expositione,
1212 1813 1325 1885 quam
1346 1791 1426 1885 leci,
1440 1795 1538 1886 quod
1555 1815 1624 1867 aua

451 1919 608 1987 tornea
638 1912 750 1985 babet
778 1911 837 1985 bic
870 1918 1077 2006 respectum
1108 1912 1155 1986 ad
1189 1912 1327 1987 idolum
1352 1913 1440 1986 illud
1454 1905 1512 2007 (²),
1530 1914 1624 1987 siem

451 2033 563 2110 litera
581 2051 716 2107 sonare
740 2032 910 2124 ridetur3
935 2032 1013 2106 imo
1037 2033 1120 2109 vult
1142 2034 1262 2107 velate
1282 2034 1415 2128 dicere,
1433 2034 1532 2127 quod
1557 2034 1625 2107 nist

449 2163 550 2229 oeuet·
570 2153 692 2226 adbuc
716 2151 851 2245 aliquid
876 2151 923 2225 de
948 2152 1085 2226 virtute
1110 2159 1147 2226 et
1171 2153 1352 2246 probitate
1368 2145 1403 2245 (³)
1432 2154 1469 2226 in
1493 2153 1626 2246 aliqui«

449 2271 522 2348 bus
545 2271 650 2345 bonis
675 2269 827 2363 civibus,
853 2290 950 2364 saepe
984 2271 1165 2346 Florentia
1192 2278 1287 2346 esset
1306 2273 1384 2367 jam
1411 2293 1559 2367 eversa;
1586 2281 1627 2349 ot

450 2391 508 2466 ita·
526 2397 584 2464 est
604 2390 643 2463 in
667 2389 768 2463 omni
793 2390 939 2465 civitate
963 2361 1103 2484 madidi,
1128 2391 1214 2485 quia
1236 2391 1303 2466 nisi
1321 2392 1447 2484 virtus,
1461 2394 1624 2488 pruden-

452 2512 508 2587 tta
526 2518 564 2586 et
583 2511 725 2585 bonitas
744 2510 884 2604 aliquot
900 2531 1104 2606 paucorum
1123 2511 1335 2589 detenderet
1351 2514 1514 2588 civitates
1525 2502 1563 2606 (⁴)
1576 2515 1626 2588 ab

452 2620 509 2708 ir‘a
531 2632 597 2708 Dei
624 2637 661 2706 et
680 2631 775 2724 coeli,
794 2640 895 2707 certe
911 2638 1012 2706 unta
1029 2638 1085 2706 est
1103 2630 1297 2706 multitudo
1315 2632 1512 2726 malorum,
1525 2633 1625 2725 quod

451 2772 550 2848 cepe
574 2752 892 2847 subverterentur,
909 2752 1004 2826 sieut
1030 2760 1129 2828 recte
1153 2752 1239 2828 dicit
1253 2753 1491 2847 Augustinus,
1506 2753 1627 2848 primo

451 2872 503 2947 de.
522 2871 675 2946 Ciuitate
705 2871 768 2945 Dei
799 2871 896 2946 circa
922 2871 1151 2967 principium,
1177 2873 1224 2946 de
1249 2873 1476 2966 quibusdam·
1501 2874 1627 2967 paucis

451 2989 556 3066 bouis
587 2990 759 3065 romanis.
786 2990 858 3065 Sed
882 3011 929 3066 ne
954 2991 1130 3086 expositio
1161 2993 1255 3066 lacta
1281 2993 1447 3068 videatur
1463 2984 1500 3084 (⁵)
1526 2995 1626 3068 clare

452 3110 490 3184 in
514 3109 637 3203 aliquo
663 3109 854 3203 diminuta,
881 3110 1072 3184 rideamus
1096 3111 1231 3204 aliquid
1256 3111 1302 3184 de
1326 3112 1518 3186 eversione
1542 3113 1626 3187 Flo·

453 3229 595 3322 mntiae,
627 3228 674 3303 de
704 3249 777 3322 qua
811 3235 921 3303 autor
959 3229 1044 3303 lacit
1078 3230 1135 3303 bic
1168 3230 1403 3304 mentionem.
1439 3232 1501 3304 list
1535 3252 1626 3328 ergo

451 3349 654 3442 sciendum,
670 3347 700 3422 si
727 3356 860 3423 umen·
877 3369 1009 3423 rerum
1025 3359 1095 3443 est,
1108 3349 1206 3444 quod
1223 3349 1340 3425 lthtla
1357 3350 1542 3446 flagellum
1559 3351 1624 3425 Dei

450 3488 548 3544 anno
571 3467 712 3541 Domini
736 3468 912 3542 ccccxl
935 3468 1128 3543 destructis
1158 3470 1283 3543 multis
1317 3470 1424 3544 terris
1449 3470 1626 3545 Lombar-

449 3590 532 3684 rhe,
558 3588 724 3662 transivit
743 3587 780 3661 in
797 3588 966 3663 Tusciam
992 3599 1038 3666 et.
1054 3589 1195 3664 obsedit
1218 3590 1281 3664 dlu
1301 3590 1545 3684 Florentiam3
1563 3592 1627 3666 sed

449 3730 538 3787 mm
564 3710 700 3783 trustra
724 3714 937 3785 attentasset
963 3711 1060 3785 vires
1085 3731 1182 3804 suas,
1206 3730 1293 3785 cum
1319 3711 1445 3787 civitas
1469 3712 1626 3806 inexpu-

450 3829 605 3928 gnabilis
622 3828 822 3923 rideretur,
840 3850 932 3904 usus
957 3837 1013 3906 est
1038 3831 1168 3906 lraude
1192 3838 1229 3907 et
1253 3832 1391 3927 perfida
1411 3832 1624 3927 proditione

452 3949 613 4024 Audiam
636 3949 735 4024 enim
760 3950 860 4042 quod
880 3949 1006 4027 civitas
1023 3949 1165 4025 Pistorii
1182 3958 1265 4027 erat
1280 3951 1456 4026 continuo
1471 3951 1628 4026 adversa

452 4066 658 4163 Florentino,
679 4069 846 4164 promisit
871 4070 908 4144 in
938 4071 1103 4146 favorem
1129 4072 1407 4149 florentinorum
1434 4072 1628 4146 destruere

452 4189 648 4265 Pistorium
683 4194 720 4264 et
749 4189 838 4264 dare
867 4209 1017 4266 omnem
1048 4192 1318 4269 immunitatem
1351 4200 1389 4268 et
1420 4192 1625 4267 libertatem

452 4309 662 4403 florentinis,
693 4330 854 4403 quorum
886 4309 1096 4387 intendebat
1127 4331 1208 4387 esse
1238 4313 1390 4387 amicus
1429 4311 1625 4389 Florentini

452 4429 644 4526 improvidi
671 4436 708 4503 et
732 4428 887 4504 nimium
913 4432 1063 4525 creduli,
1082 4433 1172 4506 moti
1197 4432 1384 4506 fallacibus
1407 4432 1626 4509 adulationi-

451 4550 523 4627 bus
547 4557 585 4625 et
610 4550 849 4628 fraudulentis
871 4553 1169 4646 promissionibus
1194 4559 1423 4648 aperuerunt
1447 4553 1514 4627 sibi
1539 4574 1626 4649 por·

517 4771 543 4832 (¹)
559 4772 589 4821 E.
606 4772 684 4835 ipsius
699 4771 800 4824 Martis.
1232 4775 1259 4835 (¹)
1277 4775 1307 4824 E.
1324 4774 1402 4824 istud.

516 4847 544 4909 θ)
559 4849 612 4899 S.e
630 4849 660 4900 E.
678 4850 804 4912 probitate
820 4853 923 4916 antiqua
941 4853 974 4903 ln.
1232 4851 1259 4913 (·)
1277 4855 1331 4911 tle,
1348 4850 1487 4902 civitatem.

514 4922 543 4988 (¹)
560 4928 613 4985 ile,
631 4925 748 4976 rldealur
764 4927 790 4976 ln
807 4927 894 4994 aliquo
911 4929 997 4980 modo.
