<?xml version="1.0" encoding="UTF-8"?>
<!DOCTYPE html PUBLIC "-//W3C//DTD XHTML 1.0 Transitional//EN"
    "http://www.w3.org/TR/xhtml1/DTD/xhtml1-transitional.dtd">
<html xmlns="http://www.w3.org/1999/xhtml" xml:lang="en" lang="en">
 <head>
  <title>
</title>
<meta http-equiv="Content-Type" content="text/html;charset=utf-8" />
  <meta name='ocr-system' content='tesseract 3.04.00' />
  <meta name='ocr-capabilities' content='ocr_page ocr_carea ocr_par ocr_line ocrx_word'/>
</head>
<body>
  <div class='ocr_page' id='page_1' title='image "./comentumsuperda00benvgoog_0177.png"; bbox 0 0 4154 6546; ppageno 0'>
   <div class='ocr_carea' id='block_1_1' title="bbox 849 733 1613 800">
    <p class='ocr_par' dir='ltr' id='par_1_1' title="bbox 849 733 1613 800">
     <span class='ocr_line' id='line_1_1' title="bbox 849 733 1613 800; baseline -0.004 0"><span class='ocrx_word' id='word_1_1' title='bbox 849 743 1003 800; x_wconf 75' lang='lat' dir='ltr'><strong>‚caurus</strong></span> <span class='ocrx_word' id='word_1_2' title='bbox 1028 743 1193 798; x_wconf 81' lang='lat' dir='ltr'><strong>rnnrrus.</strong></span> <span class='ocrx_word' id='word_1_3' title='bbox 1545 733 1613 799; x_wconf 78' lang='lat'><strong>125</strong></span> 
     </span>
    </p>
   </div>
   <div class='ocr_carea' id='block_1_2' title="bbox 364 879 1662 3956">
    <p class='ocr_par' dir='ltr' id='par_1_2' title="bbox 364 879 1662 3956">
     <span class='ocr_line' id='line_1_2' title="bbox 446 879 1616 979; baseline -0.004 -14"><span class='ocrx_word' id='word_1_4' title='bbox 446 888 530 965; x_wconf 83' lang='lat' dir='ltr'><strong>tacti</strong></span> <span class='ocrx_word' id='word_1_5' title='bbox 562 908 632 962; x_wconf 87' lang='lat' dir='ltr'><strong>sna</strong></span> <span class='ocrx_word' id='word_1_6' title='bbox 664 885 872 979; x_wconf 82' lang='lat' dir='ltr'><strong>eloquentia</strong></span> <span class='ocrx_word' id='word_1_7' title='bbox 903 886 1019 959; x_wconf 91' lang='lat' dir='ltr'><strong>voluit</strong></span> <span class='ocrx_word' id='word_1_8' title='bbox 1051 905 1231 960; x_wconf 83' lang='lat' dir='ltr'><strong>excusare</strong></span> <span class='ocrx_word' id='word_1_9' title='bbox 1252 879 1314 977; x_wconf 81' lang='lat'><strong>(¹):</strong></span> <span class='ocrx_word' id='word_1_10' title='bbox 1348 886 1447 960; x_wconf 92' lang='lat' dir='ltr'><strong>unde</strong></span> <span class='ocrx_word' id='word_1_11' title='bbox 1480 887 1528 959; x_wconf 92' lang='lat' dir='ltr'><strong>ibi</strong></span> <span class='ocrx_word' id='word_1_12' title='bbox 1561 895 1616 961; x_wconf 80' lang='lat' dir='ltr'><strong>est</strong></span> 
     </span>
     <span class='ocr_line' id='line_1_3' title="bbox 445 1005 1616 1099; baseline -0.002 -18"><span class='ocrx_word' id='word_1_13' title='bbox 445 1028 551 1083; x_wconf 89' lang='lat' dir='ltr'><strong>mons</strong></span> <span class='ocrx_word' id='word_1_14' title='bbox 576 1007 614 1080; x_wconf 91' lang='lat' dir='ltr'><strong>in</strong></span> <span class='ocrx_word' id='word_1_15' title='bbox 646 1025 751 1079; x_wconf 89' lang='lat' dir='ltr'><strong>mare</strong></span> <span class='ocrx_word' id='word_1_16' title='bbox 784 1012 968 1097; x_wconf 84' lang='lat' dir='ltr'><strong>extensus,</strong></span> <span class='ocrx_word' id='word_1_17' title='bbox 1004 1006 1067 1099; x_wconf 84' lang='lat' dir='ltr'><strong>qui</strong></span> <span class='ocrx_word' id='word_1_18' title='bbox 1100 1005 1146 1078; x_wconf 91' lang='lat' dir='ltr'><strong>de</strong></span> <span class='ocrx_word' id='word_1_19' title='bbox 1179 1006 1327 1079; x_wconf 90' lang='lat' dir='ltr'><strong>nomine</strong></span> <span class='ocrx_word' id='word_1_20' title='bbox 1360 1005 1502 1079; x_wconf 86' lang='lat' dir='ltr'><strong>llisseni</strong></span> <span class='ocrx_word' id='word_1_21' title='bbox 1533 1006 1616 1079; x_wconf 90' lang='lat' dir='ltr'><strong>llis-</strong></span> 
     </span>
     <span class='ocr_line' id='line_1_4' title="bbox 445 1116 1617 1219; baseline -0.002 -17"><span class='ocrx_word' id='word_1_22' title='bbox 445 1147 556 1203; x_wconf 88' lang='lat' dir='ltr'><strong>senus</strong></span> <span class='ocrx_word' id='word_1_23' title='bbox 581 1131 734 1200; x_wconf 85' lang='lat' dir='ltr'><strong>vocatur</strong></span> <span class='ocrx_word' id='word_1_24' title='bbox 754 1116 802 1216; x_wconf 71' lang='lat'><strong>(²).</strong></span> <span class='ocrx_word' id='word_1_25' title='bbox 826 1124 996 1198; x_wconf 82' lang='lat' dir='ltr'><strong>Finaliter</strong></span> <span class='ocrx_word' id='word_1_26' title='bbox 1020 1131 1146 1199; x_wconf 88' lang='lat' dir='ltr'><strong>autern</strong></span> <span class='ocrx_word' id='word_1_27' title='bbox 1172 1125 1282 1198; x_wconf 82' lang='lat' dir='ltr'>Cesar</span> <span class='ocrx_word' id='word_1_28' title='bbox 1306 1127 1494 1219; x_wconf 82' lang='lat' dir='ltr'><strong>Augustus</strong></span> <span class='ocrx_word' id='word_1_29' title='bbox 1518 1127 1617 1201; x_wconf 87' lang='lat' dir='ltr'><strong>hunc</strong></span> 
     </span>
     <span class='ocr_line' id='line_1_5' title="bbox 447 1241 1617 1339; baseline -0.003 -17"><span class='ocrx_word' id='word_1_30' title='bbox 447 1247 568 1321; x_wconf 80' lang='lat' dir='ltr'><strong>lacurn</strong></span> <span class='ocrx_word' id='word_1_31' title='bbox 594 1243 766 1339; x_wconf 78' lang='lat' dir='ltr'><strong>purgavit</strong></span> <span class='ocrx_word' id='word_1_32' title='bbox 782 1243 917 1317; x_wconf 88' lang='lat' dir='ltr'><strong>taciens</strong></span> <span class='ocrx_word' id='word_1_33' title='bbox 935 1241 1043 1316; x_wconf 89' lang='lat' dir='ltr'><strong>incidi</strong></span> <span class='ocrx_word' id='word_1_34' title='bbox 1060 1250 1098 1317; x_wconf 84' lang='lat' dir='ltr'><strong>et</strong></span> <span class='ocrx_word' id='word_1_35' title='bbox 1114 1243 1287 1336; x_wconf 82' lang='lat' dir='ltr'><strong>extirpari</strong></span> <span class='ocrx_word' id='word_1_36' title='bbox 1307 1242 1468 1336; x_wconf 90' lang='lat' dir='ltr'><strong>undique</strong></span> <span class='ocrx_word' id='word_1_37' title='bbox 1490 1264 1617 1319; x_wconf 77' lang='lat' dir='ltr'><strong>omnes</strong></span> 
     </span>
     <span class='ocr_line' id='line_1_6' title="bbox 448 1353 1620 1458; baseline -0.002 -19"><span class='ocrx_word' id='word_1_38' title='bbox 448 1364 568 1458; x_wconf 66' lang='lat' dir='ltr'><strong>silum,</strong></span> <span class='ocrx_word' id='word_1_39' title='bbox 595 1370 633 1438; x_wconf 90' lang='lat' dir='ltr'><strong>et</strong></span> <span class='ocrx_word' id='word_1_40' title='bbox 666 1362 718 1437; x_wconf 90' lang='lat' dir='ltr'><strong>sic</strong></span> <span class='ocrx_word' id='word_1_41' title='bbox 752 1361 904 1437; x_wconf 80' lang='lat' dir='ltr'><strong>reddidit</strong></span> <span class='ocrx_word' id='word_1_42' title='bbox 940 1363 1063 1435; x_wconf 87' lang='lat' dir='ltr'><strong>locum</strong></span> <span class='ocrx_word' id='word_1_43' title='bbox 1091 1353 1128 1452; x_wconf 73' lang='lat'><strong>(³)</strong></span> <span class='ocrx_word' id='word_1_44' title='bbox 1163 1382 1339 1435; x_wconf 86' lang='lat' dir='ltr'><strong>amenum</strong></span> <span class='ocrx_word' id='word_1_45' title='bbox 1370 1370 1483 1456; x_wconf 86' lang='lat' dir='ltr'><strong>atque</strong></span> <span class='ocrx_word' id='word_1_46' title='bbox 1520 1366 1620 1437; x_wconf 88' lang='lat' dir='ltr'><strong>salu·</strong></span> 
     </span>
     <span class='ocr_line' id='line_1_7' title="bbox 450 1479 1619 1576; baseline 0 -20"><span class='ocrx_word' id='word_1_47' title='bbox 450 1484 567 1556; x_wconf 89' lang='lat' dir='ltr'><strong>brem.</strong></span> <span class='ocrx_word' id='word_1_48' title='bbox 599 1483 674 1556; x_wconf 86' lang='lat' dir='ltr'><strong>Nec</strong></span> <span class='ocrx_word' id='word_1_49' title='bbox 702 1480 819 1554; x_wconf 90' lang='lat' dir='ltr'><strong>miror</strong></span> <span class='ocrx_word' id='word_1_50' title='bbox 853 1480 952 1574; x_wconf 91' lang='lat' dir='ltr'><strong>quod</strong></span> <span class='ocrx_word' id='word_1_51' title='bbox 985 1481 1022 1553; x_wconf 95' lang='lat' dir='ltr'><strong>in</strong></span> <span class='ocrx_word' id='word_1_52' title='bbox 1054 1479 1183 1554; x_wconf 87' lang='lat' dir='ltr'><strong>eadem</strong></span> <span class='ocrx_word' id='word_1_53' title='bbox 1217 1488 1322 1575; x_wconf 89' lang='lat' dir='ltr'><strong>parte</strong></span> <span class='ocrx_word' id='word_1_54' title='bbox 1357 1482 1453 1556; x_wconf 89' lang='lat' dir='ltr'><strong>circa</strong></span> <span class='ocrx_word' id='word_1_55' title='bbox 1488 1483 1619 1576; x_wconf 86' lang='lat' dir='ltr'><strong>praedi-</strong></span> 
     </span>
     <span class='ocr_line' id='line_1_8' title="bbox 453 1599 1617 1695; baseline 0.002 -21"><span class='ocrx_word' id='word_1_56' title='bbox 453 1606 553 1674; x_wconf 86' lang='lat' dir='ltr'><strong>ctum</strong></span> <span class='ocrx_word' id='word_1_57' title='bbox 579 1600 701 1674; x_wconf 85' lang='lat' dir='ltr'><strong>lacurn</strong></span> <span class='ocrx_word' id='word_1_58' title='bbox 731 1605 930 1693; x_wconf 89' lang='lat' dir='ltr'><strong>erumpunt</strong></span> <span class='ocrx_word' id='word_1_59' title='bbox 960 1599 1077 1672; x_wconf 84' lang='lat' dir='ltr'><strong>tontes</strong></span> <span class='ocrx_word' id='word_1_60' title='bbox 1101 1605 1264 1693; x_wconf 74' lang='lat' dir='ltr'><strong>dependes</strong></span> <span class='ocrx_word' id='word_1_61' title='bbox 1290 1601 1483 1674; x_wconf 70' lang='lat' dir='ltr'><strong>notabilius</strong></span> <span class='ocrx_word' id='word_1_62' title='bbox 1506 1623 1617 1695; x_wconf 86' lang='lat' dir='ltr'><strong>quarn</strong></span> 
     </span>
     <span class='ocr_line' id='line_1_9' title="bbox 452 1719 1617 1815; baseline 0.002 -22"><span class='ocrx_word' id='word_1_63' title='bbox 452 1721 490 1793; x_wconf 97' lang='lat' dir='ltr'><strong>in</strong></span> <span class='ocrx_word' id='word_1_64' title='bbox 514 1719 636 1813; x_wconf 86' lang='lat' dir='ltr'><strong>aliqua</strong></span> <span class='ocrx_word' id='word_1_65' title='bbox 661 1726 765 1815; x_wconf 88' lang='lat' dir='ltr'><strong>parte</strong></span> <span class='ocrx_word' id='word_1_66' title='bbox 790 1719 913 1811; x_wconf 76' lang='lat' dir='ltr'><strong>ltalia,</strong></span> <span class='ocrx_word' id='word_1_67' title='bbox 940 1739 1101 1810; x_wconf 89' lang='lat' dir='ltr'><strong>quorum</strong></span> <span class='ocrx_word' id='word_1_68' title='bbox 1125 1720 1237 1813; x_wconf 81' lang='lat' dir='ltr'><strong>adqui</strong></span> <span class='ocrx_word' id='word_1_69' title='bbox 1263 1720 1434 1793; x_wconf 82' lang='lat' dir='ltr'><strong>emittunt</strong></span> <span class='ocrx_word' id='word_1_70' title='bbox 1458 1721 1617 1795; x_wconf 87' lang='lat' dir='ltr'><strong>cinerem</strong></span> 
     </span>
     <span class='ocr_line' id='line_1_10' title="bbox 453 1838 1619 1934; baseline 0.001 -22"><span class='ocrx_word' id='word_1_71' title='bbox 453 1839 694 1932; x_wconf 88' lang='lat' dir='ltr'><strong>sulphureum</strong></span> <span class='ocrx_word' id='word_1_72' title='bbox 719 1859 764 1914; x_wconf 89' lang='lat' dir='ltr'><strong>ac</strong></span> <span class='ocrx_word' id='word_1_73' title='bbox 789 1838 1003 1913; x_wconf 79' lang='lat' dir='ltr'><strong>ferventem.</strong></span> <span class='ocrx_word' id='word_1_74' title='bbox 1030 1839 1092 1911; x_wconf 84' lang='lat' dir='ltr'><strong>Est</strong></span> <span class='ocrx_word' id='word_1_75' title='bbox 1121 1840 1231 1912; x_wconf 88' lang='lat' dir='ltr'><strong>etiam</strong></span> <span class='ocrx_word' id='word_1_76' title='bbox 1263 1839 1393 1933; x_wconf 86' lang='lat' dir='ltr'><strong>aliquis</strong></span> <span class='ocrx_word' id='word_1_77' title='bbox 1426 1840 1526 1914; x_wconf 88' lang='lat' dir='ltr'><strong>locus</strong></span> <span class='ocrx_word' id='word_1_78' title='bbox 1559 1841 1619 1934; x_wconf 90' lang='lat' dir='ltr'><strong>ibi,</strong></span> 
     </span>
     <span class='ocr_line' id='line_1_11' title="bbox 453 1956 1620 2054; baseline 0.003 -22"><span class='ocrx_word' id='word_1_79' title='bbox 453 1958 516 2032; x_wconf 87' lang='lat' dir='ltr'><strong>uhi</strong></span> <span class='ocrx_word' id='word_1_80' title='bbox 541 1963 641 2033; x_wconf 87' lang='lat' dir='ltr'><strong>terra</strong></span> <span class='ocrx_word' id='word_1_81' title='bbox 665 1958 743 2032; x_wconf 92' lang='lat' dir='ltr'><strong>sine</strong></span> <span class='ocrx_word' id='word_1_82' title='bbox 767 1957 853 2054; x_wconf 82' lang='lat' dir='ltr'><strong>igne</strong></span> <span class='ocrx_word' id='word_1_83' title='bbox 878 1956 1017 2049; x_wconf 83' lang='lat' dir='ltr'><strong>visibili,</strong></span> <span class='ocrx_word' id='word_1_84' title='bbox 1043 1956 1121 2031; x_wconf 91' lang='lat' dir='ltr'><strong>sine</strong></span> <span class='ocrx_word' id='word_1_85' title='bbox 1145 1957 1260 2051; x_wconf 86' lang='lat' dir='ltr'><strong>aquis,</strong></span> <span class='ocrx_word' id='word_1_86' title='bbox 1290 1958 1458 2052; x_wconf 82' lang='lat' dir='ltr'><strong>producit</strong></span> <span class='ocrx_word' id='word_1_87' title='bbox 1483 1962 1620 2035; x_wconf 87' lang='lat' dir='ltr'><strong>saluta-</strong></span> 
     </span>
     <span class='ocr_line' id='line_1_12' title="bbox 454 2076 1662 2171; baseline 0.002 -21"><span class='ocrx_word' id='word_1_88' title='bbox 454 2097 533 2153; x_wconf 89' lang='lat' dir='ltr'><strong>rem</strong></span> <span class='ocrx_word' id='word_1_89' title='bbox 549 2095 734 2170; x_wconf 69' lang='lat' dir='ltr'><strong>uaporem</strong></span> <span class='ocrx_word' id='word_1_90' title='bbox 760 2083 798 2150; x_wconf 91' lang='lat' dir='ltr'><strong>et</strong></span> <span class='ocrx_word' id='word_1_91' title='bbox 821 2076 967 2149; x_wconf 83' lang='lat' dir='ltr'><strong>turnum</strong></span> <span class='ocrx_word' id='word_1_92' title='bbox 997 2076 1250 2150; x_wconf 83' lang='lat' dir='ltr'><strong>medicinalem</strong></span> <span class='ocrx_word' id='word_1_93' title='bbox 1280 2079 1495 2171; x_wconf 87' lang='lat' dir='ltr'><strong>corporibus</strong></span> <span class='ocrx_word' id='word_1_94' title='bbox 1520 2078 1620 2152; x_wconf 87' lang='lat' dir='ltr'><strong>intir-</strong></span> <span class='ocrx_word' id='word_1_95' title='bbox 1655 2103 1662 2115; x_wconf 91' lang='lat'><strong>·</strong></span> 
     </span>
     <span class='ocr_line' id='line_1_13' title="bbox 453 2194 1621 2290; baseline 0.001 -19"><span class='ocrx_word' id='word_1_96' title='bbox 453 2216 613 2271; x_wconf 89' lang='lat' dir='ltr'><strong>morum.</strong></span> <span class='ocrx_word' id='word_1_97' title='bbox 639 2194 725 2270; x_wconf 91' lang='lat' dir='ltr'><strong>ldeo</strong></span> <span class='ocrx_word' id='word_1_98' title='bbox 741 2195 837 2270; x_wconf 89' lang='lat' dir='ltr'><strong>bene</strong></span> <span class='ocrx_word' id='word_1_99' title='bbox 852 2194 1071 2269; x_wconf 87' lang='lat' dir='ltr'><strong>novissimus</strong></span> <span class='ocrx_word' id='word_1_100' title='bbox 1087 2200 1194 2288; x_wconf 85' lang='lat' dir='ltr'><strong>poeta</strong></span> <span class='ocrx_word' id='word_1_101' title='bbox 1212 2196 1382 2270; x_wconf 86' lang='lat' dir='ltr'><strong>Petrarca</strong></span> <span class='ocrx_word' id='word_1_102' title='bbox 1401 2197 1438 2272; x_wconf 93' lang='lat' dir='ltr'><strong>in</strong></span> <span class='ocrx_word' id='word_1_103' title='bbox 1461 2198 1621 2290; x_wconf 88' lang='lat' dir='ltr'><strong>quadam</strong></span> 
     </span>
     <span class='ocr_line' id='line_1_14' title="bbox 453 2304 1624 2410; baseline 0.002 -20"><span class='ocrx_word' id='word_1_104' title='bbox 453 2316 610 2410; x_wconf 78' lang='lat' dir='ltr'><strong>Epistula</strong></span> <span class='ocrx_word' id='word_1_105' title='bbox 635 2334 715 2407; x_wconf 88' lang='lat' dir='ltr'><strong>sua,</strong></span> <span class='ocrx_word' id='word_1_106' title='bbox 732 2334 846 2408; x_wconf 85' lang='lat' dir='ltr'><strong>quarn</strong></span> <span class='ocrx_word' id='word_1_107' title='bbox 869 2314 1100 2388; x_wconf 86' lang='lat' dir='ltr'><strong>Itinerarinm</strong></span> <span class='ocrx_word' id='word_1_108' title='bbox 1123 2321 1240 2406; x_wconf 87' lang='lat' dir='ltr'><strong>vocat,</strong></span> <span class='ocrx_word' id='word_1_109' title='bbox 1261 2314 1346 2391; x_wconf 90' lang='lat' dir='ltr'><strong>dicit</strong></span> <span class='ocrx_word' id='word_1_110' title='bbox 1361 2304 1418 2407; x_wconf 60' lang='grc' dir='ltr'><strong>(ῆι</strong></span> <span class='ocrx_word' id='word_1_111' title='bbox 1443 2320 1493 2390; x_wconf 81' lang='lat' dir='ltr'><strong>sic</strong></span> <span class='ocrx_word' id='word_1_112' title='bbox 1509 2321 1624 2392; x_wconf 79' lang='lat' dir='ltr'><strong>dicere</strong></span> 
     </span>
     <span class='ocr_line' id='line_1_15' title="bbox 450 2426 1625 2527; baseline 0 -18"><span class='ocrx_word' id='word_1_113' title='bbox 450 2443 547 2527; x_wconf 75' lang='lat' dir='ltr'><strong>poten</strong></span> <span class='ocrx_word' id='word_1_114' title='bbox 570 2435 665 2525; x_wconf 74' lang='lat' dir='ltr'><strong>quod</strong></span> <span class='ocrx_word' id='word_1_115' title='bbox 686 2436 725 2506; x_wconf 81' lang='lat' dir='ltr'><strong>io</strong></span> <span class='ocrx_word' id='word_1_116' title='bbox 749 2435 875 2506; x_wconf 77' lang='lat' dir='ltr'><strong>eisdem</strong></span> <span class='ocrx_word' id='word_1_117' title='bbox 899 2436 983 2506; x_wconf 71' lang='lat' dir='ltr'><strong>locis</strong></span> <span class='ocrx_word' id='word_1_118' title='bbox 1005 2437 1226 2506; x_wconf 67' lang='lat' dir='ltr'><strong>coemerint</strong></span> <span class='ocrx_word' id='word_1_119' title='bbox 1236 2426 1274 2525; x_wconf 81' lang='lat'><strong>(⁵)</strong></span> <span class='ocrx_word' id='word_1_120' title='bbox 1291 2438 1481 2508; x_wconf 76' lang='lat' dir='ltr'><strong>renudinm</strong></span> <span class='ocrx_word' id='word_1_121' title='bbox 1497 2439 1575 2509; x_wconf 80' lang='lat' dir='ltr'><strong>uitoe</strong></span> <span class='ocrx_word' id='word_1_122' title='bbox 1592 2444 1625 2509; x_wconf 85' lang='lat' dir='ltr'><strong>ct</strong></span> 
     </span>
     <span class='ocr_line' id='line_1_16' title="bbox 452 2552 1624 2649; baseline 0.001 -22"><span class='ocrx_word' id='word_1_123' title='bbox 452 2555 585 2627; x_wconf 70' lang='lat' dir='ltr'><strong>Miror</strong></span> <span class='ocrx_word' id='word_1_124' title='bbox 607 2555 741 2625; x_wconf 59' lang='lat' dir='ltr'><strong>mods.</strong></span> <span class='ocrx_word' id='word_1_125' title='bbox 768 2552 865 2625; x_wconf 87' lang='lat' dir='ltr'><strong>lnira</strong></span> <span class='ocrx_word' id='word_1_126' title='bbox 888 2552 1083 2626; x_wconf 81' lang='lat' dir='ltr'><strong>Missenunr</strong></span> <span class='ocrx_word' id='word_1_127' title='bbox 1109 2552 1219 2626; x_wconf 90' lang='lat' dir='ltr'><strong>etiarn</strong></span> <span class='ocrx_word' id='word_1_128' title='bbox 1244 2559 1330 2625; x_wconf 90' lang='lat' dir='ltr'><strong>sunt</strong></span> <span class='ocrx_word' id='word_1_129' title='bbox 1354 2555 1463 2647; x_wconf 83' lang='lat' dir='ltr'><strong>Bajae,</strong></span> <span class='ocrx_word' id='word_1_130' title='bbox 1488 2554 1540 2628; x_wconf 90' lang='lat' dir='ltr'><strong>sic</strong></span> <span class='ocrx_word' id='word_1_131' title='bbox 1559 2575 1624 2649; x_wconf 85' lang='lat' dir='ltr'><strong>ap-</strong></span> 
     </span>
     <span class='ocr_line' id='line_1_17' title="bbox 454 2670 1623 2768; baseline 0.003 -21"><span class='ocrx_word' id='word_1_132' title='bbox 454 2673 595 2768; x_wconf 79' lang='lat' dir='ltr'><strong>pellatae</strong></span> <span class='ocrx_word' id='word_1_133' title='bbox 619 2692 643 2747; x_wconf 89' lang='lat' dir='ltr'><strong>a</strong></span> <span class='ocrx_word' id='word_1_134' title='bbox 667 2671 829 2765; x_wconf 89' lang='lat' dir='ltr'><strong>quodam</strong></span> <span class='ocrx_word' id='word_1_135' title='bbox 854 2671 953 2746; x_wconf 91' lang='lat' dir='ltr'><strong>socio</strong></span> <span class='ocrx_word' id='word_1_136' title='bbox 978 2671 1100 2766; x_wconf 82' lang='lat' dir='ltr'><strong>Ulyxis</strong></span> <span class='ocrx_word' id='word_1_137' title='bbox 1117 2670 1166 2745; x_wconf 88' lang='lat' dir='ltr'><strong>ibi</strong></span> <span class='ocrx_word' id='word_1_138' title='bbox 1186 2672 1340 2766; x_wconf 83' lang='lat' dir='ltr'><strong>sepulto,</strong></span> <span class='ocrx_word' id='word_1_139' title='bbox 1357 2693 1446 2748; x_wconf 86' lang='lat' dir='ltr'><strong>vere</strong></span> <span class='ocrx_word' id='word_1_140' title='bbox 1462 2675 1623 2751; x_wconf 75' lang='lat' dir='ltr'><strong>hiberna</strong></span> 
     </span>
     <span class='ocr_line' id='line_1_18' title="bbox 364 2791 1623 2889; baseline 0.002 -23"><span class='ocrx_word' id='word_1_141' title='bbox 364 2820 368 2829; x_wconf 96' lang='lat'>·</span> <span class='ocrx_word' id='word_1_142' title='bbox 456 2792 592 2867; x_wconf 78' lang='lat' dir='ltr'><strong>dedciae</strong></span> <span class='ocrx_word' id='word_1_143' title='bbox 620 2793 897 2883; x_wconf 65' lang='lat' dir='ltr'><strong>Romanorum</strong></span> <span class='ocrx_word' id='word_1_144' title='bbox 930 2791 1029 2883; x_wconf 90' lang='lat' dir='ltr'><strong>qnod</strong></span> <span class='ocrx_word' id='word_1_145' title='bbox 1062 2811 1292 2865; x_wconf 87' lang='lat' dir='ltr'><strong>marmorum</strong></span> <span class='ocrx_word' id='word_1_146' title='bbox 1323 2793 1474 2889; x_wconf 78' lang='lat' dir='ltr'><strong>vestigia</strong></span> <span class='ocrx_word' id='word_1_147' title='bbox 1504 2794 1623 2869; x_wconf 88' lang='lat' dir='ltr'><strong>adhuc</strong></span> 
     </span>
     <span class='ocr_line' id='line_1_19' title="bbox 459 2908 1624 3008; baseline 0.002 -23"><span class='ocrx_word' id='word_1_148' title='bbox 459 2916 648 2985; x_wconf 80' lang='lat' dir='ltr'><strong>testantur.</strong></span> <span class='ocrx_word' id='word_1_149' title='bbox 673 2911 759 2985; x_wconf 81' lang='lat' dir='ltr'><strong>llaec</strong></span> <span class='ocrx_word' id='word_1_150' title='bbox 784 2908 945 2984; x_wconf 82' lang='lat' dir='ltr'><strong>breviter</strong></span> <span class='ocrx_word' id='word_1_151' title='bbox 969 2908 1065 2983; x_wconf 84' lang='lat' dir='ltr'><strong>dicta</strong></span> <span class='ocrx_word' id='word_1_152' title='bbox 1081 2909 1152 2981; x_wconf 90' lang='lat' dir='ltr'><strong>sint</strong></span> <span class='ocrx_word' id='word_1_153' title='bbox 1168 2911 1338 2984; x_wconf 89' lang='lat' dir='ltr'><strong>historice</strong></span> <span class='ocrx_word' id='word_1_154' title='bbox 1354 2911 1401 2986; x_wconf 92' lang='lat' dir='ltr'><strong>de</strong></span> <span class='ocrx_word' id='word_1_155' title='bbox 1416 2913 1485 2987; x_wconf 90' lang='lat' dir='ltr'><strong>isto</strong></span> <span class='ocrx_word' id='word_1_156' title='bbox 1502 2934 1624 3008; x_wconf 82' lang='lat' dir='ltr'><strong>passu,</strong></span> 
     </span>
     <span class='ocr_line' id='line_1_20' title="bbox 458 3017 1621 3122; baseline -0.001 -18"><span class='ocrx_word' id='word_1_157' title='bbox 458 3035 496 3104; x_wconf 90' lang='lat' dir='ltr'><strong>et</strong></span> <span class='ocrx_word' id='word_1_158' title='bbox 520 3026 674 3103; x_wconf 86' lang='lat' dir='ltr'><strong>transitu</strong></span> <span class='ocrx_word' id='word_1_159' title='bbox 699 3017 917 3120; x_wconf 83' lang='lat' dir='ltr'><strong>adiutores,</strong></span> <span class='ocrx_word' id='word_1_160' title='bbox 944 3028 1007 3122; x_wconf 90' lang='lat' dir='ltr'><strong>qui</strong></span> <span class='ocrx_word' id='word_1_161' title='bbox 1035 3028 1167 3103; x_wconf 83' lang='lat' dir='ltr'><strong>dicitur</strong></span> <span class='ocrx_word' id='word_1_162' title='bbox 1192 3027 1359 3102; x_wconf 78' lang='lat' dir='ltr'><strong>Avernus</strong></span> <span class='ocrx_word' id='word_1_163' title='bbox 1383 3038 1421 3104; x_wconf 88' lang='lat' dir='ltr'><strong>et</strong></span> <span class='ocrx_word' id='word_1_164' title='bbox 1444 3033 1621 3106; x_wconf 81' lang='lat' dir='ltr'><strong>Acheron.</strong></span> 
     </span>
     <span class='ocr_line' id='line_1_21' title="bbox 458 3137 1625 3242; baseline 0.002 -21"><span class='ocrx_word' id='word_1_165' title='bbox 458 3145 661 3242; x_wconf 72' lang='lat' dir='ltr'><strong>adegeriee</strong></span> <span class='ocrx_word' id='word_1_166' title='bbox 684 3166 774 3221; x_wconf 82' lang='lat' dir='ltr'><strong>vero</strong></span> <span class='ocrx_word' id='word_1_167' title='bbox 796 3147 966 3222; x_wconf 77' lang='lat' dir='ltr'><strong>Acheron</strong></span> <span class='ocrx_word' id='word_1_168' title='bbox 992 3145 1128 3242; x_wconf 78' lang='lat' dir='ltr'><strong>figurat</strong></span> <span class='ocrx_word' id='word_1_169' title='bbox 1141 3137 1178 3238; x_wconf 79' lang='lat'><strong>(⁶)</strong></span> <span class='ocrx_word' id='word_1_170' title='bbox 1210 3147 1247 3219; x_wconf 93' lang='lat' dir='ltr'><strong>in</strong></span> <span class='ocrx_word' id='word_1_171' title='bbox 1276 3148 1437 3242; x_wconf 81' lang='lat' dir='ltr'><strong>generali</strong></span> <span class='ocrx_word' id='word_1_172' title='bbox 1468 3149 1625 3223; x_wconf 89' lang='lat' dir='ltr'><strong>munda·</strong></span> 
     </span>
     <span class='ocr_line' id='line_1_22' title="bbox 458 3263 1624 3359; baseline 0.001 -19"><span class='ocrx_word' id='word_1_173' title='bbox 458 3286 546 3340; x_wconf 87' lang='lat' dir='ltr'><strong>nam</strong></span> <span class='ocrx_word' id='word_1_174' title='bbox 578 3263 918 3359; x_wconf 78' lang='lat' dir='ltr'><strong>concupiscentiam,</strong></span> <span class='ocrx_word' id='word_1_175' title='bbox 951 3284 1018 3359; x_wconf 89' lang='lat' dir='ltr'><strong>per</strong></span> <span class='ocrx_word' id='word_1_176' title='bbox 1052 3285 1164 3357; x_wconf 86' lang='lat' dir='ltr'><strong>quarn</strong></span> <span class='ocrx_word' id='word_1_177' title='bbox 1198 3284 1326 3339; x_wconf 84' lang='lat' dir='ltr'><strong>ornnes</strong></span> <span class='ocrx_word' id='word_1_178' title='bbox 1357 3272 1546 3340; x_wconf 90' lang='lat' dir='ltr'><strong>transeunt</strong></span> <span class='ocrx_word' id='word_1_179' title='bbox 1578 3268 1624 3343; x_wconf 88' lang='lat' dir='ltr'><strong>ad</strong></span> 
     </span>
     <span class='ocr_line' id='line_1_23' title="bbox 458 3381 1625 3481; baseline 0.001 -22"><span class='ocrx_word' id='word_1_180' title='bbox 458 3385 655 3459; x_wconf 84' lang='lat' dir='ltr'><strong>internum.</strong></span> <span class='ocrx_word' id='word_1_181' title='bbox 680 3389 726 3459; x_wconf 75' lang='lat' dir='ltr'><strong>nt</strong></span> <span class='ocrx_word' id='word_1_182' title='bbox 746 3405 835 3459; x_wconf 80' lang='lat' dir='ltr'><strong>ecco.</strong></span> <span class='ocrx_word' id='word_1_183' title='bbox 853 3385 918 3458; x_wconf 88' lang='lat' dir='ltr'><strong>llic</strong></span> <span class='ocrx_word' id='word_1_184' title='bbox 934 3390 1056 3476; x_wconf 86' lang='lat' dir='ltr'><strong>autor,</strong></span> <span class='ocrx_word' id='word_1_185' title='bbox 1072 3381 1252 3477; x_wconf 89' lang='lat' dir='ltr'><strong>descripto</strong></span> <span class='ocrx_word' id='word_1_186' title='bbox 1272 3383 1423 3458; x_wconf 88' lang='lat' dir='ltr'><strong>tlumine</strong></span> <span class='ocrx_word' id='word_1_187' title='bbox 1448 3384 1625 3481; x_wconf 78' lang='lat' dir='ltr'><strong>infernali,</strong></span> 
     </span>
     <span class='ocr_line' id='line_1_24' title="bbox 458 3492 1629 3601; baseline 0.002 -22"><span class='ocrx_word' id='word_1_188' title='bbox 458 3504 522 3600; x_wconf 83' lang='lat' dir='ltr'><strong>qui</strong></span> <span class='ocrx_word' id='word_1_189' title='bbox 545 3503 678 3579; x_wconf 86' lang='lat' dir='ltr'><strong>dicitur</strong></span> <span class='ocrx_word' id='word_1_190' title='bbox 701 3503 871 3579; x_wconf 81' lang='lat' dir='ltr'><strong>Acheron</strong></span> <span class='ocrx_word' id='word_1_191' title='bbox 885 3492 934 3594; x_wconf 63' lang='lat' dir='ltr'><strong>C).</strong></span> <span class='ocrx_word' id='word_1_192' title='bbox 957 3501 1011 3576; x_wconf 80' lang='lat' dir='ltr'><strong>Ad</strong></span> <span class='ocrx_word' id='word_1_193' title='bbox 1036 3502 1141 3576; x_wconf 89' lang='lat' dir='ltr'><strong>cuius</strong></span> <span class='ocrx_word' id='word_1_194' title='bbox 1161 3503 1380 3578; x_wconf 86' lang='lat' dir='ltr'><strong>evidentiam</strong></span> <span class='ocrx_word' id='word_1_195' title='bbox 1405 3512 1460 3580; x_wconf 82' lang='lat' dir='ltr'><strong>est</strong></span> <span class='ocrx_word' id='word_1_196' title='bbox 1485 3527 1629 3601; x_wconf 82' lang='lat' dir='ltr'><strong>preno-</strong></span> 
     </span>
     <span class='ocr_line' id='line_1_25' title="bbox 458 3621 1629 3718; baseline -0.001 -19"><span class='ocrx_word' id='word_1_197' title='bbox 458 3623 610 3699; x_wconf 83' lang='lat' dir='ltr'><strong>tandum</strong></span> <span class='ocrx_word' id='word_1_198' title='bbox 627 3621 726 3717; x_wconf 83' lang='lat' dir='ltr'><strong>quod</strong></span> <span class='ocrx_word' id='word_1_199' title='bbox 743 3622 887 3697; x_wconf 85' lang='lat' dir='ltr'><strong>Charon</strong></span> <span class='ocrx_word' id='word_1_200' title='bbox 904 3621 1040 3718; x_wconf 77' lang='lat' dir='ltr'><strong>figurat</strong></span> <span class='ocrx_word' id='word_1_201' title='bbox 1057 3629 1213 3716; x_wconf 81' lang='lat' dir='ltr'><strong>tenipus,</strong></span> <span class='ocrx_word' id='word_1_202' title='bbox 1227 3624 1325 3698; x_wconf 94' lang='lat' dir='ltr'><strong>unde</strong></span> <span class='ocrx_word' id='word_1_203' title='bbox 1341 3623 1473 3700; x_wconf 89' lang='lat' dir='ltr'><strong>dicitur</strong></span> <span class='ocrx_word' id='word_1_204' title='bbox 1488 3629 1629 3698; x_wconf 64' lang='lat' dir='ltr'><strong>Oinoa</strong></span> 
     </span>
     <span class='ocr_line' id='line_1_26' title="bbox 458 3730 1629 3837; baseline 0 -20"><span class='ocrx_word' id='word_1_205' title='bbox 458 3742 561 3837; x_wconf 79' lang='lat' dir='ltr'><strong>quasi</strong></span> <span class='ocrx_word' id='word_1_206' title='bbox 586 3730 786 3836; x_wconf 57' lang='lat' dir='ltr'><strong>amend),</strong></span> <span class='ocrx_word' id='word_1_207' title='bbox 813 3740 904 3817; x_wconf 85' lang='lat' dir='ltr'><strong>idest</strong></span> <span class='ocrx_word' id='word_1_208' title='bbox 928 3746 1099 3834; x_wconf 90' lang='lat' dir='ltr'><strong>tempus;</strong></span> <span class='ocrx_word' id='word_1_209' title='bbox 1124 3761 1211 3816; x_wconf 86' lang='lat' dir='ltr'><strong>nam</strong></span> <span class='ocrx_word' id='word_1_210' title='bbox 1236 3748 1273 3815; x_wconf 87' lang='lat' dir='ltr'><strong>et</strong></span> <span class='ocrx_word' id='word_1_211' title='bbox 1297 3743 1467 3818; x_wconf 87' lang='lat' dir='ltr'><strong>chronica</strong></span> <span class='ocrx_word' id='word_1_212' title='bbox 1497 3743 1629 3819; x_wconf 89' lang='lat' dir='ltr'><strong>dicitur</strong></span> 
     </span>
     <span class='ocr_line' id='line_1_27' title="bbox 460 3859 1630 3956; baseline -0.001 -19"><span class='ocrx_word' id='word_1_213' title='bbox 460 3861 551 3937; x_wconf 85' lang='lat' dir='ltr'><strong>liber</strong></span> <span class='ocrx_word' id='word_1_214' title='bbox 568 3859 758 3936; x_wconf 87' lang='lat' dir='ltr'><strong>continens</strong></span> <span class='ocrx_word' id='word_1_215' title='bbox 774 3865 878 3956; x_wconf 78' lang='lat' dir='ltr'><strong>gesta</strong></span> <span class='ocrx_word' id='word_1_216' title='bbox 895 3865 1116 3954; x_wconf 87' lang='lat' dir='ltr'><strong>temporum.</strong></span> <span class='ocrx_word' id='word_1_217' title='bbox 1133 3860 1243 3934; x_wconf 88' lang='lat' dir='ltr'><strong>Navis</strong></span> <span class='ocrx_word' id='word_1_218' title='bbox 1258 3868 1384 3936; x_wconf 88' lang='lat' dir='ltr'><strong>autem</strong></span> <span class='ocrx_word' id='word_1_219' title='bbox 1401 3868 1457 3937; x_wconf 76' lang='lat' dir='ltr'><strong>est</strong></span> <span class='ocrx_word' id='word_1_220' title='bbox 1470 3863 1543 3936; x_wconf 86' lang='lat' dir='ltr'><strong>vita</strong></span> <span class='ocrx_word' id='word_1_221' title='bbox 1559 3863 1630 3936; x_wconf 89' lang='lat' dir='ltr'><strong>hu·</strong></span> 
     </span>
    </p>
   </div>
   <div class='ocr_carea' id='block_1_3' title="bbox 460 3971 1629 4072">
    <p class='ocr_par' dir='ltr' id='par_1_3' title="bbox 460 3971 1629 4072">
     <span class='ocr_line' id='line_1_28' title="bbox 460 3971 1629 4072; baseline 0 -17"><span class='ocrx_word' id='word_1_222' title='bbox 460 4000 571 4055; x_wconf 87' lang='lat' dir='ltr'><strong>mana</strong></span> <span class='ocrx_word' id='word_1_223' title='bbox 586 3978 713 4054; x_wconf 88' lang='lat' dir='ltr'><strong>debilis</strong></span> <span class='ocrx_word' id='word_1_224' title='bbox 730 3985 767 4054; x_wconf 92' lang='lat' dir='ltr'><strong>et</strong></span> <span class='ocrx_word' id='word_1_225' title='bbox 783 3977 966 4072; x_wconf 83' lang='lat' dir='ltr'><strong>instabilis,</strong></span> <span class='ocrx_word' id='word_1_226' title='bbox 992 3999 1068 4072; x_wconf 82' lang='lat' dir='ltr'><strong>qua</strong></span> <span class='ocrx_word' id='word_1_227' title='bbox 1092 3978 1240 4072; x_wconf 87' lang='lat' dir='ltr'><strong>quidam</strong></span> <span class='ocrx_word' id='word_1_228' title='bbox 1254 3971 1292 4070; x_wconf 56' lang='grc' dir='ltr'><strong>(θ)</strong></span> <span class='ocrx_word' id='word_1_229' title='bbox 1312 3980 1485 4054; x_wconf 87' lang='lat' dir='ltr'><strong>transitus</strong></span> <span class='ocrx_word' id='word_1_230' title='bbox 1502 3981 1543 4054; x_wconf 87' lang='lat' dir='ltr'><strong>tit</strong></span> <span class='ocrx_word' id='word_1_231' title='bbox 1559 3981 1629 4055; x_wconf 84' lang='lat' dir='ltr'><strong>sul)</strong></span> 
     </span>
    </p>
   </div>
   <div class='ocr_carea' id='block_1_4' title="bbox 463 4212 1633 4826">
    <p class='ocr_par' dir='ltr' id='par_1_4' title="bbox 513 4212 962 4293">
     <span class='ocr_line' id='line_1_29' title="bbox 513 4212 962 4293; baseline -0.007 -12"><span class='ocrx_word' id='word_1_232' title='bbox 513 4212 553 4293; x_wconf 73' lang='grc'><strong>’(’1</strong></span> <span class='ocrx_word' id='word_1_233' title='bbox 566 4232 599 4281; x_wconf 75' lang='lat' dir='ltr'><strong>li.</strong></span> <span class='ocrx_word' id='word_1_234' title='bbox 614 4242 745 4291; x_wconf 72' lang='lat' dir='ltr'><strong>ammam,</strong></span> <span class='ocrx_word' id='word_1_235' title='bbox 762 4228 808 4279; x_wconf 76' lang='lat' dir='ltr'><strong>nti</strong></span> <span class='ocrx_word' id='word_1_236' title='bbox 822 4233 862 4280; x_wconf 76' lang='lat' dir='ltr'><strong>eat</strong></span> <span class='ocrx_word' id='word_1_237' title='bbox 877 4241 962 4279; x_wconf 73' lang='lat' dir='ltr'><strong>mona.</strong></span> 
     </span>
    </p>

    <p class='ocr_par' dir='ltr' id='par_1_5' title="bbox 525 4304 1555 4369">
     <span class='ocr_line' id='line_1_30' title="bbox 525 4304 1555 4369; baseline -0.002 -12"><span class='ocrx_word' id='word_1_238' title='bbox 525 4304 553 4369; x_wconf 65' lang='grc' dir='ltr'><strong>(Ἴ</strong></span> <span class='ocrx_word' id='word_1_239' title='bbox 567 4305 594 4357; x_wconf 77' lang='lat' dir='ltr'><strong>S.</strong></span> <span class='ocrx_word' id='word_1_240' title='bbox 609 4311 716 4357; x_wconf 74' lang='lat' dir='ltr'><strong>recatus</strong></span> <span class='ocrx_word' id='word_1_241' title='bbox 730 4310 778 4356; x_wconf 79' lang='lat' dir='ltr'><strong>eut.</strong></span> <span class='ocrx_word' id='word_1_242' title='bbox 1150 4304 1177 4367; x_wconf 80' lang='lat'><strong>(⁸)</strong></span> <span class='ocrx_word' id='word_1_243' title='bbox 1195 4308 1249 4364; x_wconf 80' lang='lat' dir='ltr'><strong>llo,</strong></span> <span class='ocrx_word' id='word_1_244' title='bbox 1266 4304 1361 4355; x_wconf 75' lang='lat' dir='ltr'><strong>lacurn.</strong></span> <span class='ocrx_word' id='word_1_245' title='bbox 1372 4305 1441 4355; x_wconf 84' lang='grc' dir='ltr'><strong>-Ε,</strong></span> <span class='ocrx_word' id='word_1_246' title='bbox 1459 4305 1555 4356; x_wconf 89' lang='lat' dir='ltr'><strong>locum.</strong></span> 
     </span>
    </p>

    <p class='ocr_par' dir='ltr' id='par_1_6' title="bbox 524 4379 1588 4446">
     <span class='ocr_line' id='line_1_31' title="bbox 524 4379 1588 4446; baseline -0.004 -12"><span class='ocrx_word' id='word_1_247' title='bbox 524 4379 1588 4446; x_wconf 59' lang='lat' dir='ltr'><strong>fill-dluttdccdtoenpotuquodoamtnoicdomloetroemmmmdtnm.</strong></span> 
     </span>
    </p>

    <p class='ocr_par' dir='ltr' id='par_1_7' title="bbox 525 4453 1378 4523">
     <span class='ocr_line' id='line_1_32' title="bbox 525 4453 1378 4523; baseline -0.004 -13"><span class='ocrx_word' id='word_1_248' title='bbox 525 4459 553 4523; x_wconf 60' lang='grc' dir='ltr'><strong>θ)</strong></span> <span class='ocrx_word' id='word_1_249' title='bbox 569 4463 624 4519; x_wconf 69' lang='lat' dir='ltr'><strong>tlt,</strong></span> <span class='ocrx_word' id='word_1_250' title='bbox 639 4461 800 4509; x_wconf 70' lang='lat' dir='ltr'><strong>mutant.</strong></span> <span class='ocrx_word' id='word_1_251' title='bbox 1158 4453 1185 4517; x_wconf 67' lang='grc' dir='ltr'><strong>(Ἴ</strong></span> <span class='ocrx_word' id='word_1_252' title='bbox 1201 4453 1227 4505; x_wconf 88' lang='lat' dir='ltr'><strong>S.</strong></span> <span class='ocrx_word' id='word_1_253' title='bbox 1244 4455 1378 4519; x_wconf 68' lang='lat' dir='ltr'><strong>significat.</strong></span> 
     </span>
    </p>

    <p class='ocr_par' dir='ltr' id='par_1_8' title="bbox 463 4528 1633 4750">
     <span class='ocr_line' id='line_1_33' title="bbox 524 4528 1629 4597; baseline -0.005 -12"><span class='ocrx_word' id='word_1_254' title='bbox 524 4532 623 4597; x_wconf 68' lang='lat' dir='ltr'><strong>Otto.</strong></span> <span class='ocrx_word' id='word_1_255' title='bbox 639 4532 670 4584; x_wconf 82' lang='lat' dir='ltr'><strong>B.</strong></span> <span class='ocrx_word' id='word_1_256' title='bbox 685 4545 701 4583; x_wconf 84' lang='lat' dir='ltr'><strong>e</strong></span> <span class='ocrx_word' id='word_1_257' title='bbox 715 4531 741 4584; x_wconf 83' lang='lat' dir='ltr'><strong>S.</strong></span> <span class='ocrx_word' id='word_1_258' title='bbox 758 4530 890 4592; x_wconf 69' lang='lat' dir='ltr'><strong>Acheron,</strong></span> <span class='ocrx_word' id='word_1_259' title='bbox 913 4545 983 4582; x_wconf 89' lang='lat' dir='ltr'><strong>nunc</strong></span> <span class='ocrx_word' id='word_1_260' title='bbox 1005 4530 1128 4581; x_wconf 83' lang='lat' dir='ltr'><strong>describit</strong></span> <span class='ocrx_word' id='word_1_261' title='bbox 1143 4534 1247 4580; x_wconf 75' lang='lat' dir='ltr'><strong>nautam</strong></span> <span class='ocrx_word' id='word_1_262' title='bbox 1265 4530 1328 4594; x_wconf 61' lang='lat' dir='ltr'><strong>eins</strong></span> <span class='ocrx_word' id='word_1_263' title='bbox 1346 4532 1392 4596; x_wconf 74' lang='lat' dir='ltr'><strong>qul</strong></span> <span class='ocrx_word' id='word_1_264' title='bbox 1407 4530 1503 4582; x_wconf 86' lang='lat' dir='ltr'><strong>dicitnr</strong></span> <span class='ocrx_word' id='word_1_265' title='bbox 1518 4528 1629 4583; x_wconf 76' lang='lat' dir='ltr'><strong>Charon.</strong></span> 
     </span>
     <span class='ocr_line' id='line_1_34' title="bbox 464 4606 1633 4676; baseline -0.003 -13"><span class='ocrx_word' id='word_1_266' title='bbox 464 4610 508 4663; x_wconf 73' lang='lat' dir='ltr'><strong>M</strong></span> <span class='ocrx_word' id='word_1_267' title='bbox 522 4610 597 4676; x_wconf 69' lang='lat' dir='ltr'><strong>cuins</strong></span> <span class='ocrx_word' id='word_1_268' title='bbox 611 4608 806 4673; x_wconf 61' lang='lat' dir='ltr'><strong>intelllmlnrn</strong></span> <span class='ocrx_word' id='word_1_269' title='bbox 826 4608 951 4658; x_wconf 80' lang='lat' dir='ltr'><strong>est-B.</strong></span> <span class='ocrx_word' id='word_1_270' title='bbox 967 4608 1013 4672; x_wconf 80' lang='lat' dir='ltr'><strong>qul</strong></span> <span class='ocrx_word' id='word_1_271' title='bbox 1029 4607 1122 4660; x_wconf 89' lang='lat' dir='ltr'><strong>dicltnr</strong></span> <span class='ocrx_word' id='word_1_272' title='bbox 1138 4606 1249 4667; x_wconf 75' lang='lat' dir='ltr'><strong>Charon,</strong></span> <span class='ocrx_word' id='word_1_273' title='bbox 1266 4608 1339 4671; x_wconf 73' lang='lat' dir='ltr'><strong>qaut</strong></span> <span class='ocrx_word' id='word_1_274' title='bbox 1354 4606 1466 4668; x_wconf 77' lang='lat' dir='ltr'><strong>cronon,</strong></span> <span class='ocrx_word' id='word_1_275' title='bbox 1483 4607 1549 4659; x_wconf 75' lang='lat' dir='ltr'><strong>idest</strong></span> <span class='ocrx_word' id='word_1_276' title='bbox 1565 4611 1633 4659; x_wconf 78' lang='lat' dir='ltr'><strong>tem·</strong></span> 
     </span>
     <span class='ocr_line' id='line_1_35' title="bbox 463 4684 1523 4750; baseline -0.001 -12"><span class='ocrx_word' id='word_1_277' title='bbox 463 4698 519 4750; x_wconf 68' lang='lat' dir='ltr'><strong>nna.</strong></span> <span class='ocrx_word' id='word_1_278' title='bbox 535 4684 601 4738; x_wconf 74' lang='lat' dir='ltr'><strong>Num</strong></span> <span class='ocrx_word' id='word_1_279' title='bbox 616 4689 644 4735; x_wconf 83' lang='lat' dir='ltr'><strong>et</strong></span> <span class='ocrx_word' id='word_1_280' title='bbox 658 4685 762 4736; x_wconf 76' lang='lat' dir='ltr'><strong>croutca</strong></span> <span class='ocrx_word' id='word_1_281' title='bbox 778 4684 874 4734; x_wconf 86' lang='lat' dir='ltr'><strong>dicitnr</strong></span> <span class='ocrx_word' id='word_1_282' title='bbox 888 4685 955 4735; x_wconf 79' lang='lat' dir='ltr'><strong>llber</strong></span> <span class='ocrx_word' id='word_1_283' title='bbox 971 4685 1105 4735; x_wconf 78' lang='lat' dir='ltr'><strong>continens</strong></span> <span class='ocrx_word' id='word_1_284' title='bbox 1121 4689 1193 4749; x_wconf 66' lang='lat' dir='ltr'><strong>gesta</strong></span> <span class='ocrx_word' id='word_1_285' title='bbox 1209 4687 1365 4747; x_wconf 77' lang='lat' dir='ltr'><strong>temporum.</strong></span> <span class='ocrx_word' id='word_1_286' title='bbox 1381 4684 1459 4737; x_wconf 71' lang='lat' dir='ltr'><strong>llari·</strong></span> <span class='ocrx_word' id='word_1_287' title='bbox 1473 4688 1523 4736; x_wconf 77' lang='lat' dir='ltr'><strong>etc.</strong></span> 
     </span>
    </p>

    <p class='ocr_par' dir='ltr' id='par_1_9' title="bbox 526 4758 1410 4826">
     <span class='ocr_line' id='line_1_36' title="bbox 526 4758 1410 4826; baseline 0.001 -14"><span class='ocrx_word' id='word_1_288' title='bbox 526 4759 554 4826; x_wconf 64' lang='grc' dir='ltr'><strong>ι’)</strong></span> <span class='ocrx_word' id='word_1_289' title='bbox 569 4761 626 4812; x_wconf 80' lang='lat' dir='ltr'><strong>Non</strong></span> <span class='ocrx_word' id='word_1_290' title='bbox 642 4763 658 4812; x_wconf 71' lang='lat' dir='ltr'><strong>d</strong></span> <span class='ocrx_word' id='word_1_291' title='bbox 672 4765 761 4825; x_wconf 71' lang='lat' dir='ltr'><strong>questu</strong></span> <span class='ocrx_word' id='word_1_292' title='bbox 778 4758 796 4811; x_wconf 86' lang='lat' dir='ltr'><strong>l&#39;</strong></span> <span class='ocrx_word' id='word_1_293' title='bbox 806 4759 957 4824; x_wconf 64' lang='lat' dir='ltr'><strong>otlnclogln</strong></span> <span class='ocrx_word' id='word_1_294' title='bbox 972 4761 1000 4812; x_wconf 76' lang='lat' dir='ltr'><strong>dt</strong></span> <span class='ocrx_word' id='word_1_295' title='bbox 1019 4761 1128 4813; x_wconf 64' lang='lat' dir='ltr'><strong>Cimon.</strong></span> <span class='ocrx_word' id='word_1_296' title='bbox 1144 4761 1210 4811; x_wconf 83' lang='lat' dir='ltr'><strong>Vedl</strong></span> <span class='ocrx_word' id='word_1_297' title='bbox 1226 4761 1244 4810; x_wconf 90' lang='lat' dir='ltr'><strong>ll</strong></span> <span class='ocrx_word' id='word_1_298' title='bbox 1262 4760 1410 4813; x_wconf 80' lang='lat' dir='ltr'><strong>Foroelllnl.</strong></span> 
     </span>
    </p>
   </div>
   <div class='ocr_carea' id='block_1_5' title="bbox 526 4837 754 4902">
    <p class='ocr_par' dir='ltr' id='par_1_10' title="bbox 526 4837 754 4902">
     <span class='ocr_line' id='line_1_37' title="bbox 526 4837 754 4902; baseline -0.013 -13"><span class='ocrx_word' id='word_1_299' title='bbox 526 4837 554 4900; x_wconf 64' lang='grc' dir='ltr'><strong>(Ἴ</strong></span> <span class='ocrx_word' id='word_1_300' title='bbox 572 4843 626 4898; x_wconf 75' lang='lat' dir='ltr'><strong>tto,</strong></span> <span class='ocrx_word' id='word_1_301' title='bbox 643 4838 754 4902; x_wconf 82' lang='lat' dir='ltr'><strong>quidem.</strong></span> 
     </span>
    </p>
   </div>
   <div class='ocr_carea' id='block_1_6' title="bbox 0 0 2106 6546">
    <p class='ocr_par' dir='ltr' id='par_1_11' title="bbox 0 0 2106 6546">
     <span class='ocr_line' id='line_1_38' title="bbox 0 0 2106 6546; baseline 0 0"><span class='ocrx_word' id='word_1_302' title='bbox 0 0 2106 6546; x_wconf 95' lang='lat' dir='ltr'><strong> </strong></span> 
     </span>
    </p>
   </div>
  </div>
 </body>
</html>
