3990 6540
637 816 775 872 cemus
799 816 965 883 eumuna.
1318 804 1386 871 211

225 965 367 1039 ribiiem
392 980 521 1036 ornnes
546 959 700 1057 fugiunt,
719 962 782 1055 qui
802 968 928 1034 amant
953 961 1099 1055 reginas
1115 966 1153 1033 et
1169 959 1307 1033 nobiles
1322 959 1387 1032 do-

225 1085 341 1159 minas
366 1084 545 1157 formosas
570 1087 606 1155 et
632 1082 834 1154 virtuosus!
864 1100 956 1175 ergo
976 1079 1220 1153 reclamabunt
1237 1080 1332 1172 ipsos
1355 1079 1385 1150 si

226 1203 381 1278 viderint
406 1223 446 1275 se
471 1202 588 1275 amari
608 1202 656 1275 ab
673 1201 746 1274 eis?
763 1200 870 1273 nimis
885 1207 941 1273 est
958 1201 1027 1272 hoc
1044 1199 1245 1272 absurdum
1263 1198 1389 1271 incon-

226 1322 394 1414 veniens3
407 1322 470 1395 sed
486 1328 527 1394 ut
538 1319 609 1394 cito
623 1321 767 1394 veniam
784 1319 829 1393 ad
845 1337 971 1392 veram
987 1318 1222 1392 intentionenr
1236 1319 1392 1408 autoris,

227 1441 416 1515 considera
441 1439 631 1530 subtiliter,
658 1439 783 1529 lector,
809 1438 906 1531 quod
931 1445 1040 1510 autor
1066 1458 1138 1509 non
1160 1437 1260 1530 ponit
1285 1436 1391 1508 istam

228 1561 442 1635 sententiam
470 1566 646 1652 tanquam
672 1577 810 1650 rerum,
841 1557 904 1631 sed
937 1557 1039 1651 tingit
1064 1557 1171 1629 istam
1199 1556 1390 1629 mulierem

231 1679 458 1751 luxuriosam
485 1678 554 1749 hoc
578 1674 700 1749 dicere
724 1675 769 1749 ad
795 1676 1068 1750 excusationem
1096 1676 1163 1767 sui,
1190 1676 1283 1748 sicut
1308 1694 1393 1768 sepe

230 1798 392 1890 loquitur
417 1797 550 1869 mulier
574 1803 739 1869 amorata
766 1796 912 1889 quando
944 1796 1106 1889 loquitur
1138 1797 1184 1869 de
1218 1815 1286 1870 suo
1311 1796 1394 1868 iulio

229 1923 267 1989 et
291 1917 422 1990 delicto
447 1917 593 2010 putenti,
620 1917 718 2008 quod
745 1936 881 2011 negare
907 1936 979 1989 non
1005 1922 1131 2010 potest.
1160 1917 1251 1990 Dicit
1276 1918 1392 1990 enirn:

229 2056 300 2131 ego
324 2057 397 2109 non
428 2056 511 2109 sum
541 2034 586 2109 de
616 2042 748 2108 natura
777 2036 941 2129 angelica
972 2035 1029 2109 vel
1058 2054 1183 2127 saxea3
1209 2035 1394 2128 quomodo

230 2161 394 2247 poteram
421 2174 494 2227 non
519 2173 648 2228 amare
672 2174 758 2227 euru
786 2155 849 2246 qui
875 2161 1028 2240 metam
1047 2155 1218 2228 ardenter
1234 2154 1394 2245 amabat,

232 2283 270 2349 et
295 2276 357 2367 qui
384 2282 511 2368 sponte
535 2274 670 2346 subivit
695 2281 748 2345 tot
773 2274 934 2366 pericula
954 2266 990 2363 (¹)
1008 2280 1044 2347 et
1069 2280 1206 2347 mortes
1223 2296 1290 2367 pro
1316 2278 1392 2345 me!

233 2395 329 2488 Ergo
354 2394 449 2467 bene
473 2394 563 2465 dixit
586 2398 696 2464 autor
720 2392 756 2463 in
775 2410 927 2484 persona
944 2383 982 2482 (¹)
999 2392 1102 2465 istius
1119 2393 1330 2466 meretricis.
1351 2393 1395 2463 Et

231 2513 282 2586 sic
307 2520 391 2585 nota
417 2512 516 2604 quod
544 2511 657 2581 muita
683 2507 768 2581 talia
793 2509 887 2582 dicta
912 2516 1085 2583 autorum
1113 2530 1198 2604 sepe
1220 2510 1315 2584 maie
1340 2511 1395 2582 in-

232 2632 456 2726 telliguntur,
483 2629 568 2722 quia
595 2649 667 2701 nun
684 2627 935 2702 consideratur
955 2629 1152 2722 quomodo,
1169 2637 1205 2702 et
1222 2649 1340 2721 quare
1359 2636 1396 2702 et

232 2751 378 2842 quando
398 2749 750 2822 dixerint—Amor.
770 2748 833 2820 Hic
854 2747 1043 2821 Francisca
1070 2753 1193 2821 narrat
1219 2747 1390 2821 effectum

231 2869 368 2941 auroris
393 2888 537 2957 eorum,
564 2867 650 2959 quia
676 2867 723 2940 ob
748 2870 841 2940 hanc
867 2887 1016 2940 causam
1034 2864 1198 2940 'suerunt
1222 2866 1331 2939 simui
1358 2871 1395 2939 et

232 2989 345 3060 semei
378 2987 535 3060 mactati.
569 2987 659 3060 Dicit
689 3005 801 3080 ergo:
832 3006 936 3056 umor
966 2987 1132 3056 cortdusse
1163 2989 1223 3056 noi
1253 2988 1302 3057 ad
1325 3006 1396 3057 unu

233 3114 355 3195 morta
369 3106 454 3198 quia
472 3125 538 3198 par
555 3105 623 3177 fuit
635 3105 755 3197 culpa,
772 3103 854 3177 ideo
865 3095 903 3193 (³)
921 3123 986 3196 par
998 3111 1052 3176 est
1069 3122 1172 3195 pena.
1187 3104 1231 3175 ut
1244 3103 1397 3176 subiun-

232 3224 284 3317 git
308 3231 477 3297 autorern
507 3221 633 3295 mortis
658 3241 801 3314 eorum,
828 3222 974 3312 dicens3
1000 3220 1098 3313 quod
1132 3221 1193 3313 qui
1220 3221 1397 3295 interfecit

233 3364 296 3416 eos
330 3344 394 3416 ibit
423 3344 469 3416 ad
500 3343 653 3415 fundum
673 3331 712 3431 (ἢ
737 3341 870 3414 inferni
904 3340 965 3414 ubi
1000 3347 1187 3433 ponuntur
1219 3341 1398 3414 occisores

234 3463 589 3557 (consanguineorum
621 3462 657 3533 in
688 3461 804 3556 glacie
829 3461 865 3532 in
891 3480 934 3533 ea
960 3466 1063 3553 parte
1088 3480 1173 3553 quae
1197 3461 1399 3555 appellatur

234 3583 369 3656 Chaina
394 3602 416 3654 a
443 3582 554 3655 Chain
573 3582 692 3675 primo
708 3580 939 3654 interfectore
957 3580 1077 3654 fratris
1094 3580 1160 3652 sui.
1185 3580 1274 3653 Dicit
1292 3600 1397 3675 ergo:

237 3705 345 3775 chun
358 3706 505 3792 amuda,
520 3701 610 3776 idest
623 3707 790 3795 expectat
807 3704 860 3772 citt
873 3705 943 3772 otto
959 3705 991 3773 ci
1006 3722 1140 3792 wertse,
1158 3700 1248 3774 idest
1265 3702 1399 3774 Johan·

236 3840 319 3896 nem
346 3823 591 3896 Sancatum....
612 3812 649 3911 (⁵)
676 3821 739 3913 qui
765 3820 918 3893 extinxit
944 3821 1055 3894 vitam
1081 3820 1195 3911 nobis,
1218 3821 1303 3914 quia
1330 3821 1399 3892 sci-

235 3944 317 4016 licet
341 3943 470 4016 ambos
496 3942 649 4031 necavit,
677 3947 717 4011 ut
745 3941 874 4013 totiens
897 3940 1035 4013 dictum
1063 3948 1141 4013 est:
1160 3946 1196 4012 et
1219 3939 1400 4012 concludit

234 4070 360 4135 autor:
379 4069 492 4152 oreste
503 4062 690 4152 purochu
709 4063 1017 4152 intempore,
1035 4060 1120 4152 quia
1138 4060 1273 4133 scilicet
1285 4059 1399 4132 Fran-

235 4181 330 4253 cisca
348 4200 414 4273 pro
432 4201 472 4254 se
497 4188 534 4254 et
559 4200 626 4274 pro
652 4180 750 4252 socio
775 4179 864 4252 dixit
885 4180 1007 4252 omnia
1029 4186 1186 4252 narrata.
1200 4218 1249 4233 -
1263 4184 1397 4252 Posciu.

192 4375 197 4385 ‚
235 4297 299 4370 Hic
323 4304 432 4371 autur
457 4300 557 4392 ponit
581 4298 753 4372 effectum
781 4299 998 4372 narrationis
1023 4299 1127 4371 sactae
1144 4319 1190 4371 ex
1207 4305 1311 4392 parte
1333 4320 1398 4372 sua

235 4417 319 4510 quia
346 4416 554 4509 dicitquod
580 4436 624 4489 ex
653 4416 831 4510 praedictis
856 4423 912 4489 est
942 4416 1059 4490 iactus
1088 4416 1194 4492 vaide
1225 4417 1400 4492 alteratus

298 4676 325 4739 (¹)
340 4674 371 4726 Ε.
388 4677 414 4725 in
431 4680 504 4738 parte
519 4676 600 4726 istius,

298 4750 324 4813 (²)
340 4751 371 4802 E.
387 4751 445 4801 ideo
461 4765 548 4813 parem
566 4765 667 4813 punam
683 4752 747 4815 pessi
764 4764 862 4801 xumux.

299 4828 325 4887 ζ’)
341 4827 366 4876 S.
384 4827 429 4876 ivit
444 4827 475 4876 ad
492 4827 650 4889 profundum
667 4826 769 4877 inferni.
779 4853 809 4864 -
819 4827 848 4876 Ε.
865 4833 904 4876 est
920 4828 954 4876 ibi
972 4830 1003 4878 nd
1020 4829 1129 4880 fundum
1146 4830 1251 4881 inserui

300 4904 326 4966 ι’)
343 4905 367 4953 S.
384 4917 399 4953 e
417 4907 469 4959 tto.
486 4903 649 4954 &humum
663 4905 787 4954 meritum
804 4916 892 4953 mcum
908 4905 959 4967 qui.
