4154 6546
589 789 638 857 86
987 799 1190 855 oounnrunt
1215 800 1368 854 mrunnr

586 966 653 1043 per
666 964 778 1020 unam
791 962 990 1020 comunem
1003 943 1314 1038 eomparatiouem
1331 944 1504 1018 ellectum
1520 963 1600 1017 sue
1616 941 1761 1017 dubita-

586 1064 702 1159 tionis‚
729 1069 767 1139 et
790 1063 951 1138 breviter
977 1063 1056 1138 vult
1080 1062 1204 1137 dicere
1228 1061 1327 1156 quod
1352 1061 1486 1136 dimisit
1514 1067 1643 1155 apeme
1662 1080 1761 1155 opus

586 1184 685 1279 quod
709 1184 943 1258 inchoaverat
968 1189 1045 1258 tam
1070 1182 1210 1275 festine,
1228 1181 1323 1257 sieut
1338 1201 1362 1254 a
1377 1180 1485 1255 simili
1501 1180 1586 1254 laeit
1603 1180 1674 1274 ille,
1695 1181 1759 1274 (pri

584 1304 798 1380 deliberavit
823 1310 860 1378 et
879 1303 1038 1377 firmavit
1054 1302 1093 1376 iu
1108 1307 1234 1376 mente
1248 1322 1317 1376 sua
1335 1300 1459 1375 lacere
1474 1319 1592 1372 uuum
1609 1299 1760 1391 factm,

586 1431 624 1499 et
647 1430 773 1518 postea
798 1423 893 1496 intra
917 1443 958 1498 se
983 1422 1068 1497 lacit
1091 1421 1164 1496 alia
1181 1426 1414 1517 argumenta,
1431 1426 1682 1514 propterque
1699 1438 1761 1494 re·

586 1549 693 1617 vocat
717 1541 867 1616 omnino
892 1541 1130 1637 propositum.
1157 1540 1293 1615 Ordina
1317 1539 1370 1614 sio
1394 1539 1563 1613 literam:
1586 1559 1607 1610 e
1627 1540 1683 1611 tal
1707 1555 1761 1611 ste

584 1665 698 1757 suedo
725 1664 764 1734 in
797 1666 911 1754 puella
943 1683 1071 1735 mettre
1097 1668 1207 1751 oostu,
1233 1660 1335 1753 idest„
1367 1659 1404 1734 in
1433 1659 1493 1733 illa
1525 1658 1761 1734 descensione

586 1782 744 1856 obseura
768 1788 918 1876 propter
943 1787 1088 1874 tempus
1118 1786 1354 1871 nocturnum,
1379 1784 1418 1852 et
1447 1784 1619 1852 naturam
1649 1777 1760 1872 ipsius

587 1901 667 1996 vite,
693 1901 781 1995 quia
806 1901 1042 1976 relabebatur
1067 1900 1104 1974 in
1133 1900 1266 1973 vallem
1298 1898 1490 1990 viciorum,
1514 1905 1553 1972 et
1585 1900 1761 1993 ignoran-

586 2021 658 2114 tiae,
684 2025 770 2112 puel
791 2013 813 2094 e*
833 2023 912 2119 quet
939 2022 999 2093 cde
1031 2022 1169 2093 disum
1195 2010 1250 2092 oid
1280 2020 1340 2090 cde
1368 2021 1470 2108 nolle,
1495 2018 1586 2092 idest
1610 2019 1760 2111 qualern

588 2139 670 2214 lacit
694 2158 735 2215 se
751 2140 811 2214 ille
826 2140 891 2234 qui
909 2144 1058 2214 revocat
1078 2137 1253 2231 quidquid
1274 2137 1453 2228 voluerat,
1470 2143 1509 2210 et
1528 2140 1658 2228 emptu
1668 2158 1760 2228 pro-

581 2265 700 2351 porta,
724 2258 828 2354 idest,
862 2259 1032 2332 immutat
1045 2248 1083 2349 (¹)
1115 2256 1352 2350 propositum,
1376 2274 1446 2346 per
1472 2255 1579 2328 need
1605 2259 1760 2347 ρωπίαν,

588 2400 672 2474 quae
697 2379 962 2477 superveniunt
972 2369 1012 2469 (²)
1037 2376 1103 2451 sibi
1129 2377 1166 2449 in
1193 2381 1366 2468 mentem,
1391 2367 1421 2447 st
1443 2377 1505 2447 ele
1526 2382 1612 2448 tutto
1632 2379 1759 2449 sitelle

588 2501 652 2572 dul
673 2503 878 2589 benemar,
904 2498 1005 2589 idest,
1028 2496 1186 2569 totaliter
1211 2515 1251 2569 se
1276 2501 1443 2568 removet
1462 2494 1510 2568 ab
1530 2493 1698 2588 inempta.
1717 2495 1760 2569 Et

590 2617 649 2690 hie
673 2623 854 2710 quantum
879 2614 1105 2708 comparatio
1130 2614 1175 2686 sit
1192 2613 1338 2707 propria
1355 2613 1608 2707 unusquisque
1628 2634 1761 2708 exper-

589 2742 650 2809 tus
674 2736 919 2830 imaginetur3
946 2733 1132 2827 sepissime
1157 2734 1254 2808 enim
1280 2733 1403 2807 evenit
1428 2733 1494 2808 iste
1519 2752 1636 2827 casus,
1661 2734 1760 2827 quod

589 2855 701 2928 homo
717 2853 882 2946 eonoepit
898 2852 1049 2948 aggredi
1065 2852 1201 2947 aliquid
1219 2853 1379 2927 arduum
1396 2861 1434 2928 et
1449 2853 1650 2949 gloriosum
1666 2873 1761 2948 opus

589 2972 627 3046 in
650 2992 714 3066 se3
738 2978 865 3067 postea
889 2972 1052 3066 eogitans
1076 2979 1115 3047 et
1139 2973 1233 3047 bene
1259 2974 1452 3048 revolvens
1470 2974 1597 3048 diffidit
1623 2973 1761 3047 viribus

589 3093 726 3189 proprii
752 3092 896 3188 ingenii,
922 3099 959 3167 et
984 3091 1130 3166 dimittit
1153 3113 1246 3187 opus
1280 3094 1502 3169 inchoatum.
1529 3094 1632 3169 Unde
1654 3093 1758 3168 dicit:

584 3205 715 3306 percle
742 3214 923 3284 consumet
951 3214 1153 3304 timpresu
1186 3213 1278 3287 idest
1310 3212 1409 3287 linivi
1446 3220 1484 3288 et
1516 3213 1635 3288 dimisi
1666 3230 1759 3306 opus

589 3338 816 3427 assumptum
849 3338 886 3405 et
915 3331 983 3404 iter
1014 3332 1227 3426 ineoeptum,
1255 3335 1315 3404 clu
1345 3337 1386 3425 su
1419 3339 1557 3432 botunto
1591 3339 1681 3406 tosta
1703 3333 1763 3405 uel

588 3454 792 3542 cerumar,
817 3451 921 3546 idest,
946 3450 1044 3545 quod
1074 3471 1144 3546 ego
1175 3451 1397 3544 incoeperam
1422 3470 1510 3524 eum
1536 3457 1636 3525 tanta
1661 3450 1762 3526 lesti-

589 3571 723 3646 nantia.
744 3573 789 3643 Et
807 3570 903 3665 dicit,
917 3574 1114 3662 pemando,
1131 3570 1221 3645 idest
1238 3570 1483 3663 deliberando,
1504 3569 1761 3661 examinando,

589 3689 780 3786 arguendo
805 3710 873 3785 pro
904 3696 1114 3797 etoontra3
1138 3689 1390 3763 considerabat
1415 3689 1513 3762 enim
1537 3694 1648 3762 autor
1673 3687 1761 3761 ihud

589 3810 769 3905 optimum
796 3808 1030 3903 proverbium
1063 3828 1141 3882 suae
1171 3808 1321 3902 patriae:
1347 3801 1405 3881 re·
1432 3809 1556 3898 ereptio
1585 3827 1660 3879 nou
1679 3809 1761 3899 (arte

589 3932 649 4002 cde
671 3934 735 4022 fur
753 3951 822 4022 per
847 3932 991 4022 dissere.

664 4051 747 4121 S’io
771 4051 815 4122 lto
840 4050 904 4121 ben
929 4051 965 4121 lu
990 4050 1203 4140 tuupurolu
1225 4050 1346 4120 intere
1369 4047 1438 4120 ista
1463 4051 1519 4120 est
1544 4044 1651 4119 tertia
1676 4064 1761 4139 pars

589 4166 782 4261 generalis,
808 4168 845 4241 in
870 4187 944 4261 qua
970 4167 1139 4264 Virgilius
1165 4173 1332 4242 removet
1356 4165 1510 4240 dubium
1540 4165 1688 4239 autoris.
1715 4164 1762 4238 et

590 4285 711 4380 primo
733 4285 893 4381 assignat
914 4286 1073 4361 radicem
1095 4286 1205 4360 huius
1224 4285 1429 4380 suspitionis
1454 4290 1493 4360 et
1516 4284 1763 4377 dubitationis,

590 4411 627 4478 et
651 4404 811 4480 breviter
836 4406 931 4500 dicit,
958 4405 1055 4500 qued
1081 4408 1150 4481 hoc
1180 4413 1298 4480 toturn
1330 4402 1493 4500 procedit
1523 4425 1545 4479 a
1576 4404 1763 4499 pusillani-

590 4525 728 4618 mitate„
763 4545 847 4619 quae
881 4546 966 4620 sepe
998 4526 1146 4621 impedit
1176 4527 1362 4600 hominem
1398 4525 1447 4598 ita
1477 4524 1576 4619 quod
1610 4523 1761 4598 retrahit

591 4643 709 4738 ipsum
734 4644 782 4717 ab
807 4645 1009 4720 honorabili
1033 4646 1227 4741 proposito.
1254 4646 1346 4720 llicit
1370 4666 1482 4741 erge:
1510 4646 1609 4737 puell
1622 4645 1761 4733 embra,

652 4915 680 4978 (¹)
698 4922 742 4967 no
758 4932 773 4967 e
789 4916 814 4967 S.
832 4918 895 4968 idest
912 4924 939 4968 et
954 4924 1045 4967 mutat.
1234 4920 1260 4978 (¹)
1279 4921 1307 4969 ll.
1325 4932 1340 4968 e
1358 4924 1411 4979 tlt,
1428 4922 1641 4982 mpenanerml.
