4154 6546
458 747 529 842 ltltl
855 786 1058 843 conuurou
1082 760 1236 842 ruinani

456 910 571 1007 ¹versis
595 928 761 1024 miseriis,
787 935 841 1002 sto
866 931 985 1022 doto,
1011 930 1098 1024 quia
1128 922 1248 1004 adfine
1279 929 1390 1006 durat
1415 929 1498 1005 licet
1524 929 1632 1008 valde

455 1048 604 1143 flactus,
629 1051 753 1122 deotro
778 1050 842 1122 dol
865 1056 991 1141 moue,
1018 1049 1153 1123 scilicet
1177 1049 1260 1142 ldae,
1280 1046 1319 1123 'et
1342 1042 1451 1123 dicit:
1477 1052 1538 1124 cle
1558 1053 1631 1126 tien

456 1174 544 1245 volte
568 1175 598 1244 lc
621 1173 732 1263 spallo
754 1174 793 1243 to
817 1193 879 1244 uer
902 1175 1085 1263 'Danaam
1102 1171 1194 1245 idest
1217 1170 1415 1247 Orientem.
1441 1171 1519 1247 H'oc
1543 1170 1630 1248 dicit

456 1291 543 1404 quia
568 1310 654 1364 cum
681 1309 839 1387 regnum
865 1289 1091 1386 assyriorum
1112 1290 1222 1384 coepit
1239 1282 1362 1383 ruere,
1381 1286 1542 1388 regnum
1565 1311 1630 1368 ro-

455 1431 609 1503 manum
635 1411 745 1505 coepit
768 1410 962 1505 pullulare,
981 1411 1074 1485 sicut
1091 1417 1231 1485 tactum
1256 1417 1312 1486 est
1335 1411 1368 1486 lI
1388 1411 1548 1509 capitulo
1568 1411 1631 1486 ln·-

454 1511 559 1623 ferni,
577 1535 615 1604 et
640 1529 782 1604 dicetur
808 1528 852 1602 lll
877 1528 1037 1604 Paradisi
1061 1518 1227 1603 diffusius
1252 1536 1290 1605 et
1315 1530 1459 1604 clarius.
1478 1530 1524 1605 lu
1541 1530 1629 1606 nota

456 1650 555 1744 quod
575 1657 684 1724 autor
701 1649 846 1724 videtur
870 1649 929 1723 hic
954 1649 1076 1724 facere
1102 1649 1276 1725 eumdem
1304 1670 1484 1743 errorem,
1511 1645 1626 1744 quem

455 1756 601 1844 videtur
618 1769 744 1843 fecisse
761 1769 797 1841 in
810 1767 856 1841 Vl
872 1769 1043 1863 capitulo,
1060 1769 1195 1844 scilicet
1212 1767 1311 1863 quod
1326 1762 1362 1862 (¹)
1385 1764 1480 1865 capit
1504 1765 1625 1867 Baby-

455 1888 743 1985 loniamAEgypti
758 1908 823 1982 pro
837 1886 1034 1984 Babylonia
1051 1908 1186 1984 magna
1203 1883 1352 1984 antiqua
1364 1881 1414 1984 (¹),
1433 1897 1469 1965 et
1486 1886 1628 1966 constat

454 2008 553 2085 enim
567 2008 665 2102 quod
678 2007 843 2082 Damiata
856 2014 911 2081 est
924 2007 1049 2082 civitas
1063 2006 1310 2104 AEgypti,quae
1323 2008 1410 2082 olim
1424 2007 1627 2084 vocabatur

454 2127 629 2222 Memphis
642 2127 679 2200 in
691 2126 874 2222 prophetis
888 2133 925 2201 et
936 2127 1063 2222 poetis,
1077 2145 1162 2219 quae
1179 2124 1247 2199 fuit
1264 2145 1361 2221 saepe
1371 2122 1513 2222 'captae
1530 2122 1630 2201 cnfi-

455 2247 588 2340 stianiS,
602 2254 652 2335 ‚et
676 2246 723 2320 ob
749 2247 817 2321 hoc
843 2245 1030 2321 destructa
1055 2268 1077 2321 a
1108 2242 1352 2320 fundamentis
1377 2267 1400 2321 a
1430 2245 1625 2343 saracenis,

454 2388 502 2441 ne
518 2366 674 2461 amplius
692 2372 787 2441 esset
804 2366 1079 2462 receptaculum
1098 2366 1258 2441 hostium
1277 2386 1362 2440 cum
1380 2386 1513 2441 eorum
1531 2362 1627 2462 prle-

451 2486 583 2582 juditio
609 2506 754 2582 magno.
781 2485 898 2559 Autor
923 2505 989 2580 per
1013 2485 1217 2558 Damiatam
1242 2484 1358 2559 voluit
1381 2483 1469 2558 dare
1495 2484 1629 2560 intelli·

454 2585 544 2701 gere
569 2605 806 2699 Babyloniam
828 2605 926 2677 illam
950 2604 1187 2700 assyriorum,
1214 2623 1298 2697 quae
1321 2586 1445 2677 tamen
1470 2609 1524 2677 est
1549 2602 1622 2676 sul)

453 2722 652 2818 Babylonia
679 2722 933 2818 egyptiorum,
952 2722 1086 2796 scilicet
1112 2722 1180 2795 sub
1200 2727 1378 2817 potestate
1397 2720 1559 2814 Soldani3
1583 2727 1624 2796 et

455 2841 562 2915 dicit:
588 2863 607 2913 e
630 2843 773 2932 guarda
798 2846 910 2914 Romu
942 2861 1037 2913 come
1060 2861 1124 2913 suo
1148 2843 1292 2933 spcptio,
1317 2841 1409 2915 idest
1434 2847 1626 2933 tamquam

455 2960 646 3056 speculum
671 2982 795 3054 suum,
821 2967 923 3034 etse
948 2961 1158 3055 speculatur
1183 2960 1219 3033 in
1245 2979 1301 3055 ea,
1328 2957 1415 3053 ¹quia
1440 2965 1522 3034 erat
1540 2978 1629 3034 mu·

381 3127 385 3135 -
455 3079 522 3154 lier
539 3079 744 3173 formosior,
758 3078 884 3174 junior
901 3087 938 3153 et
956 3079 1148 3173 recentior,
1164 3099 1276 3172 quam
1290 3077 1489 3174 Babylonia
1506 3075 1627 3153 omni·

454 3219 502 3273 no
519 3189 555 3290 (³)
582 3198 737 3285 deserta.
753 3201 868 3271 -'-lo
891 3220 967 3271 sua.
994 3199 1058 3272 llic
1091 3205 1200 3272 autor
1225 3197 1396 3273 describit
1420 3196 1516 3271 istud
1543 3217 1628 3272 cor-

446 3303 522 3414 pus
540 3312 723 3393 misticum
742 3341 809 3415 per
826 3341 893 3393 sua
912 3319 1090 3412 membra,
1105 3319 1228 3393 dicens
1247 3319 1385 3414 primo:
1404 3321 1441 3391 lo
1460 3339 1526 3391 sua
1544 3320 1629 3392 testo

446 3434 491 3513 'e'e
512 3443 670 3533 sormoto
694 3441 732 3512 ut
753 3442 805 3531 fio
830 3460 910 3529 oro,
937 3437 1028 3514 idest
1053 3437 1152 3531 quod
1169 3444 1279 3532 caput
1300 3437 1379 3513 eius
1396 3444 1451 3513 est
1469 3457 1516 3512 ex
1535 3433 1629 3512 auro

454 3558 616 3654 perfecto,
643 3559 851 3633 conflatum.
883 3559 953 3631 Per
987 3559 1055 3631 hoc
1087 3557 1247 3654 intellige
1277 3557 1436 3654 primam
1468 3558 1627 3652 atatam,

454 3662 537 3772 quaa
562 3677 694 3752 dicitur
718 3678 828 3752 fuisse
853 3697 981 3771 aurea,
1014 3677 1106 3751 idest
1135 3698 1240 3772 pura,
1271 3677 1443 3772 perfecta,
1470 3684 1515 3753 et·
1531 3696 1628 3773 prae-

455 3800 562 3892 tiosa3
589 3799 675 3892 quia
700 3798 876 3892 homines,
903 3803 945 3870 ut
976 3796 1114 3871 dictum
1146 3802 1212 3892 est,
1239 3797 1309 3871 sub
1340 3797 1498 3871 Saturno
1523 3795 1629 3872 vixe-

455 3925 541 3992 runt
579 3918 710 4012 sobrie,
745 3923 855 4011 caste,
889 3917 967 3991 sine
997 3914 1192 4010 cupiditate
1226 3917 1330 4011 lucri,
1361 3923 1397 3991 et
1428 3916 1496 3990 fuit
1525 3911 1627 3992 tanto

454 4038 648 4133 perfectior
680 4038 821 4131 ceteris,
855 4042 992 4131 quanto
1027 4042 1163 4111 au'rum
1190 4041 1244 4110 est
1265 4027 1470 4131 'perfectius
1496 4030 1628 4112 cete'fis

454 4157 617 4234 metallis.
645 4159 689 4231 Et
713 4157 873 4254 intellige
899 4155 1112 4251 respective,
1129 4156 1215 4250 quia
1235 4173 1426 4250 nunquam
1453 4157 1522 4233 fuit
1548 4152 1628 4231 talis

453 4286 540 4354 aetas
565 4279 737 4375 perfecta,
755 4286 797 4352 ut
822 4279 964 4353 dicetur
989 4277 1074 4351 alibi
1100 4298 1208 4372 saepe,
1226 4283 1264 4351 et
1284 4277 1467 4372 precipue
1484 4278 1629 4375 Purga-

453 4400 535 4473 torii
564 4399 723 4493 capitulo
749 4396 902 4471 XXVlll.
935 4399 978 4470 Et
1013 4396 1128 4493 tangit
1159 4397 1358 4471 secundam
1394 4403 1549 4494 partem,
1575 4398 1629 4473 ‹li-

358 4526 360 4532 “
454 4542 562 4596 cens:
590 4543 608 4592 c
634 4524 664 4593 le
688 4521 830 4592 bruccio
854 4522 1013 4611 c'tpetto
1031 4539 1097 4590 sou
1113 4520 1151 4591 di
1167 4540 1262 4610 puro
1280 4525 1439 4609 argento.
1462 4518 1534 4592 Per
1559 4519 1628 4593 hoc

454 4641 613 4736 intellige
629 4638 827 4715 secundam
848 4645 995 4715 etatem
1013 4640 1083 4712 sub
1102 4639 1202 4732 Jove,
1217 4637 1253 4711 in
1275 4658 1349 4732 qua
1366 4638 1534 4713 homines
1550 4659 1628 4713 ooe-

518 4813 545 4875 (¹)
563 4818 616 4870 llo.
633 4816 692 4875 qula
708 4815 784 4876 cepit.
1097 4809 1124 4874 (¹)
1141 4811 1171 4861 n.
1188 4811 1306 4879 auttqoa3
1324 4794 1424 4879 coutet
1440 4811 1518 4863 enlm.

517 4889 544 4954 ι’)
561 4889 591 4938 n.
608 4889 671 4939 olim
687 4891 788 4940 deserta
804 4894 831 4940 et
846 4889 1006 4941 desolam-
1018 4894 1072 4949 lle,
1089 4889 1194 4939 omnino
1211 4884 1353 4941 eueniet
1368 4882 1491 4940 tmolum.
