4154 6546
460 786 528 852 108
857 797 1059 853 COMENTUM
1084 797 1235 851 rmum

455 959 612 1034 semper,
638 938 733 1013 sicut
756 938 985 1012 salamandra
1015 939 1104 1013 vivit
1134 939 1171 1012 in
1196 938 1282 1034 igne
1306 940 1527 1033 aliquandiu.
1555 943 1626 1020 Sed

454 1058 514 1133 bic
530 1059 651 1132 statim
668 1058 787 1133 oritur
803 1059 979 1133 dubitatio
992 1052 1029 1151 (¹)
1048 1079 1177 1153 quare,
1198 1058 1344 1154 scilieet,
1362 1059 1496 1137 Dentes
1516 1062 1627 1139 luerit

455 1179 503 1252 ita
529 1178 680 1253 demens
703 1178 802 1272 quod
826 1179 1016 1253 intraverit
1041 1178 1118 1253 tdsa
1143 1177 1210 1252 isla
1232 1178 1412 1274 scriptura
1423 1170 1472 1271 (¹).
1494 1180 1628 1256 Dioen·

454 1298 542 1371 dum
556 1297 717 1372 breviter
734 1297 832 1391 quod
849 1298 983 1372 Dantes
996 1318 1069 1372 non
1086 1296 1234 1372 intravit
1248 1297 1433 1372 Internum
1451 1318 1497 1373 eo
1514 1300 1625 1375 modo

453 1437 528 1510 quo
553 1415 665 1490 ceteri
691 1415 871 1510 obstinati,
896 1416 972 1491 imo
998 1423 1039 1490 ut
1063 1416 1193 1511 exiret,
1211 1422 1254 1489 ut
1278 1417 1399 1490 statim
1425 1418 1567 1493 dioetur
1586 1418 1625 1492 in

453 1535 522 1609 isto
555 1535 735 1630 capitulo;
768 1536 861 1610 siout
889 1536 1007 1633 gratia
1038 1536 1196 1630 exempli
1228 1536 1424 1630 aliquando
1458 1538 1625 1615 videmus

452 1655 523 1749 bie,
543 1654 647 1748 >quod
671 1655 801 1748 aliquis
826 1655 995 1729 dominus
1020 1654 1229 1750 temporalis
1249 1655 1376 1729 statuit
1395 1663 1437 1729 ut
1454 1657 1624 1750 quicum-

452 1794 527 1868 que
551 1773 814 1848 oondemnatus
838 1773 884 1847 ad
910 1774 1020 1848 talem
1052 1793 1239 1848 carcerem
1274 1795 1479 1867 numquam
1512 1776 1624 1870 possit

452 1893 535 1968 inde
560 1894 684 1986 enire;
710 1899 747 1967 et
772 1899 895 1966 tamen
919 1914 1017 1966 unus
1042 1892 1088 1967 de
1112 1893 1231 1988 gratia
1256 1893 1400 1987 speciali
1425 1894 1575 1969 obtenta
1599 1916 1622 1969 e

452 2012 599 2087 domino
632 2012 779 2085 intrabit
811 2032 997 2087 carcerem
1032 2013 1079 2086 ad
1113 2011 1309 2086 videndum
1343 2019 1551 2094 carueratos
1584 2021 1623 2089 et

451 2133 693 2208 eonditionem
720 2139 757 2206 et
781 2152 913 2226 penam
939 2153 1081 2206 eorum.
1100 2131 1204 2206 Modo
1230 2132 1297 2205 iste
1323 2131 1403 2205 talis
1429 2152 1502 2205 non
1527 2132 1620 2207 obli-

451 2259 561 2348 gatur
585 2252 632 2326 ad
656 2272 800 2347 penam,
826 2251 908 2326 ideo
932 2257 1051 2346 potest
1076 2271 1206 2325 secure
1231 2250 1380 2326 intrare.
1409 2256 1537 2340 Ques.
1556 2252 1622 2328 llio

450 2378 558 2446 autor
583 2372 739 2446 ostendit
763 2371 826 2445 ubi
852 2370 982 2445 viderit
1005 2370 1073 2443 ista
1098 2371 1222 2463 verba,
1247 2374 1284 2444 et
1308 2368 1392 2443 dicit
1418 2369 1516 2464 quod
1534 2370 1621 2445 vidit

449 2493 564 2566 verba
589 2492 798 2586 prescripta
820 2491 857 2563 in
882 2489 1092 2563 summitate
1113 2494 1238 2582 portae.
1264 2487 1356 2562 Dicit
1380 2507 1488 2584 ergo:
1511 2491 1621 2562 eid’t'o

450 2617 563 2701 queste
570 2612 709 2701 parole,
724 2609 858 2682 seilicet
880 2615 955 2682 tam
969 2608 1167 2701 horribilia,
1179 2610 1320 2699 emm,
1333 2606 1424 2681 idest
1439 2607 1620 2702 inscripta,

450 2730 487 2799 di
502 2729 600 2799 color
615 2748 753 2816 osmro,
771 2726 861 2800 idest
878 2726 1075 2800 inclaustro
1092 2726 1207 2821 nigro.
1226 2728 1270 2800 Et
1286 2726 1391 2820 bene,
1409 2726 1496 2819 quia
1513 2733 1619 2800 erant

449 2848 486 2921 in
503 2848 584 2920 loco
600 2846 769 2937 obscuro,
787 2851 953 2939 tempore
970 2845 1140 2940 obscuro,
1157 2853 1194 2919 et
1215 2846 1262 2920 de
1279 2845 1432 2920 materia
1448 2846 1619 2940 obseura,

449 2971 488 3041 al
509 2986 643 3039 sommo
667 2968 702 3039 d’
714 2986 787 3037 uno
804 2972 926 3056 porto,
952 2963 1043 3038 idest
1068 2965 1105 3037 in
1130 2965 1341 3039 summitate
1357 2964 1486 3059 primae
1503 2971 1619 3059 portu>

448 3084 655 3175 infernalis3
676 3090 713 3157 et
730 3083 826 3156 istud
843 3084 1092 3157 enclaustrnm
1109 3103 1200 3158 vere
1216 3092 1297 3158 erat
1313 3084 1461 3179 nigrum
1480 3083 1617 3158 tactum

448 3204 495 3279 de
519 3203 601 3277 selle
626 3201 779 3297 dyaboli.
806 3201 908 3276 Unde
933 3203 1053 3276 subdit
1078 3203 1176 3298 quod
1202 3204 1371 3277 turbatus
1392 3209 1447 3278 est
1474 3202 1616 3277 dicens:

443 3325 621 3417 pereb'io,
647 3321 748 3414 idest,
766 3329 915 3416 propter
938 3323 1036 3416 quod
1066 3343 1149 3420 ego,
1174 3324 1312 3418 supple,
1334 3322 1425 3396 dixi:
1451 3330 1618 3414 moesto,

448 3443 593 3535 scilieet,
618 3461 642 3514 o
666 3441 847 3536 virgine
868 3463 969 3514 senso
995 3446 1051 3515 lor
1066 3437 1141 3515 m’e'
1160 3446 1265 3533 duro,
1287 3441 1390 3535 quasi
1417 3442 1531 3515 dicat:
1548 3440 1619 3515 du·

448 3583 512 3635 rus
537 3568 592 3635 est
620 3561 678 3634 bic
712 3580 835 3634 sermo
864 3561 963 3654 quod
998 3581 1070 3657 ego
1097 3562 1251 3636 debeam
1283 3562 1421 3635 intrare
1450 3561 1528 3635 sine
1553 3580 1618 3655 spe

448 3679 633 3755 redeundi.
659 3680 724 3753 Vel
749 3680 859 3753 etiam
885 3686 1002 3773 potest
1026 3680 1094 3754 dici
1120 3681 1219 3774 quod
1244 3700 1367 3755 sermo
1393 3679 1460 3753 iste
1483 3679 1528 3752 sit
1547 3679 1616 3752 du-

447 3822 523 3893 rus,
549 3799 633 3893 quia
660 3797 803 3871 videtur
828 3798 934 3870 nimis
959 3798 1133 3892 injustum
1152 3799 1251 3892 quod
1268 3801 1390 3891 bomo,
1408 3797 1472 3891 qui
1489 3805 1617 3892 peceat

447 3918 708 4015 temporaliter,
733 3915 908 4011 puniatur
932 3918 1152 3992 eternaliter.
1180 3919 1233 3991 dd
1258 3918 1357 4012 quod
1385 3922 1504 4011 potest
1529 3916 1616 3992 bre-

447 4042 540 4115 viter
573 4039 653 4131 dici,
679 4035 819 4110 omissis
847 4035 925 4109 aliis
957 4035 1167 4139 rationibus,
1194 4037 1292 4129 quod
1323 4038 1435 4111 bomo
1464 4035 1614 4130 punitur

447 4160 656 4238 eternaliter
681 4158 768 4252 quia
792 4163 917 4252 peceat
942 4157 1162 4232 eternaliter.
1181 4159 1261 4231 Non
1283 4157 1380 4232 enim
1403 4156 1543 4253 justitia
1559 4155 1614 4229 di-

447 4282 531 4357 vina
556 4279 659 4376 punit
684 4278 893 4353 eternaliter
917 4283 1146 4371 peecatorem
1169 4277 1405 4372 penitentem,
1421 4277 1485 4352 sed
1501 4275 1615 4370 perti-

447 4421 575 4476 nacem
603 4406 640 4474 et
664 4398 930 4493 desperantem,
947 4396 1011 4490 qui
1036 4397 1146 4472 vellet
1167 4396 1376 4472 eternaliter
1401 4395 1613 4491 peccaresi

447 4520 656 4596 eternaliter
681 4519 807 4592 vivere
835 4524 965 4612 posset.
997 4517 1099 4592 Unde
1133 4517 1270 4592 inventi
1304 4523 1390 4590 sunt
1418 4515 1529 4609 aliqui
1564 4515 1612 4589 ita

446 4639 614 4715 obstinati
639 4636 737 4730 quod
762 4637 799 4709 in
825 4644 946 4710 morte
971 4657 1044 4710 non
1068 4635 1192 4711 dolent
1208 4635 1275 4710 nisi
1296 4635 1395 4730 quod
1419 4656 1493 4709 non
1518 4635 1614 4709 leoe-

511 4905 537 4966 (¹)
553 4903 578 4954 S.
595 4901 711 4952 dublum.
1153 4904 1182 4966 (ἢ
1199 4910 1254 4965 ild,
1270 4907 1374 4970 scripto.
