4154 6546
450 787 520 857 adt
842 798 1044 853 cousuauu
1068 798 1217 853 iuream

446 947 525 1033 pto,
551 943 690 1032 mortali,
717 944 824 1014 venite
846 945 1094 1033 adjudicium,
1112 949 1149 1016 et
1167 943 1247 1016 ideo
1266 941 1372 1016 dicit:
1395 945 1535 1033 mondo
1551 954 1611 1017 oe*

446 1051 516 1133 drd
546 1064 583 1133 la
613 1063 747 1133 omnmo
772 1063 933 1152 podesto,
962 1061 1053 1136 idest
1084 1068 1300 1155 potestatem
1330 1061 1394 1135 Dei
1429 1060 1609 1137 inimicam

448 1180 513 1253 sibi
539 1181 678 1253 etaliis
703 1180 893 1274 damnatis,
919 1181 982 1253 sed
1007 1181 1164 1254 amicam
1190 1182 1345 1254 salvatis.
1364 1181 1434 1255 Per
1452 1181 1521 1253 hoo
1540 1200 1612 1253 au-

450 1307 523 1372 tem
549 1297 711 1393 intelligit
737 1299 834 1391 quod
859 1299 926 1373 iste
943 1298 1049 1372 stabit
1065 1319 1211 1394 semper
1228 1299 1349 1375 iacens
1367 1300 1403 1373 iu
1420 1300 1489 1372 ista
1504 1318 1612 1392 poeua

451 1437 568 1510 usque
593 1417 638 1490 ad
663 1417 758 1491 diem
780 1417 906 1512 Judioii
932 1425 968 1492 et
994 1424 1081 1492 tuno
1107 1425 1274 1513 resurget
1299 1419 1392 1492 sicut
1416 1425 1454 1491 et
1478 1415 1616 1509 eaeteri,

452 1536 547 1609 unde
572 1537 710 1609 subdit:
737 1541 876 1610 moscus
899 1527 1044 1610 rioedrd
1068 1541 1104 1609 la
1130 1539 1229 1609 uasto
1254 1538 1383 1627 worda,
1410 1536 1497 1629 quia
1521 1535 1617 1609 scili-

452 1664 509 1728 cet
521 1656 638 1729 omnis
655 1651 821 1746 animal¹l
836 1664 922 1729 tunc
938 1655 1112 1730 revidebit
1128 1656 1354 1748 sepulturam
1368 1675 1487 1747 suam,
1500 1673 1613 1747 quam

452 1781 560 1848 autor
586 1783 690 1848 vocat
715 1776 853 1851 tristem
879 1775 965 1866 quia
991 1775 1028 1847 iu
1052 1794 1096 1847 ea
1119 1774 1229 1847 iacuit
1254 1794 1398 1867 corpus,
1422 1794 1496 1867 quo
1521 1778 1617 1847 tam-

453 1915 565 1986 quam
590 1914 728 1990 organo
753 1902 790 1968 et
814 1895 1055 1969 instrumento
1080 1894 1202 1967 anima
1223 1913 1289 1966 usa
1306 1893 1374 1965 luit
1390 1892 1436 1965 ad
1461 1912 1617 1985 peecar-

453 2014 554 2107 dum,
572 2005 680 2103 vell²l
705 2011 946 2106 duplicabitur
972 2010 1051 2084 eius
1068 2031 1193 2105 poena3
1211 2002 1393 2101 opipera
1417 2030 1483 2082 sua
1506 2032 1616 2083 carate

454 2155 472 2202 e
496 2153 561 2204 suo
582 2135 715 2224 fimare,
743 2132 828 2224 quia
855 2131 1106 2223 unusquisque
1138 2129 1305 2204 reinduet
1333 2129 1400 2201 sibi
1431 2129 1613 2222 propriam

455 2270 603 2324 tarnem
630 2258 667 2325 et
692 2250 848 2346 figuram
874 2250 1072 2322 humanam
1099 2255 1136 2321 et
1161 2268 1232 2321 non
1254 2248 1373 2320 aliam.
1397 2238 1505 2320 uood
1525 2251 1614 2337 petel,

456 2370 589 2443 seilicet
615 2369 829 2443 sententiam
855 2368 931 2460 Dei,
957 2370 1016 2440 ote
1044 2368 1249 2456 notomta,
1275 2366 1364 2440 idest
1397 2373 1553 2458 resonat,
1578 2368 1616 2436 tn

456 2495 585 2575 eterno,
611 2488 709 2579 quia,
727 2487 861 2560 scilicet
878 2485 1051 2577 Christus,
1067 2485 1178 2558 dicet:
1197 2488 1241 2556 ite
1257 2487 1426 2557 maledicti
1445 2487 1482 2556 io
1500 2487 1615 2574 grem

456 2613 631 2676 murnum.
642 2597 744 2676 -st
760 2605 823 2677 Hic
841 2613 949 2678 autor
966 2603 1185 2676 concludens
1199 2603 1312 2697 taogit
1328 2624 1444 2676 unum
1462 2601 1612 2676 dubium

456 2722 613 2795 incidens
638 2723 735 2795 circa
761 2723 941 2815 praedieta,
959 2728 995 2795 et
1011 2723 1129 2816 primo
1147 2722 1361 2795 continuans
1378 2722 1470 2795 dicta
1493 2721 1618 2796 dicen-

456 2839 521 2930 dis,
537 2840 638 2912 dicit:
655 2833 685 2912 sl
701 2847 935 2931 oapassamo,
954 2840 1087 2914 scilicet
1103 2841 1151 2913 ita
1174 2841 1393 2914 conserendo
1418 2841 1464 2915 de
1489 2841 1617 2915 ultima

459 2959 724 3034 resurrectione
749 2978 957 3052 corporum,
978 2981 1046 3050 per
1070 2981 1180 3031 sorra
1196 2964 1343 3033 motura
1363 2963 1406 3033 de
1426 2962 1578 3033 lomtre
1600 2981 1619 3031 e

457 3080 500 3149 de
524 3080 560 3148 la
579 3081 739 3168 pioppio,
765 3077 851 3168 quia
876 3078 1008 3151 animae
1034 3079 1102 3151 illae
1127 3080 1341 3174 gulosorum
1364 3086 1469 3153 erant
1494 3088 1619 3173 turpes

458 3204 494 3269 et
512 3196 776 3269 transformata
797 3204 944 3291 propter
962 3198 1081 3270 varias
1098 3199 1324 3272 infirmitates
1342 3204 1380 3273 et
1400 3198 1521 3292 pluvia
1538 3195 1617 3272 erat

458 3315 584 3408 turpis,
610 3315 702 3389 sicut
727 3316 866 3411 grando
892 3324 928 3390 et
953 3318 1026 3409 nir,
1053 3319 1122 3392 sub
1146 3340 1220 3411 qua
1252 3319 1307 3391 isti
1341 3320 1619 3392 macerabantur

460 3433 624 3527 turpiter,
652 3434 731 3508 ideo
745 3424 781 3524 (³)
808 3435 902 3508 bene
929 3443 1007 3509 erat
1033 3436 1147 3528 turpis
1179 3436 1315 3527 mixtio,
1345 3458 1368 3506 a
1398 3439 1498 3527 possi
1525 3440 1618 3528 lardi,

460 3553 544 3646 quia
569 3553 765 3627 deliberate
790 3562 826 3626 et
851 3561 1021 3647 apensate
1046 3554 1285 3647 procedendo,
1307 3556 1403 3628 uude
1425 3555 1525 3627 dicit:
1547 3563 1620 3627 toc-

460 3674 572 3744 condo
596 3693 644 3745 uo
665 3694 753 3763 poco
778 3676 820 3744 de
845 3676 880 3744 la
906 3675 975 3744 olto
1001 3676 1135 3764 sutura,
1169 3673 1254 3764 quia
1286 3673 1383 3745 enim
1416 3680 1496 3746 erat
1525 3673 1618 3747 lacta

462 3792 597 3864 mentio
621 3790 666 3865 de
691 3790 749 3864 die
768 3790 893 3884 judicii
918 3810 984 3884 per
1013 3788 1214 3885 Virgilium,
1240 3789 1320 3863 ideo
1348 3797 1457 3865 autor
1486 3811 1622 3867 souve-

462 3912 601 3985 uienter
615 3899 651 4001 (⁴)
678 3917 801 3984 movet
817 3911 882 3983 sibi
903 3909 1055 3983 dubium
1079 3914 1205 3981 utrum
1226 3929 1342 4003 poenae
1363 3910 1621 3985 damnatorum

461 4029 531 4100 siut
555 4028 732 4123 augendae
758 4029 815 4101 vel
841 4027 1045 4101 minuendae
1071 4028 1128 4101 vel
1157 4028 1361 4121 aliqualiter
1374 4019 1410 4120 (ὅ)
1437 4049 1622 4103 mansurae

462 4154 540 4241 post
556 4147 651 4221 diem
668 4147 804 4242 judicii.
831 4147 931 4221 Unde
956 4147 1059 4219 dicit:
1080 4149 1131 4218 clt'
1142 4150 1188 4239 io,
1206 4150 1309 4238 dosa,
1326 4168 1412 4222 ecce
1435 4148 1521 4221 illud
1539 4169 1621 4221 mo·

461 4268 581 4341 dicum
608 4266 707 4360 quod
733 4266 845 4362 tangit
861 4257 896 4356 (⁶)
923 4265 969 4340 de
995 4266 1067 4340 vita
1097 4265 1232 4358 lutura,
1258 4266 1345 4357 quia
1370 4265 1476 4339 dixit:
1502 4270 1622 4340 dimoti

463 4394 626 4476 rrwestro
652 4387 786 4461 seilicet
817 4407 840 4460 o
865 4385 1000 4481 virgili,
1026 4388 1087 4456 esti
1121 4388 1292 4476 tormenti,
1330 4386 1419 4459 idest
1448 4387 1623 4481 supplicia

462 4507 675 4598 gulosorum
710 4512 747 4579 et
776 4512 910 4580 caetera
946 4505 1084 4578 inlerna
1114 4511 1151 4578 et
1186 4512 1334 4598 aeterna,
1363 4526 1547 4579 oresoman
1576 4509 1622 4593 ei,

524 4731 553 4789 (¹)
570 4735 623 4788 111,
640 4733 723 4780 anim·
741 4731 873 4781 revidebit.

526 4806 551 4865 (⁸)
567 4805 592 4854 S.
611 4807 644 4854 lla
662 4807 734 4856 bene.

526 4881 552 4940 ζ’)
568 4880 602 4939 S..
620 4884 665 4929 llo
680 4893 696 4928 e
712 4881 742 4929 lt.
759 4881 900 4944 oqualltor.
