4154 6546
784 822 923 876 caurus
949 821 1107 875 uncinus
1131 822 1292 875 rannus.
1524 888 1527 893 ,
1551 811 1618 876 tol

444 961 542 1036 ¹litas
567 963 758 1037 Florentiae
783 964 870 1037 olim
896 965 1024 1040 habuit
1053 966 1205 1038 Martem
1236 984 1303 1058 pro
1334 966 1410 1038 Deo
1436 965 1621 1059 praecipuo

450 1093 489 1159 et
510 1090 720 1178 protectore
744 1104 836 1177 suo;
863 1095 901 1160 et
925 1092 968 1158 ut
992 1085 1120 1180 collegi
1136 1077 1173 1176 (¹)
1207 1104 1253 1159 ex
1285 1085 1464 1160 chronicis
1490 1087 1625 1158 lloren-

451 1203 626 1296 tinorum,
643 1204 742 1278 stetit
759 1204 829 1276 sub
848 1204 1130 1298 imperatoribus
1148 1204 1308 1277 romanis
1330 1204 1366 1276 in
1384 1205 1466 1298 lege
1483 1224 1623 1298 pagana

446 1342 517 1417 per
541 1341 623 1395 ouon
647 1343 787 1415 annos3
814 1333 851 1399 et
882 1323 912 1395 si
944 1323 1008 1416 qui
1039 1330 1145 1398 erant
1170 1323 1365 1416 christiani,
1392 1324 1525 1396 timore
1551 1343 1623 1396 non

443 1444 688 1538 propalabant
713 1464 764 1537 se,
792 1444 980 1537 usquead
1007 1453 1151 1538 tempus
1177 1443 1411 1535 Constantini,
1433 1464 1508 1537 quo
1529 1451 1625 1518 tem-

449 1584 539 1659 pore
569 1563 712 1638 firmata
743 1572 799 1639 ert
827 1565 989 1637 ecclesiae
1020 1564 1181 1657 libertas,
1208 1571 1245 1637 et
1279 1563 1366 1637 fides
1396 1563 1526 1636 dillusa
1558 1582 1625 1656 per

443 1689 580 1758 totum.
607 1683 805 1757 Florentini
832 1703 922 1780 ergo
947 1691 1106 1757 statuam
1134 1685 1256 1757 Martis
1278 1684 1324 1757 de
1345 1684 1479 1776 templo
1496 1683 1624 1756 abstu-

451 1804 585 1897 lerunt,
612 1812 649 1879 et
674 1804 755 1876 loco
780 1803 875 1877 illius
900 1815 1179 1898 assumpserunt
1203 1805 1405 1908 iohannem
1426 1803 1622 1897 Baptistam

451 1944 517 2019 pro
549 1942 680 1998 eorum
712 1931 866 2019 patrono
901 1930 938 1997 et
966 1931 1187 2018 protectore,
1222 1944 1295 1997 non
1329 1931 1471 1997 mutata
1504 1924 1622 1996 torma

450 2043 586 2137 templi.
605 2044 772 2117 Statuam
790 2053 916 2118 autem
941 2044 1064 2116 Martis
1088 2053 1290 2136 posuerunt
1307 2043 1478 2116 intactam
1497 2043 1533 2113 in
1550 2043 1623 2117 alta

420 2163 556 2255 turri,
583 2163 670 2256 quia
695 2161 817 2256 opinio
841 2168 1011 2234 constans
1036 2168 1117 2234 erat
1142 2163 1320 2255 omnium,
1339 2161 1438 2255 quod
1456 2161 1622 2255 quando-

441 2302 611 2375 cumque
630 2288 849 2372 mutaretur,
866 2281 925 2353 vel
943 2281 978 2352 in
996 2281 1120 2374 aliquo
1138 2282 1344 2376 laederetur,
1362 2303 1538 2377 magnum
1558 2302 1622 2376 pe-

450 2401 608 2474 riculum
641 2407 679 2474 et
711 2420 806 2472 nova
845 2399 1000 2474 mutatio
1034 2399 1268 2474 imminerent
1307 2402 1399 2474 urbi.
1435 2402 1622 2475 tenebant

449 2520 547 2595 enim
573 2520 694 2594 adhuc
717 2520 862 2612 aliquos
879 2539 1001 2593 morer
1019 2521 1221 2615 paganismi
1236 2512 1294 2614 (²);
1312 2521 1387 2594 imo
1404 2542 1550 2615 semper
1568 2528 1624 2594 te-

450 2647 611 2745 nuerunt
630 2641 723 2713 hanc
739 2640 993 2714 credulitatem
1013 2660 1167 2713 vanam:
1184 2639 1247 2713 sed
1266 2639 1330 2712 ista
1351 2640 1472 2736 imago
1489 2639 1622 2714 dicitur

450 2760 560 2834 luisse
585 2760 737 2855 perdita,
755 2759 902 2852 quando
927 2760 1109 2833 Florentia
1136 2760 1203 2832 luit
1228 2760 1412 2834 destructa
1437 2781 1504 2854 per
1520 2760 1622 2833 athi-

450 2881 545 2972 lam;
571 2885 696 2975 postea
723 2879 867 2952 tandem
896 2879 1112 2954 reedificata
1138 2879 1294 2972 civitate,
1321 2880 1387 2952 luit
1421 2880 1622 2972 reinventa,
1672 2871 1675 2877 ’

449 3007 487 3076 et
515 3000 631 3095 posita
664 3001 701 3072 in
735 3019 810 3073 uno
840 3000 988 3093 pilastro
1023 3000 1058 3071 in
1090 2999 1208 3093 capite
1233 2999 1355 3072 Pontis
1382 2999 1533 3093 Veteris,
1559 2999 1622 3071 uhi

449 3120 546 3196 stetit
562 3110 598 3210 (³)
627 3118 816 3211 usquead
842 3125 1007 3212 tempora
1033 3118 1184 3209 autoris,
1207 3118 1282 3191 imo
1308 3118 1405 3190 ultra
1431 3117 1621 3211 usquead

448 3239 626 3314 diluvium
645 3239 744 3332 Arni,
763 3239 860 3331 quod
885 3237 953 3311 luit
978 3238 1014 3311 in
1040 3238 1302 3330 MCCCXXXV,
1320 3239 1419 3331 quod
1437 3244 1524 3312 tunc
1542 3239 1621 3312 vio-

447 3360 565 3435 lenter
590 3358 721 3453 dejecit
745 3367 906 3451 pontem,
925 3367 962 3434 et
987 3345 1241 3452 exportavitl‘)
1270 3358 1480 3453 imaginem,
1496 3364 1533 3432 et
1550 3358 1619 3431 alia

441 3480 563 3554 multa
589 3484 626 3552 et
651 3497 785 3572 magna
815 3477 949 3551 damna
984 3476 1151 3569 fecitne
1181 3478 1315 3571 quibus
1347 3477 1490 3550 dicetur
1514 3477 1620 3570 alibi3

446 3599 511 3674 sed
535 3597 712 3692 qtramdiu
738 3597 885 3671 duravit
909 3597 976 3673 ista
1001 3603 1116 3691 petra,
1135 3597 1280 3670 durarit
1298 3617 1405 3671 error
1430 3597 1621 3671 induratus

447 3719 484 3792 in
509 3717 694 3794 mentibus
720 3718 923 3790 multorum
945 3717 1092 3791 civium.
1111 3718 1214 3792 Unde
1231 3718 1405 3791 narrabat
1422 3717 1510 3790 mihi
1529 3718 1621 3791 Boc-

448 3839 572 3914 cacius
596 3837 643 3912 de
668 3837 836 3912 Gertaldo
853 3858 894 3912 se
910 3858 1007 3933 saepe
1031 3838 1176 3912 audisse
1194 3859 1217 3911 a
1237 3838 1454 3931 senioribus,
1473 3838 1620 3931 quando

447 3958 577 4053 aliquis
601 3978 695 4053 puer
716 3958 927 4051 proiiciebat
949 3957 1105 4052 lapidem
1124 3959 1182 4032 vel
1200 3959 1319 4031 lutum
1338 3958 1375 4030 in
1392 3964 1552 4033 statuam
1564 3949 1619 4050 (ἦε

447 4079 500 4152 'lu
527 4077 636 4152 iacies
663 4078 803 4152 malum
830 4077 965 4170 linem3
1001 4078 1089 4171 quia
1118 4099 1187 4174 ego
1213 4078 1284 4150 vidi
1312 4079 1434 4171 talem,
1460 4078 1524 4172 qui
1551 4080 1621 4152 hoc

447 4198 540 4292 lecit,
566 4198 630 4291 qui
655 4198 855 4272 suffocatus
880 4206 935 4272 est
961 4198 997 4271 in
1022 4200 1134 4292 Arno,
1151 4205 1188 4273 et
1207 4199 1321 4272 alium
1340 4200 1402 4292 qui
1420 4219 1619 4293 suspensus

446 4329 501 4394 est
518 4319 660 4412 laqueo.
680 4319 724 4394 Et
741 4318 928 4414 subiungit
945 4325 1054 4392 autor
1073 4340 1188 4391 unum
1206 4317 1311 4392 valde
1329 4319 1506 4412 mirabile,
1520 4319 1619 4412 quod

447 4439 591 4515 ridetur
607 4459 811 4514 consonare
827 4439 883 4515 isti
900 4438 1051 4532 antiquo
1069 4439 1186 4514 errori
1208 4439 1508 4532 llorentinorum;
1532 4440 1618 4533 quia

444 4560 591 4635 videtur
615 4579 787 4654 expresse
811 4559 944 4653 dicere,
962 4559 1061 4653 quotl
1087 4561 1192 4651 Mars,
1210 4560 1325 4633 iratus
1350 4565 1500 4654 propter
1525 4559 1620 4632 iuiu-

506 4773 535 4837 θ)
551 4774 580 4823 lt.
598 4779 624 4824 et
640 4778 670 4824 ut
687 4774 820 4837 colligitur
835 4787 868 4823 cx
884 4773 1014 4824 chronicis
1030 4774 1178 4832 Florentiae,
1196 4774 1275 4823 stetit.

506 4847 535 4913 (¹)
549 4849 576 4900 S·
593 4863 761 4914 rumorum·
1126 4849 1153 4912 (¹)
1171 4854 1224 4909 rto,
1242 4851 1351 4900 mrem.

506 4926 533 4992 (⁸)
549 4927 575 4978 S.
591 4939 607 4976 e
623 4926 653 4977 ll.
670 4929 820 4992 asportarit.
1128 4927 1155 4988 t't
1172 4928 1202 4978 ll.
1218 4931 1337 4986 rutum,
1354 4926 1489 4978 dloehtur
1504 4927 1542 4977 el:
1560 4932 1597 4976 tu.
