4154 6546
865 800 1004 856 CANTUS
1027 801 1198 856 ocrtvus.
1546 792 1615 857 299

448 949 492 1024 Et
517 945 637 1020 subdit
661 943 757 1037 quod
784 964 858 1017 non
882 944 1000 1038 potuit
1023 944 1153 1018 audire
1177 944 1290 1018 verba
1316 945 1453 1040 Virgilii
1469 944 1515 1019 ad
1539 946 1617 1019 illos

447 1067 628 1160 custodes,
643 1065 789 1140 dicens:
815 1084 886 1137 non
907 1067 1013 1156 polsi,
1039 1064 1130 1140 idest
1153 1083 1224 1159 ego
1248 1064 1382 1160 [lanies
1408 1086 1481 1139 non
1501 1067 1616 1161 potui,

446 1192 528 1263 odii
553 1190 664 1278 quello
687 1188 739 1258 cli
752 1206 777 1256 a
802 1187 858 1256 lor
880 1204 1006 1276 porse,
1026 1185 1113 1277 quia
1131 1184 1239 1258 nimis
1255 1204 1358 1259 eram
1376 1205 1398 1258 a
1415 1186 1536 1281 longe,
1553 1186 1615 1261 sed

447 1309 519 1383 cito
543 1306 616 1380 vidi
642 1304 826 1399 repulsam
852 1303 921 1376 sibi
944 1303 1082 1398 datam,
1100 1302 1200 1379 unde
1219 1303 1327 1377 dicit:
1344 1325 1404 1376 mo
1421 1308 1465 1395 ei,
1483 1305 1617 1379 scilicet

445 1427 504 1501 ille
529 1425 710 1521 Virgilius,
735 1443 807 1496 nori
830 1429 924 1496 stolia
948 1413 985 1495 td
1008 1443 1075 1495 cori
1098 1426 1178 1514 essi,
1211 1423 1347 1497 scilicet
1375 1423 1614 1516 daemouibus,

444 1550 563 1638 quari,
589 1545 680 1619 idest
705 1541 810 1636 quasi
835 1543 915 1617 vult
934 1542 1069 1637 dicere,
1087 1541 1187 1636 quod
1206 1542 1376 1639 Virgilius
1395 1542 1493 1618 stetit
1507 1542 1612 1635 quasi

446 1666 531 1739 nibil
557 1686 643 1740 cum
669 1663 737 1738 illis
761 1662 798 1735 in
823 1661 955 1755 verbis,
981 1664 1041 1734 clio
1065 1665 1204 1735 ciascun
1228 1684 1266 1735 se
1288 1665 1422 1735 ricorse
1442 1664 1566 1735 dentre
1591 1683 1615 1733 o

443 1806 572 1877 mooe,
590 1784 681 1858 idest
696 1781 863 1856 certatim
882 1780 1154 1857 reintraverunt
1169 1774 1205 1873 (¹)
1224 1781 1420 1874 cisitatem,
1437 1781 1524 1874 quia
1542 1801 1615 1854 non

447 1905 581 2000 placuit
604 1904 657 1977 eis
685 1902 809 1997 petitio
826 1901 973 1997 Virgilii,
993 1900 1076 1976 ideo
1093 1903 1329 1978 excluserunt
1342 1894 1380 1993 (²)
1394 1921 1495 1994 eum,
1516 1899 1616 1973 unde

447 2025 555 2099 dicit:
580 2026 658 2117 quei
681 2025 795 2096 nostri
820 2025 998 2111 oriersori,
1028 2021 1164 2098 scilicet
1191 2022 1389 2114 demones,
1419 2024 1554 2094 elieser
1586 2023 1616 2092 n

445 2150 546 2236 porte
569 2146 627 2215 nel
645 2149 739 2234 pelio
755 2143 795 2213 al
809 2143 879 2212 mio
896 2143 1057 2230 Signore,
1075 2141 1180 2232 quasi
1195 2140 1292 2214 dicat
1307 2141 1441 2234 statim,
1458 2141 1519 2212 ebe
1531 2142 1617 2231 [nor

449 2265 593 2353 rimoso,
618 2262 716 2335 male
740 2259 964 2351 consolatus,
990 2265 1028 2333 et
1053 2278 1139 2333 eoce
1163 2261 1262 2351 quod
1277 2250 1314 2351 (³)
1341 2260 1436 2352 lecit,
1463 2280 1483 2331 e
1507 2261 1616 2330 rivol-

448 2385 517 2454 sesi
539 2403 564 2453 a
588 2401 642 2452 me
666 2399 734 2452 con
752 2379 854 2470 possi
876 2379 970 2466 ruri,
994 2376 1081 2469 quia
1105 2378 1216 2472 coepit
1234 2378 1356 2452 redire
1372 2379 1469 2452 lente
1485 2397 1615 2451 versus

446 2508 616 2576 autorem
644 2506 742 2573 totus
766 2496 1043 2592 cogitabundus.
1061 2495 1106 2573 Et
1122 2497 1180 2572 hic
1197 2504 1283 2573 uota
1299 2499 1398 2591 quod
1419 2504 1527 2571 autor
1548 2497 1617 2570 iln-

450 2621 503 2717 git
528 2622 596 2694 boc
621 2624 752 2710 toturn,
779 2616 865 2709 quia
891 2636 964 2689 non
988 2622 1130 2710 poterat
1154 2636 1241 2691 cum
1272 2617 1420 2714 Virgilio
1450 2619 1527 2692 solo
1560 2617 1617 2688 in-

450 2745 551 2813 trare
576 2739 682 2811 istam
707 2736 893 2811 civitatem
923 2736 991 2810 nisi
1019 2737 1203 2813 mediante
1226 2737 1364 2812 auxilio
1388 2738 1548 2831 alterius,
1574 2748 1618 2812 ul

449 2858 571 2930 statim
589 2857 745 2950 patebit3
762 2862 800 2930 et
817 2856 927 2931 etiam
945 2856 1095 2949 quiade
1112 2857 1165 2930 rei
1184 2857 1338 2933 veritate
1355 2857 1523 2953 Virgilius
1543 2877 1615 2930 non

446 2976 687 3070 descripserat
702 2965 737 3067 (⁶)
751 2976 797 3049 ad
815 2975 963 3069 plenum
982 2975 1087 3050 istam
1106 2976 1319 3068 materiam3
1335 2976 1433 3052 uude
1444 2969 1480 3067 (⁵)
1495 2985 1615 3067 autor,

445 3096 540 3171 sicul
555 3096 691 3189 patebit
715 3096 752 3168 in
776 3113 962 3188 processu,
979 3093 1149 3167 describit
1161 3083 1199 3183 (θ)
1217 3094 1322 3186 quasi
1338 3095 1462 3168 omnia
1479 3115 1616 3190 genera

447 3215 632 3289 fraudium
658 3221 696 3288 et
720 3234 916 3308 poeuarum
941 3211 1169 3304 mirabiliter,
1201 3232 1285 3305 quin
1314 3234 1505 3306 nunquam
1536 3214 1617 3287 lue·

449 3342 534 3409 runt
563 3355 629 3430 per
646 3335 837 3429 Virgilium
855 3334 914 3408 vel
930 3334 1044 3407 alium
1062 3331 1241 3407 somniata
1266 3332 1364 3425 quod
1390 3354 1461 3428 ego
1477 3333 1589 3406 sciam
1605 3355 1613 3423 3

448 3462 486 3529 et
508 3454 678 3531 describit
695 3455 945 3529 confusionom
967 3453 1105 3549 Virgilii
1122 3471 1188 3546 per
1204 3453 1308 3549 signa
1329 3453 1476 3548 pudoris
1493 3463 1530 3528 et
1547 3453 1615 3526 do·

448 3575 535 3649 loris
558 3575 681 3649 dicens
695 3566 758 3667 (⁷):
784 3585 821 3651 et
846 3573 1026 3669 Virgilius,
1052 3594 1142 3646 eoos
1171 3576 1223 3664 gli
1254 3575 1350 3649 mcii
1379 3593 1405 3645 a
1436 3577 1472 3645 lo
1504 3581 1613 3664 niro,

448 3695 583 3771 scilicet
606 3693 765 3769 deiectos
791 3695 827 3766 in
853 3700 992 3769 terram
1018 3680 1085 3786 pro
1105 3692 1337 3785 verecundia,
1355 3699 1391 3766 et
1409 3693 1565 3766 babebat
1585 3696 1615 3764 le

447 3816 551 3903 rigna
574 3833 658 3885 ruse
681 3815 716 3885 d’
729 3815 814 3903 ogni
836 3813 1037 3903 beborna,
1064 3812 1154 3887 idest
1171 3812 1299 3886 taciem
1317 3813 1496 3906 privatam
1514 3813 1613 3885 omni

446 3931 643 4025 auertisse,
670 3931 719 4004 ita
744 3930 842 4024 quod
867 3931 992 4006 vultus
1016 3931 1096 4005 eius
1126 3941 1208 4006 erat
1238 3951 1400 4005 moerore
1430 3933 1615 4024 confusus,

448 4055 485 4123 et
508 4049 654 4125 dolebat
678 4049 772 4122 iutra
798 4070 849 4142 se,
875 4050 975 4124 unde
997 4050 1107 4124 dicit:
1134 4072 1153 4123 e
1174 4052 1275 4122 drea
1299 4053 1356 4122 nei
1370 4054 1511 4143 sospiri,
1533 4072 1616 4145 quae

450 4169 603 4261 suspiria
633 4180 720 4245 sunt
751 4170 853 4264 signa
883 4169 1029 4262 doloris,
1060 4172 1116 4242 eti
1144 4173 1188 4241 m’
1201 4172 1248 4242 bo
1278 4178 1401 4259 negate
1432 4173 1463 4242 te
1489 4173 1618 4244 dolenti

448 4294 558 4359 case?
582 4289 686 4383 quasi
710 4289 828 4363 dicat:
856 4289 937 4384 quis
964 4289 1109 4385 negavit
1125 4279 1160 4380 (⁸)
1188 4289 1379 4378 introitum,
1404 4290 1505 4365 istius
1530 4290 1617 4364 civi-

447 4406 539 4499 tatis,
566 4407 602 4480 in
628 4428 701 4501 qua
727 4430 856 4483 omnes
881 4410 1014 4483 domus
1037 4419 1125 4486 sunt
1149 4409 1266 4503 pleme
1290 4408 1428 4502 dolore,
1458 4409 1524 4483 nisi
1559 4409 1614 4481 isti

508 4663 536 4727 (¹)
552 4665 582 4716 E.
600 4673 813 4718 recucurrerunt.
1071 4666 1098 4727 (¹)
1119 4665 1144 4716 S.
1161 4664 1353 4717 concinunt.

449 4778 453 4785 -
507 4740 827 4808 disseminari
1068 4741 1303 4805 (unumque

507 4815 536 4879 (ἦ
556 4817 583 4868 S.
598 4832 668 4870 nuuc
684 4825 770 4872 anton
1071 4818 1101 4882 (⁶)
1117 4819 1147 4869 E.
1162 4818 1306 4881 deulqfil.

463 4929 467 4937 ·
505 4895 538 4954 (r)
554 4893 585 4945 B·
602 4895 689 4947 dms
702 4897 774 4960 qood
790 4896 922 4961 Virglflus.
1073 4893 1100 4957 (¹)
1117 4899 1172 4955 llo,
1188 4893 1291 4958 negarit
1306 4892 1370 4943 mibi
1386 4892 1531 4944 lutrollum.
