4154 6546
449 779 519 846 536
845 790 1048 846 conburunt
1074 792 1226 845 iuream

448 938 633 1010 Lucanus:
652 938 771 1009 solano
785 941 868 1029 sore
884 939 1081 1009 oontsondo
1099 939 1156 1012 lor
1168 957 1278 1030 presa
1303 958 1322 1008 e
1347 941 1404 1011 lor
1422 942 1626 1030 veluwe,

447 1063 485 1130 et
500 1048 536 1147 (⁴)
555 1058 624 1130 boc
644 1056 793 1150 iaciunt,
814 1060 937 1148 promo
956 1059 1015 1128 elle
1035 1060 1137 1129 dano
1162 1057 1282 1130 bottutt
1305 1077 1325 1129 e
1344 1061 1447 1148 ponti
1470 1065 1530 1131 tro
1555 1061 1626 1150 lor,

446 1196 533 1250 cum
568 1175 697 1270 palmis
728 1177 786 1250 vel
818 1176 960 1272 pugnis
992 1177 1066 1250 Nec
1100 1175 1277 1270 intelligas
1310 1176 1369 1251 hic
1401 1197 1486 1250 cum
1514 1177 1626 1272 terro,

444 1295 539 1369 sicut
556 1289 770 1390 pugnabant
787 1295 900 1389 aliqui
918 1302 955 1369 et
971 1295 1092 1370 adbuc
1111 1295 1217 1369 bodie
1238 1303 1413 1391 pugnant,
1432 1297 1526 1372 sicut
1549 1296 1625 1372 duo

446 1417 564 1513 reguli
590 1416 655 1510 qui
677 1424 938 1512 pugnaverunt
958 1417 994 1490 in
1013 1421 1210 1510 conspectu
1227 1415 1402 1512 Scipionis
1417 1417 1515 1513 apud
1532 1418 1623 1492 Car·

446 1536 632 1631 tbaginem
659 1536 859 1630 Hispauiae3
886 1544 924 1610 et
948 1535 1043 1610 sicut
1060 1542 1135 1611 tres
1156 1536 1295 1611 Horatii
1308 1527 1346 1629 (²)
1365 1543 1625 1633 pugnaverunt

446 1677 532 1731 oum
560 1656 676 1730 tribus
702 1655 873 1731 Curiatiis
897 1656 1055 1751 Albanis,
1075 1657 1161 1751 quia
1188 1663 1277 1731 tune
1302 1638 1529 1753 comparatio
1551 1679 1625 1734 nou

446 1784 542 1851 esset
566 1776 724 1871 propria,
751 1775 839 1869 quia
858 1776 937 1870 jam
963 1775 1094 1850 audisti
1127 1776 1226 1869 quod
1257 1782 1364 1850 erant
1388 1777 1477 1851 nudi
1492 1768 1531 1870 (³)
1559 1799 1626 1854 ve·

447 1896 573 1991 stibus,
600 1903 637 1971 et
662 1896 719 1969 isti
753 1896 879 1970 nudati
906 1903 943 1970 et
968 1896 1126 1970 totaliter
1160 1896 1306 1991 depilati
1313 1921 1323 1990 ;
1350 1898 1492 1993 pugiles
1523 1899 1625 1974 uncti

447 2015 625 2091 ardebant
651 2016 687 2089 iu
712 2037 848 2111 pugna,
867 2023 904 2091 et
929 2016 986 2089 isti
1011 2015 1188 2092 ardebant
1213 2017 1369 2091 llammis
1397 2018 1499 2093 velut
1525 2020 1626 2095 uncti

448 2136 530 2210 oleo
537 2161 547 2230 ;
565 2137 707 2232 pugiles
732 2137 926 2211 avisabant
951 2137 1156 2231 captionem
1182 2158 1288 2211 suam
1306 2143 1349 2210 ut
1369 2138 1529 2216 vitarent
1545 2160 1626 2216 me·

448 2257 517 2331 lius
544 2258 701 2332 verbera
726 2257 947 2352 palmarum,
970 2257 1026 2330 isti
1055 2262 1095 2330 ut
1121 2257 1247 2332 laevius
1273 2257 1445 2353 lugerent
1469 2260 1624 2336 vulnera

449 2379 702 2471 llammarum;
728 2378 870 2474 pugiles
896 2378 1080 2473 capientes
1110 2397 1151 2451 se
1177 2378 1346 2452 manibus
1379 2379 1625 2456 movebantur

447 2499 621 2573 contiuuo
647 2498 683 2569 in
710 2517 824 2572 arena
852 2497 887 2572 in
914 2519 988 2591 qua
1014 2496 1238 2593 pugnabant,
1261 2504 1298 2573 et
1312 2486 1349 2590 (⁸)
1377 2497 1426 2572 ita
1452 2498 1508 2572 isti
1534 2519 1624 2573 cou-

447 2618 550 2691 tinuo
576 2638 616 2691 se
648 2618 844 2693 volvebant
877 2617 914 2689 iu
943 2617 1057 2712 peiori
1090 2637 1216 2711 arena,
1242 2617 1278 2691 in
1304 2638 1379 2711 qua
1410 2619 1624 2714 pugnabant

449 2759 536 2812 cum
564 2737 731 2811 manibus
757 2743 886 2812 contra
912 2739 1091 2831 llammaS,
1117 2759 1205 2812 cum
1231 2737 1384 2832 pedibus
1408 2744 1536 2813 contra
1562 2759 1623 2813 sa·

449 2858 579 2932 bulum
615 2857 791 2931 calidum:
819 2878 909 2953 ergo
936 2858 1031 2932 bene
1064 2858 1289 2953 comparatio
1315 2858 1487 2953 exprimit
1511 2859 1624 2954 clare,

449 2977 634 3073 quomodo
661 2977 716 3050 isti
743 2977 932 3051 avisabant
953 2977 1105 3052 modum
1127 2977 1353 3052 artificialem
1372 2978 1624 3072 quo'babilius

449 3104 689 3172 moverentur
714 3097 809 3172 inter
835 3118 887 3190 se,
914 3104 951 3171 et
976 3097 1217 3191 loquerentur
1243 3118 1330 3171 cum
1355 3104 1498 3172 autore.

501 3281 503 3284 ,
522 3220 618 3291 Del!
634 3239 671 3290 se
688 3220 839 3291 moola
854 3218 926 3291 lsta
944 3223 999 3291 est
1017 3216 1177 3291 secunda
1194 3238 1280 3311 pars
1296 3218 1478 3313 generalis
1495 3217 1531 3291 in
1549 3238 1623 3312 qua

447 3346 568 3433 autor,
596 3338 690 3412 lacta
715 3336 947 3431 dispositione
973 3336 1126 3410 istorum
1160 3336 1206 3410 ad
1232 3337 1458 3431 loquendum
1483 3358 1623 3432 secum,

448 3479 546 3533 nunc
570 3457 655 3532 lacit
682 3477 799 3529 unum
826 3477 957 3530 eorum
977 3456 1076 3549 loqui
1098 3455 1175 3550 sibi,
1198 3456 1260 3549 qui
1280 3456 1486 3532 manifestat
1502 3458 1624 3554 primo

446 3578 574 3671 socios,
599 3583 727 3672 postea
752 3595 792 3649 se
819 3576 950 3670 ipsum.
977 3577 1048 3650 lste
1073 3582 1199 3650 autem
1231 3581 1311 3649 erat
1336 3575 1485 3670 quidam
1518 3578 1624 3653 miles

446 3697 660 3773 lloreutiuus
695 3702 847 3769 vocatus
882 3695 1052 3769 dominus
1091 3696 1249 3770 Jacobus
1285 3696 1521 3790 Rusticutius,
1559 3697 1622 3792 qui

448 3820 576 3916 pulcre
600 3815 797 3912 persuadet
822 3815 944 3889 autori
972 3823 1011 3888 ut
1038 3816 1243 3893 manilestet
1268 3836 1309 3890 se
1333 3816 1386 3891 eis
1401 3807 1453 3911 (⁵),
1468 3839 1542 3892 non
1566 3826 1624 3894 at·

323 4001 328 4009 .
449 3947 549 4017 tenta
575 3944 613 4013 et
637 3936 867 4011 considerata
894 3935 1089 4010 miserabili
1119 3956 1228 4030 poeua
1253 3957 1409 4010 suorum
1436 3938 1623 4033 vitiorum,

448 4060 511 4134 sed
537 4060 637 4133 clara
662 4056 760 4129 lama
786 4054 964 4130 virtutum
984 4076 1150 4129 suarum.
1170 4055 1262 4130 Dicit
1278 4076 1369 4152 ergo
1390 4064 1512 4132 autor:
1531 4061 1624 4151 luo,

449 4181 584 4257 scilicet
608 4176 803 4273 predictus
828 4176 998 4269 lacobus,
1024 4168 1211 4267 contemto,
1237 4175 1373 4251 scilieet
1394 4177 1517 4251 dicere
1533 4178 1624 4253 mibi

449 4299 690 4398 deprecative,
712 4300 796 4371 dell
823 4300 858 4369 lo
881 4299 984 4389 samo
1008 4304 1144 4387 nosco,
1164 4316 1248 4389 quae
1274 4303 1329 4370 est
1354 4296 1440 4370 satis
1467 4298 1548 4372 laeta
1574 4298 1621 4376 de

449 4423 552 4498 nobis
578 4422 613 4495 in
641 4417 790 4510 mundo,
817 4416 853 4490 in
888 4416 1004 4510 patria
1035 4423 1098 4490 tua
1129 4421 1166 4489 et
1198 4415 1362 4510 partibus
1397 4416 1479 4510 tuis,
1506 4418 1625 4509 picoti

509 4686 536 4748 (¹)
554 4691 607 4745 llo,
624 4690 651 4735 et
667 4684 744 4734 bodie
762 4682 872 4733 loeium.
1076 4679 1105 4744 (¹)
1122 4685 1176 4739 111,
1192 4681 1295 4732 floram
1312 4680 1414 4731 romunt
1430 4689 1622 4745 pugnaverunt.

509 4762 536 4824 (¹)
553 4766 607 4820 111,
624 4761 695 4821 nudi,
711 4765 738 4809 et
754 4760 791 4810 uic
808 4759 864 4809 ride
880 4763 1007 4822 quantum
1023 4756 1184 4820 comparatio
1200 4756 1320 4820 pugilum
1337 4756 1370 4807 stt
1386 4756 1505 4819 propria:
1521 4757 1623 4823 pugiles

445 4845 521 4891 eram
536 4838 625 4888 nudati
642 4837 763 4887 restibus.
1176 4874 1180 4879 .

507 4915 534 4978 (·)
550 4915 577 4965 S.
593 4920 620 4982 et
636 4915 677 4964 isti
693 4914 816 4964 watinum
832 4914 866 4963 lta
883 4925 911 4962 re
928 4911 1075 4965 volvebant.
1264 4911 1292 4973 (¹)
1309 4910 1425 4975 11111111.
