<?xml version="1.0" encoding="UTF-8"?>
<!DOCTYPE html PUBLIC "-//W3C//DTD XHTML 1.0 Transitional//EN"
    "http://www.w3.org/TR/xhtml1/DTD/xhtml1-transitional.dtd">
<html xmlns="http://www.w3.org/1999/xhtml" xml:lang="en" lang="en">
 <head>
  <title>
</title>
<meta http-equiv="Content-Type" content="text/html;charset=utf-8" />
  <meta name='ocr-system' content='tesseract 3.04.00' />
  <meta name='ocr-capabilities' content='ocr_page ocr_carea ocr_par ocr_line ocrx_word'/>
</head>
<body>
  <div class='ocr_page' id='page_1' title='image "./comentumsuperda00benvgoog_0404.png"; bbox 0 0 4154 6546; ppageno 0'>
   <div class='ocr_carea' id='block_1_1' title="bbox 449 750 1223 823">
    <p class='ocr_par' dir='ltr' id='par_1_1' title="bbox 449 750 1223 823">
     <span class='ocr_line' id='line_1_1' title="bbox 449 750 1223 823; baseline -0.006 -3"><span class='ocrx_word' id='word_1_1' title='bbox 449 750 522 823; x_wconf 74' lang='lat' dir='ltr'>:ibt</span> <span class='ocrx_word' id='word_1_2' title='bbox 845 763 1047 820; x_wconf 79' lang='lat' dir='ltr'>eerrruruu</span> <span class='ocrx_word' id='word_1_3' title='bbox 1073 761 1223 817; x_wconf 78' lang='lat' dir='ltr'>inruant</span> 
     </span>
    </p>
   </div>
   <div class='ocr_carea' id='block_1_2' title="bbox 447 903 1632 4490">
    <p class='ocr_par' dir='ltr' id='par_1_2' title="bbox 447 903 1625 3280">
     <span class='ocr_line' id='line_1_2' title="bbox 447 903 1620 1004; baseline -0.004 -18"><span class='ocrx_word' id='word_1_4' title='bbox 447 911 546 1004; x_wconf 85' lang='lat' dir='ltr'>quod</span> <span class='ocrx_word' id='word_1_5' title='bbox 572 910 658 984; x_wconf 82' lang='lat' dir='ltr'>nihil</span> <span class='ocrx_word' id='word_1_6' title='bbox 683 909 836 985; x_wconf 79' lang='lat' dir='ltr'>ulterius</span> <span class='ocrx_word' id='word_1_7' title='bbox 861 909 1137 1004; x_wconf 80' lang='lat' dir='ltr'>expectabitur(</span> <span class='ocrx_word' id='word_1_8' title='bbox 1154 912 1176 998; x_wconf 89' lang='grc'>).</span> <span class='ocrx_word' id='word_1_9' title='bbox 1197 947 1247 962; x_wconf 91' lang='grc'>-</span> <span class='ocrx_word' id='word_1_10' title='bbox 1268 911 1366 982; x_wconf 81' lang='lat' dir='ltr'>Ater.</span> <span class='ocrx_word' id='word_1_11' title='bbox 1391 904 1458 982; x_wconf 84' lang='lat' dir='ltr'>Hic</span> <span class='ocrx_word' id='word_1_12' title='bbox 1485 903 1620 981; x_wconf 85' lang='lat' dir='ltr'>ultimo</span> 
     </span>
     <span class='ocr_line' id='line_1_3' title="bbox 447 1021 1620 1127; baseline -0.002 -22"><span class='ocrx_word' id='word_1_13' title='bbox 447 1032 629 1107; x_wconf 86' lang='lat' dir='ltr'>declarata</span> <span class='ocrx_word' id='word_1_14' title='bbox 655 1031 866 1124; x_wconf 65' lang='lat' dir='ltr'>quastione,</span> <span class='ocrx_word' id='word_1_15' title='bbox 887 1031 993 1105; x_wconf 90' lang='lat' dir='ltr'>cuius</span> <span class='ocrx_word' id='word_1_16' title='bbox 1011 1049 1123 1127; x_wconf 76' lang='lat' dir='ltr'>causa</span> <span class='ocrx_word' id='word_1_17' title='bbox 1145 1029 1222 1123; x_wconf 90' lang='lat' dir='ltr'>ipse</span> <span class='ocrx_word' id='word_1_18' title='bbox 1238 1030 1448 1104; x_wconf 87' lang='lat' dir='ltr'>tardaverat</span> <span class='ocrx_word' id='word_1_19' title='bbox 1464 1021 1620 1124; x_wconf 87' lang='lat' dir='ltr'>respuu-</span> 
     </span>
     <span class='ocr_line' id='line_1_4' title="bbox 447 1148 1621 1244; baseline -0.002 -19"><span class='ocrx_word' id='word_1_20' title='bbox 447 1151 536 1226; x_wconf 93' lang='lat' dir='ltr'>dere</span> <span class='ocrx_word' id='word_1_21' title='bbox 561 1150 780 1243; x_wconf 85' lang='lat' dir='ltr'>Cavaicanti,</span> <span class='ocrx_word' id='word_1_22' title='bbox 806 1170 904 1224; x_wconf 89' lang='lat' dir='ltr'>nunc</span> <span class='ocrx_word' id='word_1_23' title='bbox 929 1149 1014 1223; x_wconf 86' lang='lat' dir='ltr'>iacit</span> <span class='ocrx_word' id='word_1_24' title='bbox 1032 1150 1303 1244; x_wconf 82' lang='lat' dir='ltr'><strong>responsionem</strong></span> <span class='ocrx_word' id='word_1_25' title='bbox 1318 1149 1420 1222; x_wconf 87' lang='lat' dir='ltr'>itiam</span> <span class='ocrx_word' id='word_1_26' title='bbox 1438 1148 1621 1224; x_wconf 82' lang='lat' dir='ltr'>Farinatae</span> 
     </span>
     <span class='ocr_line' id='line_1_5' title="bbox 449 1268 1621 1364; baseline -0.004 -18"><span class='ocrx_word' id='word_1_27' title='bbox 449 1290 627 1346; x_wconf 81' lang='lat' dir='ltr'>excusans</span> <span class='ocrx_word' id='word_1_28' title='bbox 651 1290 692 1345; x_wconf 90' lang='lat' dir='ltr'>se</span> <span class='ocrx_word' id='word_1_29' title='bbox 716 1269 763 1344; x_wconf 85' lang='lat' dir='ltr'>de</span> <span class='ocrx_word' id='word_1_30' title='bbox 786 1269 957 1343; x_wconf 84' lang='lat' dir='ltr'>ditatione</span> <span class='ocrx_word' id='word_1_31' title='bbox 981 1289 1095 1362; x_wconf 91' lang='lat' dir='ltr'>quam</span> <span class='ocrx_word' id='word_1_32' title='bbox 1115 1268 1261 1345; x_wconf 85' lang='lat' dir='ltr'>iecerat</span> <span class='ocrx_word' id='word_1_33' title='bbox 1281 1268 1373 1342; x_wconf 84' lang='lat' dir='ltr'>Dicit</span> <span class='ocrx_word' id='word_1_34' title='bbox 1389 1288 1499 1364; x_wconf 82' lang='lat' dir='ltr'>ergo:</span> <span class='ocrx_word' id='word_1_35' title='bbox 1517 1271 1621 1361; x_wconf 79' lang='lat' dir='ltr'>Ater,</span> 
     </span>
     <span class='ocr_line' id='line_1_6' title="bbox 450 1379 1622 1485; baseline -0.002 -20"><span class='ocrx_word' id='word_1_36' title='bbox 450 1392 541 1467; x_wconf 90' lang='lat' dir='ltr'>idest</span> <span class='ocrx_word' id='word_1_37' title='bbox 563 1397 651 1466; x_wconf 92' lang='lat' dir='ltr'>tunc</span> <span class='ocrx_word' id='word_1_38' title='bbox 667 1411 737 1485; x_wconf 81' lang='lat' dir='ltr'>ege</span> <span class='ocrx_word' id='word_1_39' title='bbox 750 1390 895 1483; x_wconf 78' lang='lat' dir='ltr'>Dentes,</span> <span class='ocrx_word' id='word_1_40' title='bbox 913 1379 1009 1463; x_wconf 82' lang='lat' dir='ltr'>come</span> <span class='ocrx_word' id='word_1_41' title='bbox 1023 1397 1207 1481; x_wconf 73' lang='lat' dir='ltr'>comprimo</span> <span class='ocrx_word' id='word_1_42' title='bbox 1228 1391 1267 1462; x_wconf 80' lang='lat' dir='ltr'>di</span> <span class='ocrx_word' id='word_1_43' title='bbox 1285 1392 1358 1462; x_wconf 83' lang='lat' dir='ltr'>mia</span> <span class='ocrx_word' id='word_1_44' title='bbox 1377 1392 1494 1480; x_wconf 82' lang='lat' dir='ltr'>colpe,</span> <span class='ocrx_word' id='word_1_45' title='bbox 1514 1388 1622 1482; x_wconf 80' lang='lat' dir='ltr'>quasi</span> 
     </span>
     <span class='ocr_line' id='line_1_7' title="bbox 449 1509 1622 1605; baseline -0.005 -18"><span class='ocrx_word' id='word_1_46' title='bbox 449 1511 556 1605; x_wconf 79' lang='lat' dir='ltr'>dicat,</span> <span class='ocrx_word' id='word_1_47' title='bbox 573 1532 618 1586; x_wconf 88' lang='lat' dir='ltr'>ac</span> <span class='ocrx_word' id='word_1_48' title='bbox 639 1511 669 1584; x_wconf 92' lang='lat' dir='ltr'>si</span> <span class='ocrx_word' id='word_1_49' title='bbox 689 1510 837 1585; x_wconf 78' lang='lat' dir='ltr'>fuissem</span> <span class='ocrx_word' id='word_1_50' title='bbox 855 1509 892 1583; x_wconf 92' lang='lat' dir='ltr'>in</span> <span class='ocrx_word' id='word_1_51' title='bbox 909 1509 1016 1604; x_wconf 85' lang='lat' dir='ltr'>culpa</span> <span class='ocrx_word' id='word_1_52' title='bbox 1032 1530 1121 1584; x_wconf 88' lang='lat' dir='ltr'>cum</span> <span class='ocrx_word' id='word_1_53' title='bbox 1140 1516 1266 1584; x_wconf 85' lang='lat' dir='ltr'>tamen</span> <span class='ocrx_word' id='word_1_54' title='bbox 1283 1529 1357 1584; x_wconf 90' lang='lat' dir='ltr'>nun</span> <span class='ocrx_word' id='word_1_55' title='bbox 1372 1528 1504 1602; x_wconf 88' lang='lat' dir='ltr'>essem,</span> <span class='ocrx_word' id='word_1_56' title='bbox 1521 1510 1622 1600; x_wconf 75' lang='lat' dir='ltr'>dissi,</span> 
     </span>
     <span class='ocr_line' id='line_1_8' title="bbox 451 1628 1623 1724; baseline -0.002 -18"><span class='ocrx_word' id='word_1_57' title='bbox 451 1632 586 1707; x_wconf 86' lang='lat' dir='ltr'>scilicet</span> <span class='ocrx_word' id='word_1_58' title='bbox 610 1631 807 1706; x_wconf 81' lang='lat' dir='ltr'>Farinatae:</span> <span class='ocrx_word' id='word_1_59' title='bbox 835 1650 879 1703; x_wconf 82' lang='lat' dir='ltr'>er</span> <span class='ocrx_word' id='word_1_60' title='bbox 894 1633 1003 1705; x_wconf 79' lang='lat' dir='ltr'>direte</span> <span class='ocrx_word' id='word_1_61' title='bbox 1026 1633 1162 1723; x_wconf 72' lang='lat' dir='ltr'>donum</span> <span class='ocrx_word' id='word_1_62' title='bbox 1184 1652 1210 1702; x_wconf 86' lang='lat' dir='ltr'><strong><em>a</em></strong></span> <span class='ocrx_word' id='word_1_63' title='bbox 1234 1633 1313 1721; x_wconf 72' lang='lat' dir='ltr'>erret</span> <span class='ocrx_word' id='word_1_64' title='bbox 1326 1633 1465 1724; x_wconf 73' lang='lat' dir='ltr'>cadum,</span> <span class='ocrx_word' id='word_1_65' title='bbox 1485 1628 1623 1705; x_wconf 84' lang='lat' dir='ltr'>scilicet</span> 
     </span>
     <span class='ocr_line' id='line_1_9' title="bbox 451 1741 1622 1844; baseline -0.004 -17"><span class='ocrx_word' id='word_1_66' title='bbox 451 1751 657 1827; x_wconf 84' lang='lat' dir='ltr'>Cavalcanti</span> <span class='ocrx_word' id='word_1_67' title='bbox 682 1750 746 1844; x_wconf 89' lang='lat' dir='ltr'>qui</span> <span class='ocrx_word' id='word_1_68' title='bbox 770 1750 951 1826; x_wconf 82' lang='lat' dir='ltr'>ceciderat</span> <span class='ocrx_word' id='word_1_69' title='bbox 970 1741 1230 1844; x_wconf 80' lang='lat' dir='ltr'>pr0(²)d010re</span> <span class='ocrx_word' id='word_1_70' title='bbox 1250 1749 1398 1844; x_wconf 85' lang='lat' dir='ltr'>quando</span> <span class='ocrx_word' id='word_1_71' title='bbox 1415 1749 1504 1824; x_wconf 88' lang='lat' dir='ltr'>vidit</span> <span class='ocrx_word' id='word_1_72' title='bbox 1521 1749 1622 1823; x_wconf 87' lang='lat' dir='ltr'>Dan·</span> 
     </span>
     <span class='ocr_line' id='line_1_10' title="bbox 452 1867 1622 1964; baseline -0.003 -17"><span class='ocrx_word' id='word_1_73' title='bbox 452 1879 525 1948; x_wconf 88' lang='lat' dir='ltr'>tem</span> <span class='ocrx_word' id='word_1_74' title='bbox 552 1892 626 1944; x_wconf 88' lang='lat' dir='ltr'>nnn</span> <span class='ocrx_word' id='word_1_75' title='bbox 651 1870 872 1964; x_wconf 81' lang='lat' dir='ltr'>respondere</span> <span class='ocrx_word' id='word_1_76' title='bbox 887 1869 1021 1963; x_wconf 83' lang='lat' dir='ltr'>statim,</span> <span class='ocrx_word' id='word_1_77' title='bbox 1039 1868 1125 1962; x_wconf 89' lang='lat' dir='ltr'>quia</span> <span class='ocrx_word' id='word_1_78' title='bbox 1143 1869 1263 1944; x_wconf 82' lang='lat' dir='ltr'>timuit</span> <span class='ocrx_word' id='word_1_79' title='bbox 1276 1869 1395 1943; x_wconf 90' lang='lat' dir='ltr'>tilium</span> <span class='ocrx_word' id='word_1_80' title='bbox 1413 1889 1524 1943; x_wconf 88' lang='lat' dir='ltr'>suum</span> <span class='ocrx_word' id='word_1_81' title='bbox 1541 1867 1622 1943; x_wconf 89' lang='lat' dir='ltr'>iure</span> 
     </span>
     <span class='ocr_line' id='line_1_11' title="bbox 452 1986 1621 2084; baseline -0.003 -18"><span class='ocrx_word' id='word_1_82' title='bbox 452 1997 653 2084; x_wconf 85' lang='lat' dir='ltr'>mortuum,</span> <span class='ocrx_word' id='word_1_83' title='bbox 669 1992 767 2064; x_wconf 72' lang='lat' dir='ltr'>etet</span> <span class='ocrx_word' id='word_1_84' title='bbox 781 2011 846 2064; x_wconf 77' lang='lat' dir='ltr'>ruo</span> <span class='ocrx_word' id='word_1_85' title='bbox 864 1997 962 2081; x_wconf 82' lang='lat' dir='ltr'>nuto,</span> <span class='ocrx_word' id='word_1_86' title='bbox 982 1989 1073 2065; x_wconf 89' lang='lat' dir='ltr'>idest</span> <span class='ocrx_word' id='word_1_87' title='bbox 1089 1989 1206 2064; x_wconf 89' lang='lat' dir='ltr'>Guido</span> <span class='ocrx_word' id='word_1_88' title='bbox 1225 1989 1428 2084; x_wconf 84' lang='lat' dir='ltr'>filiuseius,</span> <span class='ocrx_word' id='word_1_89' title='bbox 1448 1986 1487 2064; x_wconf 79' lang='lat' dir='ltr'>eb</span> <span class='ocrx_word' id='word_1_90' title='bbox 1505 2009 1621 2063; x_wconf 79' lang='lat' dir='ltr'>cucur</span> 
     </span>
     <span class='ocr_line' id='line_1_12' title="bbox 450 2099 1621 2205; baseline -0.002 -21"><span class='ocrx_word' id='word_1_91' title='bbox 450 2115 634 2202; x_wconf 67' lang='lat' dir='ltr'>capum</span> <span class='ocrx_word' id='word_1_92' title='bbox 657 2112 713 2183; x_wconf 87' lang='lat' dir='ltr'>coi</span> <span class='ocrx_word' id='word_1_93' title='bbox 736 2112 820 2203; x_wconf 67' lang='lat' dir='ltr'>nat·</span> <span class='ocrx_word' id='word_1_94' title='bbox 845 2115 883 2186; x_wconf 91' lang='lat' dir='ltr'>et</span> <span class='ocrx_word' id='word_1_95' title='bbox 902 2109 1023 2184; x_wconf 86' lang='lat' dir='ltr'>subdit</span> <span class='ocrx_word' id='word_1_96' title='bbox 1037 2129 1188 2185; x_wconf 87' lang='lat' dir='ltr'>causam</span> <span class='ocrx_word' id='word_1_97' title='bbox 1206 2116 1444 2184; x_wconf 82' lang='lat' dir='ltr'>excusantem</span> <span class='ocrx_word' id='word_1_98' title='bbox 1462 2129 1550 2183; x_wconf 87' lang='lat' dir='ltr'>eum</span> <span class='ocrx_word' id='word_1_99' title='bbox 1566 2099 1621 2205; x_wconf 77' lang='lat'>(³),</span> 
     </span>
     <span class='ocr_line' id='line_1_13' title="bbox 450 2228 1623 2327; baseline -0.002 -20"><span class='ocrx_word' id='word_1_100' title='bbox 450 2231 596 2307; x_wconf 89' lang='lat' dir='ltr'>dicens:</span> <span class='ocrx_word' id='word_1_101' title='bbox 622 2253 641 2304; x_wconf 85' lang='lat' dir='ltr'>e</span> <span class='ocrx_word' id='word_1_102' title='bbox 662 2233 761 2324; x_wconf 71' lang='lat' dir='ltr'>subii</span> <span class='ocrx_word' id='word_1_103' title='bbox 784 2251 808 2303; x_wconf 86' lang='lat' dir='ltr'><em>a</em></span> <span class='ocrx_word' id='word_1_104' title='bbox 832 2251 951 2323; x_wconf 71' lang='lat' dir='ltr'>saper,</span> <span class='ocrx_word' id='word_1_105' title='bbox 976 2229 1110 2305; x_wconf 85' lang='lat' dir='ltr'>scilicet</span> <span class='ocrx_word' id='word_1_106' title='bbox 1128 2237 1297 2325; x_wconf 84' lang='lat' dir='ltr'>exparte</span> <span class='ocrx_word' id='word_1_107' title='bbox 1314 2250 1398 2305; x_wconf 82' lang='lat' dir='ltr'>mea</span> <span class='ocrx_word' id='word_1_108' title='bbox 1414 2228 1623 2327; x_wconf 78' lang='lat' dir='ltr'>significetis</span> 
     </span>
     <span class='ocr_line' id='line_1_14' title="bbox 453 2349 1624 2445; baseline -0.003 -19"><span class='ocrx_word' id='word_1_109' title='bbox 453 2351 530 2445; x_wconf 86' lang='lat' dir='ltr'>sibi,</span> <span class='ocrx_word' id='word_1_110' title='bbox 555 2354 584 2425; x_wconf 87' lang='lat' dir='ltr'>s&#39;</span> <span class='ocrx_word' id='word_1_111' title='bbox 597 2355 633 2423; x_wconf 87' lang='lat' dir='ltr'>tu</span> <span class='ocrx_word' id='word_1_112' title='bbox 654 2354 709 2444; x_wconf 74' lang='lat' dir='ltr'>sui</span> <span class='ocrx_word' id='word_1_113' title='bbox 731 2353 862 2441; x_wconf 63' lang='lat' dir='ltr'>duaci,</span> <span class='ocrx_word' id='word_1_114' title='bbox 888 2350 979 2425; x_wconf 89' lang='lat' dir='ltr'>idest</span> <span class='ocrx_word' id='word_1_115' title='bbox 1004 2349 1114 2444; x_wconf 88' lang='lat' dir='ltr'>paulu</span> <span class='ocrx_word' id='word_1_116' title='bbox 1138 2355 1235 2443; x_wconf 82' lang='lat' dir='ltr'>ante,</span> <span class='ocrx_word' id='word_1_117' title='bbox 1253 2356 1346 2421; x_wconf 83' lang='lat' dir='ltr'>muto</span> <span class='ocrx_word' id='word_1_118' title='bbox 1362 2370 1387 2421; x_wconf 86' lang='lat' dir='ltr'><strong><em>a</em></strong></span> <span class='ocrx_word' id='word_1_119' title='bbox 1403 2351 1440 2423; x_wconf 87' lang='lat' dir='ltr'>la</span> <span class='ocrx_word' id='word_1_120' title='bbox 1456 2353 1624 2444; x_wconf 57' lang='lat' dir='ltr'>aposta,</span> 
     </span>
     <span class='ocr_line' id='line_1_15' title="bbox 453 2458 1624 2564; baseline -0.003 -19"><span class='ocrx_word' id='word_1_121' title='bbox 453 2471 545 2546; x_wconf 87' lang='lat' dir='ltr'>idest</span> <span class='ocrx_word' id='word_1_122' title='bbox 568 2491 641 2544; x_wconf 90' lang='lat' dir='ltr'>non</span> <span class='ocrx_word' id='word_1_123' title='bbox 668 2468 916 2564; x_wconf 87' lang='lat' dir='ltr'>respondendo</span> <span class='ocrx_word' id='word_1_124' title='bbox 932 2469 1016 2562; x_wconf 84' lang='lat' dir='ltr'>citu,</span> <span class='ocrx_word' id='word_1_125' title='bbox 1040 2471 1101 2542; x_wconf 82' lang='lat' dir='ltr'>ebe</span> <span class='ocrx_word' id='word_1_126' title='bbox 1117 2471 1143 2541; x_wconf 87' lang='lat' dir='ltr'>’t</span> <span class='ocrx_word' id='word_1_127' title='bbox 1163 2472 1211 2562; x_wconf 77' lang='lat' dir='ltr'>sci</span> <span class='ocrx_word' id='word_1_128' title='bbox 1229 2465 1360 2562; x_wconf 73' lang='lat' dir='ltr'>percit</span> <span class='ocrx_word' id='word_1_129' title='bbox 1377 2489 1537 2561; x_wconf 78' lang='lat' dir='ltr'>peruuart</span> <span class='ocrx_word' id='word_1_130' title='bbox 1560 2458 1624 2559; x_wconf 80' lang='lat' dir='ltr'>ptd</span> 
     </span>
     <span class='ocr_line' id='line_1_16' title="bbox 455 2587 1625 2684; baseline -0.001 -20"><span class='ocrx_word' id='word_1_131' title='bbox 455 2594 513 2664; x_wconf 79' lang='lat' dir='ltr'>nei</span> <span class='ocrx_word' id='word_1_132' title='bbox 541 2612 677 2684; x_wconf 73' lang='lat' dir='ltr'>more,</span> <span class='ocrx_word' id='word_1_133' title='bbox 708 2590 799 2664; x_wconf 88' lang='lat' dir='ltr'>idest</span> <span class='ocrx_word' id='word_1_134' title='bbox 835 2588 958 2683; x_wconf 87' lang='lat' dir='ltr'>dubio,</span> <span class='ocrx_word' id='word_1_135' title='bbox 992 2591 1051 2662; x_wconf 80' lang='lat' dir='ltr'>cte</span> <span class='ocrx_word' id='word_1_136' title='bbox 1083 2591 1128 2662; x_wconf 86' lang='lat' dir='ltr'>m’</span> <span class='ocrx_word' id='word_1_137' title='bbox 1141 2595 1238 2662; x_wconf 68' lang='lat' dir='ltr'>auct</span> <span class='ocrx_word' id='word_1_138' title='bbox 1268 2592 1389 2667; x_wconf 79' lang='lat' dir='ltr'>soluto.</span> <span class='ocrx_word' id='word_1_139' title='bbox 1414 2588 1548 2663; x_wconf 84' lang='lat' dir='ltr'>scilicet</span> <span class='ocrx_word' id='word_1_140' title='bbox 1577 2587 1625 2663; x_wconf 86' lang='lat' dir='ltr'>de</span> 
     </span>
     <span class='ocr_line' id='line_1_17' title="bbox 456 2696 1625 2806; baseline -0.003 -21"><span class='ocrx_word' id='word_1_141' title='bbox 456 2710 680 2806; x_wconf 69' lang='lat' dir='ltr'>prescientia</span> <span class='ocrx_word' id='word_1_142' title='bbox 709 2709 981 2801; x_wconf 86' lang='lat' dir='ltr'>damnatorum,</span> <span class='ocrx_word' id='word_1_143' title='bbox 1011 2708 1074 2800; x_wconf 89' lang='lat' dir='ltr'>qui</span> <span class='ocrx_word' id='word_1_144' title='bbox 1104 2708 1273 2782; x_wconf 88' lang='lat' dir='ltr'>videntur</span> <span class='ocrx_word' id='word_1_145' title='bbox 1303 2708 1473 2802; x_wconf 83' lang='lat' dir='ltr'>praescire</span> <span class='ocrx_word' id='word_1_146' title='bbox 1489 2696 1527 2800; x_wconf 69' lang='lat'>(⁸)</span> <span class='ocrx_word' id='word_1_147' title='bbox 1563 2707 1625 2782; x_wconf 83' lang='lat' dir='ltr'>iu·</span> 
     </span>
     <span class='ocr_line' id='line_1_18' title="bbox 456 2826 1625 2923; baseline -0.001 -19"><span class='ocrx_word' id='word_1_148' title='bbox 456 2838 551 2923; x_wconf 84' lang='lat' dir='ltr'>tura,</span> <span class='ocrx_word' id='word_1_149' title='bbox 578 2829 641 2905; x_wconf 85' lang='lat' dir='ltr'>sed</span> <span class='ocrx_word' id='word_1_150' title='bbox 666 2849 740 2902; x_wconf 88' lang='lat' dir='ltr'>non</span> <span class='ocrx_word' id='word_1_151' title='bbox 765 2828 966 2923; x_wconf 74' lang='lat' dir='ltr'>prasentia</span> <span class='ocrx_word' id='word_1_152' title='bbox 982 2827 1059 2901; x_wconf 81' lang='lat' dir='ltr'>*Et</span> <span class='ocrx_word' id='word_1_153' title='bbox 1083 2827 1142 2902; x_wconf 91' lang='lat' dir='ltr'>bic</span> <span class='ocrx_word' id='word_1_154' title='bbox 1165 2835 1249 2903; x_wconf 87' lang='lat' dir='ltr'>nota</span> <span class='ocrx_word' id='word_1_155' title='bbox 1270 2828 1369 2922; x_wconf 87' lang='lat' dir='ltr'>quod</span> <span class='ocrx_word' id='word_1_156' title='bbox 1392 2834 1502 2903; x_wconf 82' lang='lat' dir='ltr'>auter</span> <span class='ocrx_word' id='word_1_157' title='bbox 1529 2826 1625 2903; x_wconf 87' lang='lat' dir='ltr'>bene</span> 
     </span>
     <span class='ocr_line' id='line_1_19' title="bbox 455 2939 1625 3041; baseline -0.004 -14"><span class='ocrx_word' id='word_1_158' title='bbox 455 2949 649 3027; x_wconf 82' lang='lat' dir='ltr'>committit</span> <span class='ocrx_word' id='word_1_159' title='bbox 672 2948 863 3041; x_wconf 82' lang='lat' dir='ltr'>Farinatae,</span> <span class='ocrx_word' id='word_1_160' title='bbox 889 2952 930 3020; x_wconf 92' lang='lat' dir='ltr'>ut</span> <span class='ocrx_word' id='word_1_161' title='bbox 955 2947 1090 3023; x_wconf 83' lang='lat' dir='ltr'>reserat</span> <span class='ocrx_word' id='word_1_162' title='bbox 1115 2968 1210 3023; x_wconf 88' lang='lat' dir='ltr'>nova</span> <span class='ocrx_word' id='word_1_163' title='bbox 1233 2948 1281 3022; x_wconf 91' lang='lat' dir='ltr'>de</span> <span class='ocrx_word' id='word_1_164' title='bbox 1305 2947 1471 3023; x_wconf 85' lang='lat' dir='ltr'>Gnidone</span> <span class='ocrx_word' id='word_1_165' title='bbox 1489 2939 1528 3039; x_wconf 79' lang='lat'>(⁵)</span> <span class='ocrx_word' id='word_1_166' title='bbox 1553 2946 1625 3022; x_wconf 75' lang='lat' dir='ltr'>Ca·</span> 
     </span>
     <span class='ocr_line' id='line_1_20' title="bbox 456 3066 1622 3164; baseline -0.004 -17"><span class='ocrx_word' id='word_1_167' title='bbox 456 3071 622 3147; x_wconf 84' lang='lat' dir='ltr'>valcante</span> <span class='ocrx_word' id='word_1_168' title='bbox 645 3068 738 3164; x_wconf 90' lang='lat' dir='ltr'>patri</span> <span class='ocrx_word' id='word_1_169' title='bbox 762 3068 854 3161; x_wconf 88' lang='lat' dir='ltr'>eius,</span> <span class='ocrx_word' id='word_1_170' title='bbox 880 3068 966 3161; x_wconf 89' lang='lat' dir='ltr'>quia</span> <span class='ocrx_word' id='word_1_171' title='bbox 990 3067 1108 3143; x_wconf 87' lang='lat' dir='ltr'>Guido</span> <span class='ocrx_word' id='word_1_172' title='bbox 1124 3068 1192 3143; x_wconf 87' lang='lat' dir='ltr'>iuit</span> <span class='ocrx_word' id='word_1_173' title='bbox 1207 3067 1404 3162; x_wconf 85' lang='lat' dir='ltr'>aliquande</span> <span class='ocrx_word' id='word_1_174' title='bbox 1420 3087 1535 3164; x_wconf 82' lang='lat' dir='ltr'>gener</span> <span class='ocrx_word' id='word_1_175' title='bbox 1550 3066 1622 3142; x_wconf 88' lang='lat' dir='ltr'>Fa·</span> 
     </span>
     <span class='ocr_line' id='line_1_21' title="bbox 456 3175 677 3280; baseline -0.005 -17"><span class='ocrx_word' id='word_1_176' title='bbox 456 3175 677 3280; x_wconf 76' lang='lat' dir='ltr'>rinatae*(⁶).</span> 
     </span>
    </p>

    <p class='ocr_par' dir='ltr' id='par_1_3' title="bbox 457 3298 1632 4490">
     <span class='ocr_line' id='line_1_22' title="bbox 528 3298 1627 3403; baseline -0.002 -21"><span class='ocrx_word' id='word_1_177' title='bbox 528 3299 632 3400; x_wconf 73' lang='lat' dir='ltr'>Epid</span> <span class='ocrx_word' id='word_1_178' title='bbox 650 3312 855 3381; x_wconf 78' lang='lat' dir='ltr'>timaestro.</span> <span class='ocrx_word' id='word_1_179' title='bbox 873 3309 944 3383; x_wconf 88' lang='lat' dir='ltr'>ista</span> <span class='ocrx_word' id='word_1_180' title='bbox 957 3314 1013 3382; x_wconf 77' lang='lat' dir='ltr'>art</span> <span class='ocrx_word' id='word_1_181' title='bbox 1025 3313 1156 3401; x_wconf 86' lang='lat' dir='ltr'>quarta</span> <span class='ocrx_word' id='word_1_182' title='bbox 1173 3313 1211 3382; x_wconf 90' lang='lat' dir='ltr'>et</span> <span class='ocrx_word' id='word_1_183' title='bbox 1223 3307 1351 3381; x_wconf 85' lang='lat' dir='ltr'>ultima</span> <span class='ocrx_word' id='word_1_184' title='bbox 1371 3328 1456 3403; x_wconf 91' lang='lat' dir='ltr'>pars</span> <span class='ocrx_word' id='word_1_185' title='bbox 1471 3298 1507 3400; x_wconf 63' lang='lat' dir='ltr'>U)</span> <span class='ocrx_word' id='word_1_186' title='bbox 1526 3307 1627 3401; x_wconf 86' lang='lat' dir='ltr'>eapi-</span> 
     </span>
     <span class='ocr_line' id='line_1_23' title="bbox 458 3427 1629 3523; baseline 0.001 -21"><span class='ocrx_word' id='word_1_187' title='bbox 458 3429 535 3523; x_wconf 85' lang='lat' dir='ltr'>tuli,</span> <span class='ocrx_word' id='word_1_188' title='bbox 560 3429 599 3503; x_wconf 93' lang='lat' dir='ltr'>in</span> <span class='ocrx_word' id='word_1_189' title='bbox 630 3449 705 3523; x_wconf 87' lang='lat' dir='ltr'>qua</span> <span class='ocrx_word' id='word_1_190' title='bbox 730 3436 840 3503; x_wconf 85' lang='lat' dir='ltr'>autur</span> <span class='ocrx_word' id='word_1_191' title='bbox 866 3428 1029 3502; x_wconf 85' lang='lat' dir='ltr'>nominat</span> <span class='ocrx_word' id='word_1_192' title='bbox 1059 3428 1148 3502; x_wconf 86' lang='lat' dir='ltr'>alius</span> <span class='ocrx_word' id='word_1_193' title='bbox 1163 3493 1166 3499; x_wconf 94' lang='lat'>.</span> <span class='ocrx_word' id='word_1_194' title='bbox 1180 3427 1327 3522; x_wconf 88' lang='lat' dir='ltr'>spiritus</span> <span class='ocrx_word' id='word_1_195' title='bbox 1360 3427 1563 3522; x_wconf 88' lang='lat' dir='ltr'>epicureos,</span> <span class='ocrx_word' id='word_1_196' title='bbox 1588 3435 1629 3503; x_wconf 86' lang='lat' dir='ltr'>et</span> 
     </span>
     <span class='ocr_line' id='line_1_24' title="bbox 457 3548 1629 3644; baseline 0.002 -21"><span class='ocrx_word' id='word_1_197' title='bbox 457 3549 598 3623; x_wconf 86' lang='lat' dir='ltr'>cuniert</span> <span class='ocrx_word' id='word_1_198' title='bbox 622 3570 708 3622; x_wconf 88' lang='lat' dir='ltr'>cum</span> <span class='ocrx_word' id='word_1_199' title='bbox 741 3548 890 3644; x_wconf 82' lang='lat' dir='ltr'>Virgilio</span> <span class='ocrx_word' id='word_1_200' title='bbox 921 3548 968 3622; x_wconf 92' lang='lat' dir='ltr'>de</span> <span class='ocrx_word' id='word_1_201' title='bbox 996 3548 1106 3624; x_wconf 81' lang='lat' dir='ltr'>exilio</span> <span class='ocrx_word' id='word_1_202' title='bbox 1137 3569 1206 3622; x_wconf 86' lang='lat' dir='ltr'>suu</span> <span class='ocrx_word' id='word_1_203' title='bbox 1238 3548 1487 3643; x_wconf 85' lang='lat' dir='ltr'>praenunciatu</span> <span class='ocrx_word' id='word_1_204' title='bbox 1512 3548 1629 3625; x_wconf 90' lang='lat' dir='ltr'>sibia</span> 
     </span>
     <span class='ocr_line' id='line_1_25' title="bbox 457 3659 1629 3764; baseline 0.001 -22"><span class='ocrx_word' id='word_1_205' title='bbox 457 3668 635 3743; x_wconf 85' lang='lat' dir='ltr'>Farinata.</span> <span class='ocrx_word' id='word_1_206' title='bbox 654 3667 787 3742; x_wconf 86' lang='lat' dir='ltr'>Volens</span> <span class='ocrx_word' id='word_1_207' title='bbox 804 3688 895 3762; x_wconf 86' lang='lat' dir='ltr'>ergo</span> <span class='ocrx_word' id='word_1_208' title='bbox 912 3667 1033 3742; x_wconf 88' lang='lat' dir='ltr'>iacere</span> <span class='ocrx_word' id='word_1_209' title='bbox 1050 3667 1160 3742; x_wconf 88' lang='lat' dir='ltr'>finem</span> <span class='ocrx_word' id='word_1_210' title='bbox 1179 3668 1265 3743; x_wconf 90' lang='lat' dir='ltr'>huic</span> <span class='ocrx_word' id='word_1_211' title='bbox 1281 3669 1441 3743; x_wconf 87' lang='lat' dir='ltr'>sermoni</span> <span class='ocrx_word' id='word_1_212' title='bbox 1458 3659 1508 3761; x_wconf 58' lang='grc' dir='ltr'>(ὃ),</span> <span class='ocrx_word' id='word_1_213' title='bbox 1526 3668 1629 3764; x_wconf 79' lang='lat' dir='ltr'>tingit</span> 
     </span>
     <span class='ocr_line' id='line_1_26' title="bbox 457 3787 1630 3883; baseline 0.003 -23"><span class='ocrx_word' id='word_1_214' title='bbox 457 3788 556 3881; x_wconf 87' lang='lat' dir='ltr'>quod</span> <span class='ocrx_word' id='word_1_215' title='bbox 581 3787 751 3883; x_wconf 78' lang='lat' dir='ltr'>Virgilius</span> <span class='ocrx_word' id='word_1_216' title='bbox 776 3807 848 3862; x_wconf 88' lang='lat' dir='ltr'>nun</span> <span class='ocrx_word' id='word_1_217' title='bbox 874 3787 1038 3881; x_wconf 83' lang='lat' dir='ltr'>permisit</span> <span class='ocrx_word' id='word_1_218' title='bbox 1063 3807 1151 3861; x_wconf 88' lang='lat' dir='ltr'>eum</span> <span class='ocrx_word' id='word_1_219' title='bbox 1171 3787 1328 3882; x_wconf 87' lang='lat' dir='ltr'>amplius</span> <span class='ocrx_word' id='word_1_220' title='bbox 1344 3795 1443 3863; x_wconf 88' lang='lat' dir='ltr'>stare</span> <span class='ocrx_word' id='word_1_221' title='bbox 1460 3809 1545 3863; x_wconf 91' lang='lat' dir='ltr'>cum</span> <span class='ocrx_word' id='word_1_222' title='bbox 1567 3789 1630 3863; x_wconf 89' lang='lat' dir='ltr'>iiio</span> 
     </span>
     <span class='ocr_line' id='line_1_27' title="bbox 458 3907 1629 4003; baseline 0.002 -23"><span class='ocrx_word' id='word_1_223' title='bbox 458 3908 606 4002; x_wconf 89' lang='lat' dir='ltr'>spiritu;</span> <span class='ocrx_word' id='word_1_224' title='bbox 624 3914 772 4002; x_wconf 86' lang='lat' dir='ltr'>propter</span> <span class='ocrx_word' id='word_1_225' title='bbox 798 3907 896 4000; x_wconf 88' lang='lat' dir='ltr'>quod</span> <span class='ocrx_word' id='word_1_226' title='bbox 922 3907 998 4001; x_wconf 92' lang='lat' dir='ltr'>ipse</span> <span class='ocrx_word' id='word_1_227' title='bbox 1022 3907 1150 3981; x_wconf 89' lang='lat' dir='ltr'>babuit</span> <span class='ocrx_word' id='word_1_228' title='bbox 1173 3929 1324 3982; x_wconf 89' lang='lat' dir='ltr'>causam</span> <span class='ocrx_word' id='word_1_229' title='bbox 1342 3908 1463 3982; x_wconf 83' lang='lat' dir='ltr'>subito</span> <span class='ocrx_word' id='word_1_230' title='bbox 1483 3907 1629 4003; x_wconf 88' lang='lat' dir='ltr'>petendi</span> 
     </span>
     <span class='ocr_line' id='line_1_28' title="bbox 458 4026 1630 4124; baseline 0.003 -24"><span class='ocrx_word' id='word_1_231' title='bbox 458 4026 504 4102; x_wconf 92' lang='lat' dir='ltr'>de</span> <span class='ocrx_word' id='word_1_232' title='bbox 524 4027 743 4121; x_wconf 88' lang='lat' dir='ltr'>quibusdam</span> <span class='ocrx_word' id='word_1_233' title='bbox 768 4027 856 4100; x_wconf 85' lang='lat' dir='ltr'>aliis.</span> <span class='ocrx_word' id='word_1_234' title='bbox 883 4027 975 4100; x_wconf 86' lang='lat' dir='ltr'>Dicit</span> <span class='ocrx_word' id='word_1_235' title='bbox 999 4048 1089 4124; x_wconf 83' lang='lat' dir='ltr'>ergo</span> <span class='ocrx_word' id='word_1_236' title='bbox 1106 4028 1322 4101; x_wconf 85' lang='lat' dir='ltr'>continuans</span> <span class='ocrx_word' id='word_1_237' title='bbox 1338 4028 1433 4103; x_wconf 89' lang='lat' dir='ltr'>dicta</span> <span class='ocrx_word' id='word_1_238' title='bbox 1450 4028 1630 4103; x_wconf 84' lang='lat' dir='ltr'>dicendis:</span> 
     </span>
     <span class='ocr_line' id='line_1_29' title="bbox 458 4137 1631 4244; baseline 0.004 -24"><span class='ocrx_word' id='word_1_239' title='bbox 458 4137 562 4239; x_wconf 68' lang='lat' dir='ltr'>epid</span> <span class='ocrx_word' id='word_1_240' title='bbox 585 4151 613 4221; x_wconf 82' lang='lat' dir='ltr'>it</span> <span class='ocrx_word' id='word_1_241' title='bbox 634 4156 787 4222; x_wconf 64' lang='lat' dir='ltr'>maesto</span> <span class='ocrx_word' id='word_1_242' title='bbox 812 4151 881 4221; x_wconf 86' lang='lat' dir='ltr'>mio</span> <span class='ocrx_word' id='word_1_243' title='bbox 907 4151 956 4221; x_wconf 83' lang='lat' dir='ltr'>mi</span> <span class='ocrx_word' id='word_1_244' title='bbox 984 4151 1216 4240; x_wconf 75' lang='lat' dir='ltr'>rrbirtumuvu,</span> <span class='ocrx_word' id='word_1_245' title='bbox 1246 4149 1333 4242; x_wconf 88' lang='lat' dir='ltr'>quia</span> <span class='ocrx_word' id='word_1_246' title='bbox 1363 4150 1515 4226; x_wconf 85' lang='lat' dir='ltr'>dicebat·</span> <span class='ocrx_word' id='word_1_247' title='bbox 1529 4150 1631 4244; x_wconf 86' lang='lat' dir='ltr'>quod</span> 
     </span>
     <span class='ocr_line' id='line_1_30' title="bbox 458 4268 1628 4364; baseline 0.006 -24"><span class='ocrx_word' id='word_1_248' title='bbox 458 4288 531 4343; x_wconf 88' lang='lat' dir='ltr'>nun</span> <span class='ocrx_word' id='word_1_249' title='bbox 557 4278 637 4344; x_wconf 87' lang='lat' dir='ltr'>erat</span> <span class='ocrx_word' id='word_1_250' title='bbox 661 4268 818 4363; x_wconf 89' lang='lat' dir='ltr'>amplius</span> <span class='ocrx_word' id='word_1_251' title='bbox 842 4270 1122 4362; x_wconf 84' lang='lat' dir='ltr'>expendendum</span> <span class='ocrx_word' id='word_1_252' title='bbox 1155 4277 1299 4364; x_wconf 75' lang='lat' dir='ltr'>tempus</span> <span class='ocrx_word' id='word_1_253' title='bbox 1329 4291 1415 4345; x_wconf 91' lang='lat' dir='ltr'>cum</span> <span class='ocrx_word' id='word_1_254' title='bbox 1445 4271 1506 4346; x_wconf 88' lang='lat' dir='ltr'>iilo</span> <span class='ocrx_word' id='word_1_255' title='bbox 1530 4271 1628 4346; x_wconf 84' lang='lat' dir='ltr'>circa</span> 
     </span>
     <span class='ocr_line' id='line_1_31' title="bbox 457 4386 1632 4490; baseline 0.004 -28"><span class='ocrx_word' id='word_1_256' title='bbox 457 4389 552 4482; x_wconf 89' lang='lat' dir='ltr'>talia,</span> <span class='ocrx_word' id='word_1_257' title='bbox 572 4391 692 4481; x_wconf 80' lang='lat' dir='ltr'>pereb&#39;</span> <span class='ocrx_word' id='word_1_258' title='bbox 705 4392 741 4463; x_wconf 85' lang='lat' dir='ltr'>io</span> <span class='ocrx_word' id='word_1_259' title='bbox 762 4393 890 4481; x_wconf 78' lang='lat' dir='ltr'>prepui</span> <span class='ocrx_word' id='word_1_260' title='bbox 914 4393 948 4463; x_wconf 88' lang='lat' dir='ltr'>lo</span> <span class='ocrx_word' id='word_1_261' title='bbox 972 4393 1095 4482; x_wconf 81' lang='lat' dir='ltr'>spiritu</span> <span class='ocrx_word' id='word_1_262' title='bbox 1106 4386 1169 4481; x_wconf 80' lang='lat' dir='ltr'>ptri</span> <span class='ocrx_word' id='word_1_263' title='bbox 1185 4393 1342 4479; x_wconf 74' lang='grc' dir='ltr'><em>αυαοοὶο,</em></span> <span class='ocrx_word' id='word_1_264' title='bbox 1360 4391 1451 4466; x_wconf 77' lang='lat' dir='ltr'>idest</span> <span class='ocrx_word' id='word_1_265' title='bbox 1468 4393 1632 4490; x_wconf 78' lang='lat' dir='ltr'>uelocius</span> 
     </span>
    </p>
   </div>
   <div class='ocr_carea' id='block_1_3' title="bbox 517 4578 1563 4954">
    <p class='ocr_par' dir='ltr' id='par_1_4' title="bbox 517 4578 1563 4719">
     <span class='ocr_line' id='line_1_32' title="bbox 517 4578 1563 4647; baseline 0.004 -17"><span class='ocrx_word' id='word_1_266' title='bbox 517 4578 545 4642; x_wconf 83' lang='lat'>(¹)</span> <span class='ocrx_word' id='word_1_267' title='bbox 560 4579 585 4630; x_wconf 86' lang='lat' dir='ltr'>S.</span> <span class='ocrx_word' id='word_1_268' title='bbox 603 4580 760 4642; x_wconf 79' lang='lat' dir='ltr'>peccabitur.</span> <span class='ocrx_word' id='word_1_269' title='bbox 1015 4583 1042 4642; x_wconf 64' lang='grc' dir='ltr'>ρ)</span> <span class='ocrx_word' id='word_1_270' title='bbox 1061 4583 1087 4632; x_wconf 81' lang='lat' dir='ltr'>S.</span> <span class='ocrx_word' id='word_1_271' title='bbox 1105 4596 1152 4645; x_wconf 81' lang='lat' dir='ltr'>per</span> <span class='ocrx_word' id='word_1_272' title='bbox 1167 4582 1294 4633; x_wconf 82' lang='lat' dir='ltr'>dotorem.</span> <span class='ocrx_word' id='word_1_273' title='bbox 1305 4609 1336 4621; x_wconf 95' lang='lat'><em>-</em></span> <span class='ocrx_word' id='word_1_274' title='bbox 1346 4583 1376 4633; x_wconf 80' lang='lat' dir='ltr'>R</span> <span class='ocrx_word' id='word_1_275' title='bbox 1392 4596 1447 4647; x_wconf 71' lang='lat' dir='ltr'>pro</span> <span class='ocrx_word' id='word_1_276' title='bbox 1463 4584 1563 4635; x_wconf 83' lang='lat' dir='ltr'>dolore.</span> 
     </span>
     <span class='ocr_line' id='line_1_33' title="bbox 518 4656 1180 4719; baseline 0.005 -13"><span class='ocrx_word' id='word_1_277' title='bbox 518 4656 545 4717; x_wconf 79' lang='lat'>(⁸)</span> <span class='ocrx_word' id='word_1_278' title='bbox 561 4657 586 4706; x_wconf 87' lang='lat' dir='ltr'>S.</span> <span class='ocrx_word' id='word_1_279' title='bbox 602 4672 663 4707; x_wconf 82' lang='lat' dir='ltr'>sum</span> <span class='ocrx_word' id='word_1_280' title='bbox 680 4672 740 4707; x_wconf 89' lang='lat' dir='ltr'>cum</span> <span class='ocrx_word' id='word_1_281' title='bbox 758 4659 828 4709; x_wconf 84' lang='lat' dir='ltr'>dicit.</span> <span class='ocrx_word' id='word_1_282' title='bbox 1015 4659 1042 4719; x_wconf 74' lang='lat'>(⁸)</span> <span class='ocrx_word' id='word_1_283' title='bbox 1059 4659 1089 4709; x_wconf 75' lang='lat' dir='ltr'>n</span> <span class='ocrx_word' id='word_1_284' title='bbox 1105 4661 1180 4710; x_wconf 80' lang='lat' dir='ltr'>scire.</span> 
     </span>
    </p>

    <p class='ocr_par' dir='ltr' id='par_1_5' title="bbox 518 4733 1163 4800">
     <span class='ocr_line' id='line_1_34' title="bbox 518 4733 1163 4800; baseline 0.006 -18"><span class='ocrx_word' id='word_1_285' title='bbox 518 4733 545 4794; x_wconf 85' lang='lat'>(¹)</span> <span class='ocrx_word' id='word_1_286' title='bbox 562 4733 592 4783; x_wconf 87' lang='grc' dir='ltr'>Ε.</span> <span class='ocrx_word' id='word_1_287' title='bbox 609 4735 641 4784; x_wconf 90' lang='lat' dir='ltr'>de</span> <span class='ocrx_word' id='word_1_288' title='bbox 658 4734 774 4787; x_wconf 82' lang='lat' dir='ltr'>Guideue</span> <span class='ocrx_word' id='word_1_289' title='bbox 789 4738 838 4800; x_wconf 71' lang='lat' dir='ltr'>ipsi</span> <span class='ocrx_word' id='word_1_290' title='bbox 853 4736 1000 4788; x_wconf 69' lang='lat' dir='ltr'>Gaudenti</span> <span class='ocrx_word' id='word_1_291' title='bbox 1017 4737 1083 4799; x_wconf 82' lang='lat' dir='ltr'>patri</span> <span class='ocrx_word' id='word_1_292' title='bbox 1099 4738 1163 4786; x_wconf 83' lang='lat' dir='ltr'>eius.</span> 
     </span>
    </p>

    <p class='ocr_par' dir='ltr' id='par_1_6' title="bbox 519 4809 1489 4878">
     <span class='ocr_line' id='line_1_35' title="bbox 519 4809 1489 4878; baseline -0.003 -11"><span class='ocrx_word' id='word_1_293' title='bbox 519 4809 545 4869; x_wconf 80' lang='lat' dir='ltr'>i‘i</span> <span class='ocrx_word' id='word_1_294' title='bbox 562 4810 654 4862; x_wconf 71' lang='lat' dir='ltr'>mura</span> <span class='ocrx_word' id='word_1_295' title='bbox 670 4813 713 4863; x_wconf 83' lang='lat' dir='ltr'>net</span> <span class='ocrx_word' id='word_1_296' title='bbox 727 4813 822 4864; x_wconf 78' lang='lat' dir='ltr'>Codice</span> <span class='ocrx_word' id='word_1_297' title='bbox 839 4818 884 4866; x_wconf 76' lang='lat' dir='ltr'>tit</span> <span class='ocrx_word' id='word_1_298' title='bbox 900 4818 998 4878; x_wconf 77' lang='lat' dir='ltr'>qurum</span> <span class='ocrx_word' id='word_1_299' title='bbox 1012 4817 1030 4865; x_wconf 71' lang='lat' dir='ltr'>b</span> <span class='ocrx_word' id='word_1_300' title='bbox 1044 4827 1181 4876; x_wconf 64' lang='lat' dir='ltr'>commun</span> <span class='ocrx_word' id='word_1_301' title='bbox 1197 4813 1329 4866; x_wconf 74' lang='lat' dir='ltr'>baidus</span> <span class='ocrx_word' id='word_1_302' title='bbox 1343 4811 1489 4864; x_wconf 67' lang='lat' dir='ltr'>nuttriri.</span> 
     </span>
    </p>

    <p class='ocr_par' dir='ltr' id='par_1_7' title="bbox 519 4884 1457 4954">
     <span class='ocr_line' id='line_1_36' title="bbox 519 4884 1457 4954; baseline 0.004 -18"><span class='ocrx_word' id='word_1_303' title='bbox 519 4884 545 4946; x_wconf 64' lang='grc' dir='ltr'>Π)</span> <span class='ocrx_word' id='word_1_304' title='bbox 563 4890 616 4946; x_wconf 80' lang='lat' dir='ltr'>tlt,</span> <span class='ocrx_word' id='word_1_305' title='bbox 633 4901 692 4949; x_wconf 75' lang='lat' dir='ltr'>pars</span> <span class='ocrx_word' id='word_1_306' title='bbox 707 4891 843 4952; x_wconf 77' lang='lat' dir='ltr'>generalis.</span> <span class='ocrx_word' id='word_1_307' title='bbox 1015 4889 1042 4949; x_wconf 82' lang='lat'>(¹)</span> <span class='ocrx_word' id='word_1_308' title='bbox 1059 4891 1089 4939; x_wconf 85' lang='lat' dir='ltr'>E.</span> <span class='ocrx_word' id='word_1_309' title='bbox 1106 4891 1166 4940; x_wconf 83' lang='lat' dir='ltr'>huie</span> <span class='ocrx_word' id='word_1_310' title='bbox 1180 4891 1254 4954; x_wconf 74' lang='lat' dir='ltr'>operi</span> <span class='ocrx_word' id='word_1_311' title='bbox 1269 4904 1316 4942; x_wconf 71' lang='lat' dir='ltr'>m</span> <span class='ocrx_word' id='word_1_312' title='bbox 1332 4891 1457 4942; x_wconf 68' lang='lat' dir='ltr'>mnudi.</span> 
     </span>
    </p>
   </div>
   <div class='ocr_carea' id='block_1_4' title="bbox 0 0 2096 6546">
    <p class='ocr_par' dir='ltr' id='par_1_8' title="bbox 0 0 2096 6546">
     <span class='ocr_line' id='line_1_37' title="bbox 0 0 2096 6546; baseline 0 0"><span class='ocrx_word' id='word_1_313' title='bbox 0 0 2096 6546; x_wconf 95' lang='lat' dir='ltr'> </span> 
     </span>
    </p>
   </div>
  </div>
 </body>
</html>
