4154 6546
823 797 964 853 cannes
989 797 1133 852 ramos.
1182 770 1185 775 ’
1490 784 1540 857 at
1634 845 1638 852 .

363 941 402 1016 in
426 942 577 1035 mundo,
603 942 668 1017 sed
696 946 777 1037 post
805 948 965 1018 mortem
983 942 1160 1036 corporis
1191 961 1264 1015 non
1297 948 1352 1016 est
1385 942 1541 1036 amplius

363 1062 584 1159 poenitentiae
596 1063 710 1137 locus.
724 1062 768 1135 lit
780 1060 901 1135 subdit
917 1081 1081 1155 causam,
1099 1081 1183 1154 que
1200 1061 1358 1135 moverit
1370 1053 1405 1153 (¹)
1420 1061 1541 1156 ipsum

362 1182 410 1258 ad
433 1182 714 1277 descriptionem
744 1181 848 1255 istius
876 1181 999 1276 sylva,
1025 1181 1171 1256 dicens:
1198 1186 1260 1255 llo
1293 1172 1374 1255 dird
1404 1183 1439 1254 d'
1452 1183 1541 1254 altre

363 1321 444 1376 cose
471 1303 584 1376 cd'ioi
597 1303 656 1374 'to
686 1307 812 1393 scorto,
842 1299 934 1374 idest
963 1320 1056 1393 quas
1086 1299 1157 1373 vidi
1192 1299 1240 1374 ibi
1269 1300 1306 1373 in
1336 1300 1396 1374 illa
1427 1301 1539 1395 sylva,

364 1421 501 1497 scilicet
533 1420 581 1495 de
609 1419 710 1495 viciis
738 1426 777 1494 et
805 1418 986 1495 viciorum
1018 1418 1215 1513 suppliciis3
1235 1441 1304 1512 per
1332 1426 1461 1493 trottcr
1485 1421 1543 1493 del

365 1540 428 1612 ten
451 1540 539 1612 cd'f
555 1541 592 1612 oi
614 1541 752 1632 dovae
784 1537 888 1632 quasi
917 1537 1035 1612 dieat:
1069 1539 1236 1631 quamvis
1261 1538 1416 1613 dixerim
1441 1537 1539 1632 quod

366 1658 436 1733 ista
467 1658 569 1754 sylva
599 1657 645 1732 sit
676 1664 751 1732 tam
786 1677 925 1750 amara,
964 1663 1088 1733 tamen
1126 1657 1244 1731 dicam
1282 1658 1328 1732 de
1364 1657 1419 1731 lais
1456 1676 1540 1751 que

366 1776 439 1853 vidi
472 1777 510 1851 in
539 1797 595 1871 ea,
620 1796 732 1852 causa
766 1775 942 1849 tractandi
975 1775 1022 1851 de
1055 1775 1153 1849 bono
1182 1776 1280 1870 quod
1313 1775 1445 1870 reperii
1478 1773 1538 1848 ibi.

365 1894 437 1971 Sed
453 1896 540 1991 quid
557 1903 613 1971 est
629 1895 727 1970 istud
746 1895 912 1970 bonum?
927 1894 1058 1969 Dicunt
1073 1894 1204 1989 aliqui:
1221 1886 1368 1986 certe(²)
1387 1895 1540 1969 virtutes

365 2021 402 2090 et
426 2014 523 2090 bona
546 2013 701 2090 momlia
727 2013 962 2108 reperiuntur
987 2013 1024 2086 in
1049 2013 1118 2087 isto
1144 2013 1283 2086 mundo
1315 2013 1410 2089 inter
1436 2012 1540 2108 vicia,

364 2133 458 2210 sicut
482 2153 567 2208 rosa
591 2133 686 2208 inter
711 2134 842 2227 spinas.
869 2133 924 2206 Tu
949 2152 1040 2208 vero
1061 2131 1119 2206 dic
1143 2138 1180 2208 et
1205 2131 1336 2206 melius
1353 2132 1452 2226 quod
1472 2132 1541 2207 bo

365 2273 467 2348 num,
493 2252 594 2347 quod
617 2252 676 2327 hic
700 2252 894 2347 reperitur,
916 2257 971 2326 est
995 2251 1203 2346 multiplex3
1230 2272 1317 2325 nam
1341 2272 1407 2346 per
1431 2253 1541 2327 istam

365 2372 625 2468 inspectionem
655 2378 693 2447 et
724 2371 1052 2447 considerationem
1077 2371 1257 2445 viciorum
1282 2378 1320 2445 et
1348 2373 1542 2468 supplicio·

367 2512 453 2565 mm
486 2490 703 2566 eorumdem
737 2496 889 2585 apparet
925 2489 1066 2584 punitio
1103 2490 1300 2585 malorum,
1334 2490 1542 2566 emendatio

368 2612 583 2705 multorum,
601 2616 638 2686 et
657 2609 831 2705 perfectio
847 2608 1045 2683 bonorum.
1064 2611 1177 2684 Poena
1198 2610 1307 2686 etiam
1334 2610 1371 2683 in
1387 2630 1427 2684 se
1444 2611 1542 2685 bona

366 2730 602 2823 est-ratione
631 2728 797 2824 justitiae
822 2746 906 2821 que
930 2726 1027 2802 bona
1052 2734 1118 2821 est,
1144 2735 1187 2802 ut
1212 2735 1367 2804 testatur
1382 2729 1542 2821 ¹Boetius

367 2847 406 2923 in
430 2838 627 2943 quartol³t
653 2851 792 2921 Ionon
820 2867 860 2918 so
885 2847 950 2919 den
973 2848 1076 2919 ridir.
1112 2846 1177 2921 llic
1201 2854 1311 2922 autor
1336 2848 1422 2922 iacit
1447 2846 1544 2923 anti-

367 2969 580 3063 pophoram,
598 2966 690 3041 idest
706 2964 900 3059 respondet
925 2965 1116 3059 questioni
1140 2966 1276 3060 tacitae3
1302 2972 1424 3062 posset
1443 2967 1542 3043 enim

367 3085 452 3179 quis
475 3086 636 3181 obijoere
654 3072 708 3177 (⁴):
735 3103 853 3178 quare
877 3103 969 3180 ergo
993 3084 1156 3158 intrabas
1181 3085 1288 3160 istam
1314 3087 1470 3182 sylvam,
1496 3106 1544 3161 ex

368 3225 445 3300 quo
470 3211 526 3280 est
555 3211 631 3279 tam
655 3207 813 3279 amarat
839 3203 1045 3298 Respondet
1068 3209 1179 3277 antor
1203 3225 1244 3279 se
1276 3206 1430 3299 nescire,
1457 3204 1544 3300 quia

369 3330 450 3400 erat
476 3325 607 3420 plenus
631 3343 762 3399 somno
786 3322 934 3417 quando
949 3313 986 3415 (⁵)
1014 3322 1171 3397 intravit.
1192 3322 1264 3399 Sed
1289 3326 1372 3418 quis
1397 3331 1453 3400 est
1477 3325 1545 3401 iste

369 3446 549 3517 somnust
585 3441 694 3517 Certe
729 3447 847 3536 potest
880 3441 1067 3537 tripliciter
1100 3442 1342 3519 considerari:
1368 3444 1487 3539 primo
1504 3434 1541 3537 (θ)

368 3562 574 3639 secundum
599 3561 806 3656 opinionem
824 3561 995 3656 Platonis,
1020 3561 1085 3656 qui
1109 3563 1256 3639 volebat
1282 3564 1382 3659 qnod
1405 3564 1542 3661 anima,

367 3689 492 3759 creata
523 3682 571 3757 ab
602 3687 753 3775 aeterno,
783 3681 980 3782 venireta
1007 3682 1119 3758 stellis
1155 3683 1203 3757 ad
1239 3683 1360 3779 ipsum
1379 3744 1382 3749 .
1398 3705 1545 3782 eorpus,

369 3800 516 3896 qnando
539 3806 636 3874 erat
671 3798 793 3875 debite
821 3806 1042 3897 organatum
1080 3800 1117 3874 in
1155 3808 1263 3877 utero
1301 3803 1476 3899 mulieris,
1507 3812 1545 3881 et
1671 3828 1675 3835 ·

370 3924 458 3995 tnnc
486 3918 764 3995 oblivisceretur
788 3918 966 4013 omnium,
993 3939 1078 4012 quae
1103 3919 1250 4014 sciebat,
1277 3940 1363 3996 cum
1389 3921 1492 4016 prius
1505 3911 1544 4016 (⁷)

369 4044 466 4114 esset
489 4037 614 4112 omnia
643 4036 780 4131 seiens3
813 4037 932 4113 etsie
963 4036 1097 4111 oblivio
1129 4044 1247 4133 potest
1278 4039 1349 4114 dici
1380 4061 1543 4116 somnus.

296 4159 299 4164 ’
369 4155 448 4232 tito
473 4155 584 4233 modo
608 4156 813 4232 secundum
837 4156 1079 4253 Aristotelem,
1093 4158 1157 4253 qui
1176 4158 1262 4232 dicit
1277 4158 1315 4233 in
1328 4149 1367 4253 (⁸)
1386 4160 1480 4236 libro
1497 4160 1545 4238 de

369 4275 511 4371 Anima,
536 4275 637 4371 quod
665 4275 788 4350 anima
811 4296 834 4350 a
859 4275 1033 4372 principio
1058 4284 1114 4353 est
1139 4285 1331 4373 tamquam
1357 4279 1489 4356 tabella
1505 4271 1542 4373 (⁰)

434 4510 464 4574 (¹)
479 4510 510 4562 ts
524 4525 584 4576 qno
599 4512 682 4564 morit
696 4511 789 4575 ipsum.
968 4511 998 4576 (’)
1014 4512 1045 4563 Ε.
1062 4519 1167 4565 οωιοη
1182 4514 1298 4565 virtutes.

434 4584 806 4652 Ollotenttpttortmprott,
827 4589 1058 4653 compartionem
1080 4590 1181 4654 paridem
1202 4589 1261 4640 dont
1281 4590 1381 4656 ottqou
1401 4603 1542 4648 cononum

368 4674 473 4729 ponam
484 4663 571 4727 (prom
584 4663 685 4722 rdlioet,
702 4677 758 4729 pun
772 4664 871 4715 cotton
880 4663 991 4728 jmtttto
1006 4663 1072 4714 tono
1086 4669 1130 4715 ort.
1147 4665 1220 4716 Pron
1236 4665 1282 4727 lv,
1299 4664 1344 4716 lib.
1361 4665 1406 4716 tv.

434 4738 464 4801 (⁸)
479 4736 507 4788 tt
521 4736 618 4789 dicere.
967 4739 997 4802 (¹)
1013 4738 1485 4805 anandoeamlntrerit.80dqntd
1496 4743 1543 4791 est.

433 4814 464 4878 (¹)
481 4819 535 4877 tto,
546 4815 631 4879 primo
640 4815 719 4869 modo
729 4814 881 4869 monadum
970 4814 1001 4879 (¹)
1015 4815 1042 4868 S.
1059 4817 1131 4881 prius
1147 4818 1233 4870 omnia
1250 4818 1337 4869 sciret.

435 4890 840 4955 ORinoeeundodomlma.
970 4891 1314 4956 l')S.,B.ettt,talmlr.
