4154 6546
456 768 548 844 tull*
846 777 1049 880 domunculi
1074 782 1225 843 murum

453 932 544 1007 titur
568 932 726 1028 benigno
751 934 868 1027 vultu,
886 934 980 1008 sicut
997 934 1134 1009 iaciunt
1151 932 1254 1028 pravi
1271 934 1509 1026 consultores,
1530 931 1623 1006 adu-

452 1055 598 1146 latores,
623 1054 782 1127 lenones.
810 1054 976 1129 Secunda
1002 1055 1102 1128 fraus
1132 1055 1374 1130 committitur
1399 1053 1436 1127 iu
1468 1052 1621 1145 reipsa,

453 1174 546 1247 sicut
571 1173 607 1247 in
632 1173 803 1247 omnibus
828 1175 968 1248 artibus
993 1188 1030 1252 et
1055 1175 1251 1269 mercibus,
1272 1174 1353 1248 ideo
1373 1173 1436 1247 dat
1455 1172 1521 1246 sibl
1538 1192 1622 1245 cor-

453 1314 521 1389 pus
546 1295 723 1390 serpentis
748 1295 892 1368 varium
921 1301 958 1370 et
982 1296 1214 1371 diversorum
1240 1296 1424 1388 colorum3
1452 1314 1519 1389 per
1543 1314 1623 1368 ser-

451 1422 598 1508 pentem
625 1415 785 1510 quidem,
812 1415 898 1508 quia
923 1437 1073 1512 serpens
1098 1422 1153 1492 est
1183 1415 1447 1490 astutissimam
1480 1415 1621 1488 anima·

451 1533 540 1607 lium
566 1527 619 1627 l¹l3
650 1535 899 1630 pecuarium,
930 1536 1016 1631 qnia
1047 1536 1193 1611 fraudes
1223 1541 1308 1610 sunt
1338 1533 1623 1609 innumerabiles

452 1656 489 1727 et
514 1653 671 1726 infinitae.
698 1655 818 1728 Tertia
844 1655 944 1730 lraus
964 1657 1206 1733 committitur
1224 1656 1330 1750 lactc,
1348 1654 1430 1729 ideo
1450 1654 1544 1728 bene
1561 1653 1623 1727 dat

452 1773 606 1847 caudam
640 1774 838 1868 scorpionis
863 1776 1071 1870 pessimam,
1097 1796 1332 1869 venenosam,
1363 1772 1449 1867 qula
1480 1774 1621 1869 pungit,

451 1900 628 1988 penetrat,
655 1895 766 1970 inlicit
785 1888 836 1990 (¹),
867 1897 960 1971 sicut
985 1899 1157 1990 latrones,
1184 1895 1390 1990 buractarii,
1421 1893 1621 1988 simoniaci,

449 2013 664 2107 proditores.
699 2016 804 2089 Nunc
833 2016 879 2090 ad
918 2017 1061 2091 literam
1097 2016 1316 2092 veniendum
1352 2021 1417 2090 est.
1453 2015 1571 2087 dulor
1584 2004 1621 2104 (³)

449 2133 570 2227 primo
590 2134 806 2208 continuans
827 2136 1019 2209 materiam
1037 2135 1255 2231 praesentem
1273 2133 1502 2230 procedenti,
1520 2132 1622 2228 lingit

254 2261 258 2269 '
354 2249 359 2345 ἔ
371 2245 383 2351 J‘
451 2253 549 2346 quod
579 2253 748 2351 Virgilius
778 2256 841 2348 qui
874 2262 1038 2331 traxerat
1076 2256 1272 2331 Gerionem
1310 2276 1397 2330 cum
1429 2255 1540 2329 corda
1573 2254 1620 2327 ad

368 2383 370 2392 ’
449 2392 639 2447 summum
653 2396 772 2469 aquae,
787 2376 912 2450 videns
929 2376 1045 2452 leram
1064 2383 1139 2450 tam
1161 2375 1358 2450 terribilem
1376 2375 1621 2469 coepitercla-

449 2512 554 2568 mare
580 2515 665 2568 cum
692 2515 827 2592 magna
852 2496 1102 2591 admiratione,
1129 2497 1227 2570 unde
1249 2497 1359 2570 dicit:
1384 2498 1412 2568 it
1434 2499 1505 2569 mio
1528 2499 1618 2569 dttcd

449 2608 617 2688 condunt}
641 2607 671 2687 sl
695 2636 720 2686 a
738 2619 932 2707 porlarmi,
959 2616 1050 2691 idest
1075 2617 1257 2713 Virgilius,
1280 2617 1357 2691 viso
1381 2615 1539 2691 Gerioue
1563 2615 1618 2688 in-

450 2733 604 2827 cipiente
628 2753 817 2828 apparere,
839 2736 948 2829 coepit
977 2737 1139 2811 clamare
1163 2743 1200 2811 et
1224 2737 1347 2811 dicere
1379 2756 1509 2811 versus
1534 2755 1615 2809 me:

450 2857 539 2925 Ecce
565 2856 600 2926 tu
626 2857 731 2946 perc,
756 2854 890 2928 scilicet
921 2855 1055 2929 Gerion
1073 2844 1112 2948 (⁴)
1139 2854 1302 2952 figurans
1326 2855 1507 2949 fraudem,
1533 2873 1617 2948 qne

451 2972 536 3046 lacit
561 2972 745 3047 hominem
772 2973 962 3048 assimilari
998 2975 1098 3068 ferse,
1131 2975 1225 3050 siem
1253 2975 1411 3069 serpenti
1440 2980 1478 3048 et
1506 2972 1617 3068 vulpi,

448 3114 515 3167 con
540 3097 576 3166 tc
600 3097 691 3167 codo
708 3114 863 3186 opizzo,
884 3096 969 3187 quia
989 3097 1100 3169 habet
1115 3095 1270 3169 caudam
1292 3095 1501 3189 scorpionis,
1519 3095 1617 3186 quod

447 3214 569 3287 statim
594 3213 757 3287 declarat
781 3233 848 3309 per
878 3215 1061 3309 ellectum,
1094 3213 1240 3289 dicens:
1272 3218 1332 3287 cte
1357 3235 1467 3307 passo
1496 3217 1616 3304 morati,

445 3335 540 3407 sicut
553 3326 700 3427 patetl⁵l
714 3340 787 3410 tota
808 3335 868 3407 die
886 3334 921 3406 in
939 3334 1138 3429 fraudibus,
1152 3352 1237 3428 quae
1254 3335 1415 3428 nilotidis
1432 3334 1617 3408 transmit-

446 3461 576 3530 tuntur
591 3445 628 3547 (⁶)
647 3474 713 3548 per
730 3454 864 3548 literas,
882 3454 967 3549 imo,
986 3455 1079 3530 sicut
1105 3455 1282 3548 ridemus,
1303 3474 1390 3527 cnm
1417 3475 1489 3527 una
1515 3455 1617 3528 ilaus

445 3580 500 3648 est
525 3576 672 3649 inventa
697 3575 734 3648 in
766 3576 888 3668 aliqua
919 3575 1133 3668 mercantla,
1162 3577 1235 3649 cito
1266 3576 1395 3649 transit
1429 3576 1545 3648 maria
1578 3582 1617 3650 et

446 3701 601 3788 montes,
619 3701 656 3769 et
680 3696 850 3769 discurrit
875 3696 921 3769 ad
947 3696 1035 3770 alias
1062 3695 1230 3791 regiones
1248 3696 1360 3769 etiam
1379 3695 1614 3791 longinquas:

444 3816 504 3888 vel
522 3834 589 3909 per
605 3822 749 3890 montes
765 3816 926 3912 intellige
944 3816 1042 3889 viros
1060 3816 1254 3909 virtuosos,
1268 3813 1457 3911 sapientes,
1470 3816 1563 3890 altos
1579 3827 1616 3891 et

444 3934 735 4029 proeminentes,
762 3952 855 4028 quos
880 3955 976 4038 saepe
1001 3935 1101 4009 fraus
1126 3941 1287 4030 superat,
1317 3956 1337 4007 e
1362 3955 1487 4028 rumpe
1509 3939 1615 4028 mani,
1647 3943 1650 3946 ’

445 4055 539 4129 sicut
556 4062 655 4149 patet
671 4074 767 4149 saepe
780 4055 816 4127 in
829 4055 1092 4150 proditionibus
1105 4065 1305 4146 terrarum,
1322 4055 1415 4128 sicut
1430 4055 1469 4128 in
1485 4055 1616 4130 lraude

445 4175 587 4249 Sinonis
612 4175 676 4269 qui
702 4196 799 4269 equo
825 4175 948 4250 fictitio
973 4177 1068 4271 cepit
1092 4177 1252 4270 Troiam,
1278 4182 1319 4248 ut
1344 4175 1486 4250 dicetur
1510 4175 1614 4250 alibi:

445 4296 505 4370 vel
530 4317 596 4390 per
621 4315 749 4370 muros
770 4296 930 4391 intellige
947 4297 1046 4370 viros
1063 4297 1186 4389 lirrtes,
1205 4302 1411 4372 constantes
1429 4284 1479 4388 (l,
1496 4294 1615 4369 invin-

445 4417 580 4511 cibiles,
598 4419 763 4508 edormi,
789 4416 880 4491 idest
905 4417 1002 4491 viros
1027 4425 1206 4510 armatos3
1231 4416 1307 4490 imo
1327 4422 1465 4490 tantm
1490 4416 1616 4491 edica·

507 4676 534 4736 (')
551 4675 577 4724 S.
592 4674 697 4725 mmai.
1123 4675 1150 4736 ω
1166 4676 1196 4726 B.
1214 4681 1240 4726 ct
1255 4674 1345 4726 indul.

505 4754 535 4813 (ε)
552 4752 578 4800 S.
596 4751 660 4802 Βίου
675 4752 745 4815 qnod
763 4756 840 4803 aute
853 4754 947 4816 princ.
1119 4752 1147 4815 (⁸)
1163 4754 1187 4803 S.
1204 4753 1350 4803 (terionem.

503 4828 534 4890 θ)
547 4827 574 4878 fl„
589 4829 715 4880 ridemus
1119 4830 1147 4893 (¹)
1162 4834 1217 4891 m,
1232 4831 1441 4882 summittuntur

506 4903 534 4968 (Ἴ)
549 4905 580 4954 Ε.
597 4911 750 4970 censuales,
768 4907 961 4972 insuperabiles,
978 4912 1005 4958 el
1021 4907 1197 4963 invincibiles0¹
