4154 6546
447 757 519 825 Μ
840 767 1046 824 oeffl'l'lfll
1069 769 1224 823 mannua

445 916 600 989 mour:
624 935 647 986 o
668 914 763 989 asoa
795 916 961 1004 umaro,
987 913 1051 1007 qui
1077 931 1117 987 es
1140 910 1262 988 bonnis
1280 912 1384 989 faber
1408 913 1620 1008 fulminum,

445 1037 542 1107 matu
564 1037 690 1128 otum
716 1033 808 1109 ilest
826 1033 951 1130 prebe
968 1031 1057 1106 mihi
1070 1032 1251 1127 juvamen
1268 1052 1355 1107 cum
1371 1033 1512 1130 sagittis
1530 1053 1622 1109 acu-

446 1152 501 1246 us,
519 1160 557 1228 et
571 1152 657 1228 dicit
671 1177 680 1224 :
698 1155 816 1226 Μ’
829 1156 863 1226 ef
874 1155 947 1245 seco
969 1173 993 1224 a
1015 1155 1052 1225 la
1063 1173 1187 1244 pugna
1203 1154 1243 1225 o·
1258 1156 1402 1245 Flepm,
1416 1150 1509 1229 idest
1525 1153 1620 1229 sictut

445 1273 608 1368 fatigavit
633 1273 840 1347 Vulcanum
864 1278 904 1347 et
927 1271 1018 1345 alios
1042 1271 1165 1345 fabros
1190 1272 1227 1346 in
1249 1271 1415 1348 faciendo
1438 1272 1520 1348 fieri
1548 1272 1622 1347 ful·

446 1393 545 1467 mina
570 1382 608 1467 in
631 1413 756 1489 pugna
778 1393 985 1489 gigantum,
1012 1412 1096 1485 qoae
1115 1390 1184 1464 fuit
1209 1391 1246 1466 in
1269 1391 1426 1489 Phlegra
1449 1399 1621 1469 oonuata

446 1511 656 1605 Thessaliae3
682 1519 721 1588 et
745 1511 854 1586 dicit:
879 1533 900 1585 e
923 1514 976 1585 sel
994 1515 1096 1584 sueto
1118 1531 1174 1584 me
1198 1532 1265 1584 oon
1289 1519 1470 1585 outa-sno
1488 1514 1619 1605 suain

445 1632 489 1707 nt
523 1631 581 1706 hic
613 1638 702 1707 nota
731 1632 831 1727 quod
863 1632 931 1706 ista
963 1638 1049 1704 sunt
1083 1637 1183 1706 recte
1210 1631 1326 1707 nerlu
1353 1631 1504 1726 superbi
1527 1650 1621 1707 oon-

447 1752 636 1848 temptoris
653 1751 731 1858 bei,
748 1752 812 1846 qni
829 1751 1075 1847 precipitatus
1091 1751 1138 1826 ad
1156 1757 1295 1827 terram
1312 1751 1421 1846 erigit
1434 1745 1474 1843 (¹)
1488 1751 1622 1828 facim

446 1871 618 1948 furiatum
646 1878 776 1946 eontra
810 1872 942 1965 Deum,
978 1879 1015 1946 et
1044 1871 1257 1946 fulminatus
1284 1871 1458 1946 fulminat
1485 1871 1555 1966 ira,
1581 1878 1623 1948 et

446 1991 555 2067 licit:
581 1992 681 2066 Deus
706 2012 780 2065 non
803 1999 925 2086 posset
949 1991 1073 2066 facere
1098 2010 1185 2066 cum
1210 1997 1288 2066 tota
1312 1991 1349 2065 vi
1373 2009 1442 2067 sua
1457 1982 1508 2086 (²),
1531 2011 1621 2066 oum

446 2111 617 2188 omnibus
640 2111 717 2185 suis
737 2111 881 2206 sanctis,
900 2112 975 2186 imo
992 2131 1065 2185 non
1082 2117 1275 2185 contentus
1296 2111 1418 2186 verbis
1434 2111 1520 2185 facit
1535 2111 1623 2186 ficas

446 2237 574 2306 contra
599 2231 730 2324 Deum,
756 2231 851 2306 siout
874 2251 945 2327 ego
971 2229 1042 2304 ridi
1068 2237 1105 2304 et
1129 2229 1284 2326 cognovi
1310 2250 1429 2305 unum
1454 2230 1622 2325 blaspbe-

447 2373 552 2426 mum
579 2352 644 2446 qui
669 2351 784 2426 iratus
810 2370 907 2446 saepe
932 2350 1078 2446 erigens
1095 2350 1225 2426 faeiem
1246 2356 1377 2426 eontra
1392 2351 1530 2426 coelum
1544 2352 1622 2425 cla·

447 2470 573 2544 mabat
596 2469 758 2543 furiose:
787 2490 859 2544 non
884 2490 1007 2564 posses
1032 2470 1154 2544 faeere
1184 2470 1282 2544 Deus
1313 2475 1390 2544 tota
1422 2470 1458 2543 vi
1483 2476 1522 2544 et
1545 2475 1624 2545 tota

446 2588 606 2684 potentia
620 2595 684 2661 tua
703 2587 801 2680 quod
817 2579 854 2679 (³)
874 2609 1037 2681 unquam
1057 2588 1212 2663 haberes
1227 2588 1427 2682 potentiam
1443 2588 1481 2661 io
1496 2588 1623 2662 amma

344 2793 365 2804 ,Ι
448 2707 528 2801 isla,
543 2712 583 2781 et
607 2706 835 2801 percutiebat
859 2706 927 2781 sibi
951 2713 1148 2802 peetus-
1161 2711 1273 2782 ullor.
1299 2707 1364 2784 Hic
1384 2713 1496 2782 autor
1519 2706 1623 2802 ponit

448 2825 723 2920 responsionem
740 2825 877 2922 Virgilii
895 2832 1022 2901 contra
1040 2827 1261 2922 Capaneum
1276 2833 1352 2902 tam
1366 2828 1481 2902 stulte
1496 2826 1624 2902 furen-

447 2946 690 3039 somareon:
709 2949 978 3031 fumofumo
996 2950 1066 3019 mio
1076 2941 1238 3038 paruus·
1252 2951 1383 3042 sorcin,
1397 2954 1439 3021 ut
1453 2946 1622 3023 redderet

447 3066 514 3141 sibi
539 3065 682 3141 vioem:
710 3065 824 3140 voluit
842 3066 940 3140 enim
959 3067 1182 3161 respondere
1194 3066 1265 3141 sibi
1282 3066 1485 3143 secundum
1503 3066 1623 3141 untu-

447 3186 536 3261 tiam
561 3205 682 3279 suam,
712 3186 817 3260 ouius
842 3185 1002 3280 potentia
1033 3193 1201 3262 extracta
1230 3206 1305 3260 non
1336 3186 1622 3283 extinguebatur

447 3303 618 3398 superbia
643 3325 722 3398 sua,
749 3310 786 3378 et
811 3304 919 3378 dicit:
951 3312 1047 3378 tunm
1080 3308 1178 3379 clito
1211 3327 1285 3379 noir
1317 3309 1340 3378 ἴ
1353 3324 1443 3380 noea
1471 3297 1502 3379 sl
1528 3309 1624 3400 lule

447 3427 553 3517 adito,
572 3423 709 3500 scilicet
733 3424 835 3517 loqui
861 3424 899 3497 in
924 3424 992 3498 isto
1018 3425 1160 3500 inferno
1186 3426 1392 3520 bucusque,
1414 3431 1454 3501 et
1476 3424 1623 3520 merito,

447 3543 535 3638 qnia
559 3563 632 3617 non
659 3543 779 3617 fuerat
804 3563 898 3637 opus
923 3550 999 3617 tarn
1029 3543 1188 3620 violenta
1221 3565 1314 3621 voce
1336 3550 1479 3621 eontra·
1497 3544 1624 3619 Pluto-

448 3681 546 3755 nem,
564 3661 764 3757 Puegnm,
783 3662 840 3736 vel
858 3662 1128 3757 Minotaurum3
1154 3684 1241 3737 nam
1258 3664 1379 3738 alliano
1396 3684 1470 3738 non
1485 3661 1623 3739 invenit

448 3781 616 3876 spiritum
641 3788 717 3856 tam
743 3783 946 3876 superbum
973 3783 1009 3855 in
1034 3783 1165 3859 Deum.
1192 3783 1283 3859 uicit
1307 3804 1398 3881 ergo
1428 3782 1623 3880 Virgilius:

453 3904 687 3992 ocapoaeo,
712 3908 749 3975 tu
772 3897 1048 3993 sieptlpunito
1072 3905 1110 3975 io
1141 3894 1196 3977 οἱὸ
1229 3905 1289 3977 cfre
1317 3923 1390 3976 non
1422 3904 1625 3977 s'omoroia

448 4023 486 4095 fa
508 4027 570 4096 aa
594 4020 770 4113 superbia,
795 4021 923 4115 supple
949 4041 1062 4114 quam
1082 4021 1112 4094 si
1132 4021 1424 4118 extingueretur,
1448 4031 1487 4097 et
1499 4020 1626 4098 leola-

448 4148 507 4216 rat
530 4142 601 4216 boo
625 4139 771 4215 dicens:
797 4142 892 4213 nullo
923 4143 1087 4231 martiro,
1117 4140 1210 4217 idest
1237 4143 1380 4217 nullum
1404 4141 1624 4237 suppliciam

450 4267 798 4356 quantumcumque
816 4278 1007 4356 magnum,
1017 4264 1103 4353 [tior
1127 4263 1187 4335 cte
1201 4264 1240 4334 lo
1258 4269 1318 4336 aa
1333 4261 1473 4352 motu,
1496 4282 1570 4355 qua
1582 4249 1622 4353 (⁸)

448 4381 623 4456 cruciaris
650 4381 688 4454 in
715 4379 833 4473 terris,
858 4380 996 4452 rerebbe
1021 4382 1124 4453 dolor
1143 4381 1304 4474 compito,
1322 4380 1412 4456 idest
1429 4378 1623 4473 sufficiens,

508 4565 536 4628 (¹)
552 4566 584 4616 B.
599 4565 676 4628 erigit
691 4564 776 4615 adhuc
791 4564 885 4614 faciam
901 4563 1024 4614 furiatum
1041 4570 1130 4615 contra
1148 4567 1247 4626 lienum
1265 4570 1330 4618 sicul
1343 4581 1391 4631 ego
1409 4568 1461 4620 ridi
1475 4572 1502 4617 et
1515 4567 1625 4630 conosi

355 4703 357 4707 ,
447 4655 530 4691 unum
545 4642 734 4704 blupbamum.

508 4717 536 4780 (ἢ
553 4721 607 4778 lto,
624 4731 678 4779 suu¹
696 4731 757 4768 cum
771 4721 827 4770 tota
839 4716 956 4783 potentin
972 4728 1026 4776 sua,
1044 4729 1104 4767 cnm
1120 4717 1249 4768 omnibus.

509 4794 666 4858 (tegle
683 4797 737 4857 tto,
753 4792 823 4859 quoa
839 4793 1125 4857 tnnnquambaberes
1141 4796 1284 4856 purlemin
1300 4796 1394 4847 ammi.

510 4872 536 4934 (⁸)
554 4872 585 4922 lt.
601 4871 661 4935 guia
677 4872 801 4922 cruciaris
818 4871 1036 4931 interius-tta,
1052 4884 1103 4934 qni
1117 4871 1243 4922 cruciaris
1255 4872 1376 4925 interius
