3990 6540
813 792 953 847 caurus
978 792 1172 847 secundus.
1529 775 1576 846 93

405 956 506 1028 eum,
534 943 569 1009 et
596 935 747 1008 reddidit
773 956 861 1009 eum
882 938 1083 1031 gloriosum
1104 938 1311 1010 hominibus
1328 944 1364 1010 et
1384 944 1576 1030 acceptum

405 1057 493 1130 Deo.
533 1058 691 1143 Quando.
727 1056 791 1129 llio
825 1056 971 1130 Beatrix
1004 1058 1181 1150 promittit
1216 1058 1410 1150 praemium
1442 1056 1577 1130 servitii

406 1175 472 1269 ipsi
498 1175 658 1269 Virgilio,
684 1175 826 1247 dicens:
855 1194 924 1269 ego
950 1175 1108 1267 Beatrir,
1135 1181 1183 1248 nrt
1207 1169 1328 1249 lodad
1353 1180 1391 1249 di
1415 1184 1458 1267 te,
1484 1175 1580 1248 soili-

405 1302 464 1370 cet
489 1295 650 1389 Virgilio,
677 1297 823 1366 dinanzi
846 1297 885 1367 al
907 1298 1037 1385 Stanar
1062 1299 1145 1386 nto,
1172 1296 1304 1369 scilicet
1326 1297 1413 1387 Deo,
1438 1297 1580 1386 warado
1667 1367 1671 1374 ,

406 1407 492 1486 sard
518 1435 542 1485 a
567 1417 628 1506 lat,
648 1422 797 1503 sovana,
815 1414 905 1486 idest
922 1434 1027 1507 saepe.
1047 1416 1122 1487 lloc
1142 1420 1267 1488 autem
1289 1415 1464 1509 signifieat
1481 1415 1580 1508 quod

408 1533 589 1627 theologia
618 1552 715 1627 saepe
740 1533 856 1604 utitur
886 1533 1040 1606 servicio
1068 1534 1216 1606 rationis
1243 1533 1430 1624 naturaliS,
1462 1539 1504 1604 ut
1533 1554 1580 1606 ex

409 1651 610 1723 notioribus
641 1651 743 1724 nobis
773 1651 941 1725 deveniat
972 1652 1019 1724 ad
1052 1652 1173 1724 miuus
1207 1659 1303 1725 nota.
1335 1653 1379 1724 Et
1410 1652 1580 1747 Virgilius

409 1769 560 1863 imponit
576 1764 612 1861 (¹)
640 1770 750 1843 linem
778 1769 898 1843 verbis
924 1770 1107 1863 Beatricis,
1134 1777 1171 1844 et
1200 1778 1352 1866 apparat
1381 1791 1422 1844 se
1452 1770 1497 1844 ad
1524 1771 1580 1843 di·

407 1888 577 1980 cendum,
603 1889 747 1963 dicens:
774 1896 891 1961 areta
915 1892 1046 1980 adora,
1067 1889 1202 1964 scilicet
1226 1890 1301 1983 ipsa
1327 1890 1473 1964 Beatrix
1500 1896 1580 1983 post

407 2007 589 2100 predicta,
616 2012 718 2098 epot
747 2012 925 2080 cominota'
942 2012 990 2098 to,
1022 2009 1156 2082 seilicet
1186 2030 1255 2103 ego
1287 2009 1456 2104 Virgilius
1486 2008 1579 2101 coepi

407 2128 630 2220 respondere
654 2128 720 2201 sibi
746 2129 815 2201 sub
844 2129 1048 2222 subscripta
1082 2129 1222 2220 forma,
1255 2136 1291 2201 et
1324 2128 1362 2199 in
1398 2128 1581 2201 hortauit

406 2246 567 2319 colorem
595 2247 659 2340 qui
684 2246 817 2320 dicitur
842 2247 1016 2338 transitio,
1042 2268 1117 2339 quo
1143 2247 1435 2339 frequentissime
1462 2248 1579 2318 utitur

407 2366 444 2440 in
471 2372 546 2440 toto
572 2366 675 2438 libro.
708 2371 738 2439 0
761 2368 891 2437 donna.
920 2367 982 2439 llic
1001 2367 1171 2460 Virgilius
1191 2367 1346 2440 ostendit
1363 2367 1469 2439 Danti
1486 2387 1581 2459 quo-

409 2486 518 2560 modo
544 2487 619 2580 ipse
645 2485 870 2579 responderit
896 2486 1061 2579 Beatrici,
1079 2493 1116 2560 et
1134 2487 1169 2559 in
1188 2507 1256 2560 sua
1277 2488 1444 2561 oratione
1462 2487 1580 2579 primo

408 2607 612 2698 exorditur,
638 2605 769 2680 deinde
786 2597 821 2696 (²)
854 2613 989 2679 narrat.
1022 2607 1148 2701 Captet
1179 2628 1269 2702 ergo
1299 2605 1579 2681 benivolentiam

408 2728 456 2800 ab
480 2726 658 2816 auditore,
676 2724 817 2799 dicens:
849 2728 1022 2798 odonna
1046 2729 1084 2799 dt
1108 2723 1217 2818 oortd,
1244 2728 1345 2820 idest,
1371 2747 1395 2800 o
1420 2725 1580 2816 Beatrix,

408 2847 517 2920 beata
541 2844 700 2935 scientia,
728 2863 812 2935 quae
835 2843 945 2918 doces
976 2865 1125 2919 omnem
1158 2848 1332 2921 virtutem
1358 2853 1394 2920 et
1420 2845 1579 2919 divinam

409 2971 446 3040 et
475 2965 666 3055 moralem,
700 2965 779 3034 sota
808 2985 875 3054 per
909 2967 976 3053 cni,
1009 2965 1099 3038 idest
1134 2986 1199 3058 per
1235 2988 1349 3059 quam
1385 2973 1421 3039 te
1452 2967 1579 3055 solam,

409 3089 568 3157 donnana
600 3085 723 3173 meaa,
753 3081 843 3155 idest
876 3082 1079 3156 intellectus
1109 3085 1306 3177 lrumanuS,
1341 3087 1469 3157 excede
1496 3087 1584 3173 ogni

408 3210 577 3293 maman,
604 3201 704 3294 idest,
736 3221 884 3276 omnem
915 3201 1185 3294 continentiam,
1212 3204 1289 3277 sive
1321 3225 1399 3277 rem
1430 3209 1581 3277 oonten-

408 3330 496 3414 tam,
522 3324 570 3394 do
595 3324 673 3410 qael
695 3323 760 3394 atel
781 3323 870 3392 ada
895 3323 1010 3391 nrtnar
1035 3323 1061 3393 li
1084 3323 1196 3393 nacti
1219 3326 1309 3411 suoi,
1335 3323 1436 3414 idest,
1462 3341 1580 3415 spera

409 3441 558 3533 lunaris,
585 3441 692 3513 cuius
717 3440 838 3515 celum
865 3447 920 3514 est
947 3439 1097 3513 minoris
1122 3439 1261 3533 circuli,
1289 3443 1346 3516 vel
1373 3441 1472 3535 quod
1498 3442 1581 3514 lacit

411 3561 571 3634 minores
596 3559 849 3633 circulationes
874 3559 1016 3633 ceteris.
1042 3558 1146 3645 Quod
1177 3566 1232 3633 est
1261 3560 1402 3634 dicere:
1428 3581 1451 3633 ο
1477 3562 1581 3634 theo-

410 3681 516 3775 logia,
542 3700 609 3773 per
634 3700 747 3770 quam
773 3680 888 3752 solam
906 3678 1093 3753 scientiam
1110 3700 1229 3774 genus
1247 3681 1453 3753 humanum
1478 3687 1581 3754 tran-

410 3799 548 3874 soendit
572 3819 683 3873 omne
708 3799 807 3893 quod
832 3797 1039 3873 continetur
1068 3799 1162 3871 intra
1191 3801 1321 3874 orbem
1353 3800 1461 3891 lunae,
1494 3800 1579 3891 quia

409 3919 545 3994 seilicet
569 3916 728 3993 ascendit
754 3916 942 4010 usquead
969 3917 1125 4011 primam
1156 3919 1360 3992 essentiam.
1388 3920 1432 3991 Et
1461 3910 1601 3991 subdit

410 4060 516 4112 suam
551 4038 811 4129 narrationem,
841 4036 982 4110 dicens:
1013 4039 1046 4109 el
1075 4045 1133 4108 tao
1166 4039 1454 4109 comandamento
1484 4043 1581 4109 tamo

410 4160 621 4248 magrado,
653 4157 743 4230 idest
774 4163 916 4230 tantum
943 4162 997 4229 est
1031 4157 1117 4229 milri
1148 4164 1309 4250 gratum,
1340 4159 1400 4228 ona
1429 4159 1581 4231 ranae

410 4273 490 4350 n'e'
510 4280 618 4366 tardi,
643 4298 680 4348 se
703 4266 765 4367 aid
787 4280 893 4369 some,
914 4274 1016 4367 idest,
1034 4275 1132 4368 quod
1152 4276 1271 4348 omnis
1288 4276 1454 4350 celeritas
1479 4277 1581 4351 vide-

410 4395 585 4468 tur‘mihi
611 4395 760 4469 tarditas
786 4393 1048 4469 inobediendo
1074 4394 1157 4485 tibi;
1182 4400 1219 4467 et
1245 4393 1337 4487 ideo,
1353 4391 1417 4485 pat
1436 4416 1506 4466 non
1527 4389 1584 4468 te*

303 4580 306 4584 ,
410 4535 501 4607 napo
520 4516 687 4606 olt'apn'r
711 4517 746 4586 to
770 4521 828 4586 tao
845 4516 984 4604 talenta
1002 4513 1091 4587 idest
1109 4534 1182 4586 non
1202 4520 1345 4608 oportet
1363 4514 1462 4606 quod
1481 4515 1581 4590 aliud

411 4632 531 4726 facim,
562 4632 628 4705 nisi
658 4632 756 4726 quod
786 4633 929 4727 aperias
961 4632 1047 4705 milri
1079 4634 1305 4707 voluntatem
1334 4639 1451 4728 tuam,
1482 4634 1581 4728 quod

473 4890 501 4952 (¹)
519 4892 548 4942 B·
564 4907 633 4942 nunc
649 4895 722 4956 ponit
737 4894 823 4945 um.
1055 4893 1083 4958 ι’)
1099 4894 1126 4946 S.
1142 4895 1256 4945 amodo
1271 4900 1368 4945 namt
