4154 6546
451 765 521 831 l'ld
847 773 1049 829 concurrunt
1074 773 1223 826 iuream

449 923 564 1010 tudo,
598 919 688 994 idest
721 917 939 993 excutiendo
967 924 1005 991 et
1037 916 1257 1011 repellendo,
1291 919 1341 990 du
1371 938 1409 989 aa
1444 920 1617 992 turm

445 1044 576 1133 tesca,
603 1038 694 1113 idest
720 1058 900 1113 novarum
927 1037 1175 1131 flammarum,
1201 1057 1245 1110 or
1271 1040 1393 1130 putidi
1419 1058 1465 1111 or
1488 1042 1616 1132 patrui,

448 1160 538 1234 idest
563 1178 660 1232 nunc
686 1158 731 1232 ad
757 1158 861 1232 istam
890 1164 1043 1251 partam,
1074 1177 1172 1231 nunc
1206 1157 1252 1231 ad
1283 1157 1380 1232 illam
1400 1150 1450 1249 (').
1480 1157 1524 1231 Et
1555 1158 1616 1233 bic

449 1285 545 1371 nota,
563 1284 605 1350 ut
624 1278 718 1350 bene
743 1276 866 1350 videas
891 1276 921 1348 si
945 1282 1055 1350 autor
1081 1282 1234 1351 venatus
1256 1277 1323 1350 luit
1347 1277 1487 1371 ubique
1511 1278 1616 1371 quic-

448 1397 535 1491 quid
561 1397 714 1471 faciebat
737 1396 784 1470 ad
800 1416 910 1469 suum
931 1394 1169 1490 propositum,
1186 1396 1286 1489 quod
1302 1402 1420 1471 trecea
1438 1403 1495 1471 est
1512 1417 1616 1491 quae·

448 1517 532 1590 dam
558 1516 697 1609 dancia,
722 1515 799 1590 sive
824 1535 942 1611 genus
967 1515 1125 1609 tripudii,
1142 1516 1241 1609 quod
1262 1516 1300 1589 dt
1326 1517 1474 1611 Neapoli
1499 1515 1617 1590 artili-

448 1636 587 1710 cialiter
607 1635 730 1727 valde3
749 1655 834 1708 nam
852 1641 907 1709 est
923 1633 1031 1707 ludus
1048 1634 1155 1707 nimis
1174 1634 1374 1708 intricatus.
1394 1634 1499 1708 Stant
1515 1633 1614 1709 enim

449 1757 572 1849 plures
596 1756 662 1828 sibi
688 1755 841 1828 invicem
868 1753 1032 1848 oppositi,
1050 1763 1088 1828 et
1103 1773 1201 1826 unus
1221 1754 1378 1828 elevabit
1398 1775 1553 1828 manum
1568 1753 1616 1829 ad

450 1895 561 1948 unam
580 1880 732 1969 partem,
751 1882 788 1947 et
807 1873 927 1947 subito
951 1871 1011 1946 alii
1037 1872 1164 1945 intenti
1190 1873 1323 1971 facient
1343 1872 1462 1965 idem;
1485 1872 1617 1948 deinde

449 1993 610 2068 movebit
628 2013 779 2066 manum
805 1992 852 2066 ad
876 1991 985 2066 aliam
1012 1998 1165 2086 partem,
1184 1992 1234 2066 ita
1251 1991 1382 2066 lacient
1398 1992 1531 2084 ceten3
1547 1990 1616 2065 ali·

448 2112 595 2206 quando
611 2111 738 2185 ambas
756 2132 887 2184 manus
900 2110 1025 2203 simul;
1043 2110 1238 2204 aliquando
1249 2101 1287 2202 (¹)
1308 2131 1420 2184 unam
1437 2110 1484 2185 ad
1502 2129 1615 2185 unam

448 2239 600 2327 partem,
626 2231 734 2304 aliam
760 2230 806 2303 ad
830 2230 951 2322 aliam,
970 2236 1007 2304 et
1031 2228 1078 2303 ad
1102 2249 1231 2315 omues
1251 2237 1375 2303 motus
1395 2229 1508 2304 ceteri
1528 2248 1617 2324 pro-

447 2351 733 2446 portionabiliter
747 2340 783 2440 (³)
810 2350 946 2423 babent
970 2347 1209 2443 respondere3
1239 2347 1338 2421 unde
1351 2335 1388 2439 (⁸)
1416 2356 1472 2422 est
1501 2349 1616 2423 mira·

448 2471 518 2543 bile
543 2470 668 2544 videre
696 2476 836 2542 tantam
867 2468 1135 2542 dimicationem
1170 2487 1351 2540 manuum
1384 2476 1422 2542 et
1447 2470 1614 2544 omnium

448 2589 713 2663 membrorum.
741 2589 793 2661 lta
818 2587 874 2661 isti
901 2586 1024 2660 miseri
1050 2585 1223 2660 continuo
1243 2585 1462 2660 dimicabant
1486 2598 1615 2673 contra

449 2707 615 2782 llammas
639 2713 837 2798 coquentes
854 2725 928 2798 eos,
946 2704 1120 2780 ducentes
1146 2703 1295 2778 clariter
1311 2696 1349 2798 (Β)
1367 2726 1500 2780 manus
1516 2727 1617 2783 nunc

448 2847 610 2919 sursum,
635 2846 733 2899 nunc
757 2826 942 2917 deorsum,
968 2844 1067 2897 nunc
1090 2822 1136 2896 ad
1162 2823 1343 2918 dextram,
1369 2844 1468 2899 nunc
1491 2825 1539 2900 ad
1564 2825 1615 2900 si·

449 2946 611 3038 nistram,
624 2965 721 3018 nunc
734 2951 845 3037 recte,
856 2964 953 3017 nunc
966 2943 1124 3036 oblique,
1136 2943 1338 3016 secundum
1354 2945 1452 3037 quod
1464 2945 1614 3020 llamma

448 3086 576 3140 recens
592 3064 791 3160 attingebat
808 3063 1006 3156 quemlibet
1023 3063 1060 3135 in
1076 3062 1217 3136 diversa
1237 3070 1341 3157 parte
1361 3062 1525 3157 corporis
1543 3069 1613 3139 etc

521 3189 562 3256 lo
585 3186 776 3257 comitatui.
803 3184 872 3255 lsta
899 3192 954 3259 est
978 3181 1136 3256 secunda
1164 3202 1248 3277 pars
1272 3183 1452 3278 generalis
1476 3182 1513 3257 in
1540 3202 1615 3277 qua

446 3310 556 3378 autor
580 3309 711 3377 tractat
736 3302 772 3376 in
798 3302 941 3396 speciali
966 3301 1012 3375 de
1038 3320 1112 3374 uno
1143 3300 1271 3394 spiritu
1301 3301 1460 3375 violento
1485 3308 1616 3377 contra

446 3426 577 3517 Deum,
603 3422 847 3517 principaliter
871 3419 1037 3515 negando
1068 3427 1104 3494 et
1134 3421 1417 3515 blasphemando
1446 3441 1553 3514 eum;
1577 3428 1618 3497 et

447 3544 533 3637 quia
559 3543 626 3616 iste
650 3541 717 3615 luit
742 3540 917 3613 mirabilis
942 3539 1117 3632 diabolus,
1143 3538 1224 3613 ideo
1241 3539 1431 3614 videamus
1446 3541 1553 3634 plene
1568 3541 1618 3616 de

447 3683 502 3737 oo.
517 3663 578 3738 Est
590 3680 680 3756 ergo
693 3658 879 3734 sciendum
894 3659 1003 3751 quod,
1018 3658 1110 3732 sicut
1123 3658 1247 3732 scribit
1264 3659 1399 3735 Statius
1413 3661 1449 3733 in
1462 3660 1506 3733 lll
1519 3661 1616 3736 Tbe-

447 3781 582 3873 baidos,
613 3800 698 3853 cum
734 3800 783 3851 vn
815 3798 920 3873 reges
956 3798 1163 3872 gracorum
1200 3787 1319 3853 essent
1359 3781 1475 3875 parati
1503 3801 1550 3856 ex
1575 3771 1613 3874 (⁶)

448 3901 557 3975 nobili
585 3899 731 3973 civitate
765 3898 948 3992 argorum
987 3896 1033 3970 ad
1069 3897 1206 3970 bellum
1243 3898 1446 3993 gerendum
1484 3906 1614 3975 contra

447 4020 599 4112 Thebas,
625 4018 864 4111 expectabant
879 4008 915 4108 (⁷)
935 4017 1033 4110 quod
1053 4018 1305 4112 Amphiaraus,
1326 4041 1421 4094 unus
1442 4040 1488 4095 ex
1514 4022 1614 4119 regi·

446 4139 516 4212 bus
542 4137 724 4210 maximus
748 4156 881 4230 augur,
898 4134 1004 4209 daret
1023 4156 1132 4208 suum
1156 4157 1382 4231 responsum.
1410 4138 1613 4234 Capaneum

447 4279 511 4333 rex
538 4255 665 4332 nobilis
690 4256 866 4351 sanguine
883 4254 947 4328 sed
972 4256 1252 4349 superbissimus
1277 4263 1506 4353 contemptor
1523 4258 1614 4333 deo·

447 4399 544 4472 rum,
576 4377 765 4470 impatiens
794 4375 925 4467 quietis
959 4380 995 4448 et
1027 4375 1199 4472 prodigus
1234 4375 1329 4469 vitae,
1360 4376 1615 4469 quandocum-

507 4568 534 4626 (¹)
550 4564 580 4613 ll.
597 4563 629 4612 ad
646 4563 730 4612 allam.
1564 4514 1611 4523 —·

507 4638 534 4699 θ)
550 4638 580 4688 E.
597 4638 734 4701 allqumdo
749 4642 867 4688 vertetur
882 4636 914 4685 ad
930 4648 1009 4685 unam
1025 4641 1134 4698 purtem,
1147 4633 1286 4697 aliquando
1301 4633 1333 4682 ad
1347 4634 1436 4695 altam
1446 4633 1615 4687 ΝΜ

446 4722 540 4767 mutue.
1133 4711 1161 4772 (⁸)
1178 4715 1231 4769 tre,
1249 4710 1484 4774 promnion-uter.

508 4792 534 4853 l')
552 4795 605 4851 rto,
622 4791 691 4841 unde
707 4791 843 4855 allqnmdo
858 4795 906 4840 etl.
1134 4787 1161 4850 (⁸)
1179 4793 1231 4847 tto,
1249 4787 1427 4838 abnam-
1439 4785 1611 4840 Ram.

510 4867 538 4928 (¹)
553 4866 579 4917 8.
596 4881 611 4918 a
627 4868 658 4920 lt.
674 4870 699 4917 ln
716 4869 804 4919 notttt
1136 4864 1162 4928 Ρ)
1178 4865 1209 4915 E.
1226 4864 1417 4929 expectabatur.
