4154 6546
453 748 523 813 502
848 756 1230 855 counorumrurnnnr
1332 782 1337 789 -
1479 766 1489 782 ·

453 901 586 976 tuitum
625 900 662 973 in
694 921 758 974 eos
792 899 898 974 valde
931 904 1086 992 attente,
1121 897 1219 972 unde
1252 896 1358 971 dicit:
1393 901 1558 972 meamne
1596 903 1630 974 ei

450 1024 652 1113 guardam,
678 1020 814 1095 scilicet
840 1042 888 1095 ex
914 1019 1075 1094 maxima
1100 1016 1352 1111 admiratione,
1379 1024 1460 1092 tum
1484 1019 1571 1114 quia
1588 1013 1626 1115 (¹)

451 1139 632 1227 videbant,
646 1159 709 1213 eos
735 1139 813 1214 sine
838 1159 960 1233 poena,
988 1144 1066 1211 tum
1093 1137 1179 1230 quia
1206 1135 1376 1211 videbant
1404 1157 1469 1212 eos
1500 1139 1629 1215 venire
1758 1206 1767 1217 .

449 1260 558 1351 lente,
576 1258 654 1332 siue
680 1258 818 1350 labore,
845 1257 910 1331 ubi
935 1256 1001 1352 ipsi
1026 1256 1226 1330 currebant
1251 1255 1425 1330 velociter
1449 1263 1487 1331 et
1508 1258 1627 1353 jacta·

449 1377 537 1451 bant
564 1398 696 1451 manus
721 1377 936 1470 frequenter
959 1376 1005 1450 ad
1031 1375 1282 1470 expulsionem
1308 1374 1557 1451 flammarum.
1584 1377 1630 1453 Et

451 1496 622 1591 exprimit
649 1495 765 1568 linum
791 1496 966 1571 intuitum
993 1495 1149 1568 istorum
1165 1484 1201 1585 (¹)
1224 1514 1290 1588 per
1315 1492 1497 1588 duplicem
1525 1516 1631 1571 com·

451 1615 679 1709 parationem
706 1615 846 1689 claram
874 1620 912 1689 et
927 1613 1114 1709 propriam
1141 1612 1257 1687 valde.
1275 1612 1378 1687 Unde
1401 1612 1508 1687 dicit:
1534 1635 1632 1690 come

452 1737 475 1808 t’
487 1756 536 1806 un
560 1738 616 1808 sol
637 1738 822 1826 guardure
847 1737 976 1808 t’altro
1002 1736 1050 1806 da
1074 1754 1157 1806 sera
1173 1740 1263 1806 sotto
1280 1753 1398 1806 nuova
1414 1735 1522 1827 lana3
1542 1755 1631 1811 nam

453 1876 539 1929 cum
565 1854 653 1929 luna
678 1861 734 1929 est
764 1875 859 1929 nova
891 1875 964 1928 uon
993 1860 1143 1949 praestat
1169 1852 1273 1927 nobis
1298 1852 1437 1946 lumen,
1463 1853 1550 1947 quia
1575 1861 1633 1929 est

453 1975 647 2050 coniuncta
673 1975 770 2080 soli3·
788 1974 852 2049 sed
878 1974 1025 2069 quando
1051 1978 1106 2047 est
1131 1978 1274 2047 remota
1299 1978 1337 2046 et
1361 1973 1525 2067 opposita
1551 1974 1631 2070 sihi,

454 2100 543 2167 tune
567 2093 665 2167 lueet
692 2093 806 2188 nobis,
833 2100 872 2168 et
898 2114 996 2166 unus
1021 2096 1139 2187 potest
1164 2091 1277 2166 alium
1304 2090 1430 2166 videre
1454 2091 1502 2168 de
1525 2112 1632 2188 ser03

455 2215 529 2289 imo
555 2213 750 2307 aliquando
780 2215 869 2288 luna
899 2214 994 2286 siout
1022 2212 1204 2287 secundus
1233 2211 1287 2284 sol
1311 2210 1397 2286 lacit
1427 2212 1531 2286 nobis
1554 2211 1631 2287 ela·

455 2334 601 2409 ritatem
626 2332 732 2427 quasi
757 2332 838 2407 diei.
866 2332 927 2405 lsti
953 2353 1043 2427 ergo
1070 2338 1260 2424 tamquam
1289 2331 1359 2405 sub
1384 2338 1492 2406 nocte
1517 2331 1632 2426 respi-

455 2454 567 2547 ciunt,
594 2453 680 2547 quia
706 2473 840 2527 eorum
866 2451 1123 2526 obscurissima
1149 2450 1257 2545 culpa
1278 2449 1372 2545 sugit
1395 2451 1546 2526 omuino
1570 2453 1633 2527 lu·

455 2592 556 2664 cem3
583 2578 620 2645 et
641 2571 739 2644 addit
754 2570 956 2644 secundam
975 2569 1287 2663 comparationem
1312 2569 1428 2665 magis
1452 2569 1632 2664 strictam,

455 2693 597 2767 diceus:
625 2713 643 2762 e
667 2683 697 2762 si
722 2693 940 2779 agucciaoan
965 2691 996 2761 le
1014 2692 1119 2778 eigile
1136 2709 1197 2760 ver
1218 2691 1291 2780 noi,
1311 2695 1351 2762 ut
1367 2697 1632 2784 cognoscerent

458 2832 535 2905 nos,
562 2831 656 2883 coriae
672 2813 699 2883 ’l
727 2811 860 2882 nemim
884 2817 1006 2883 sartor
1032 2812 1075 2902 [α
1103 2811 1195 2882 nella
1226 2829 1364 2902 ωνηας
1389 2814 1507 2883 sartor
1532 2809 1633 2885 enim

457 2950 569 3005 senex
595 2929 658 3022 qui
684 2929 795 3003 habet
820 2928 977 3004 debilem
1003 2928 1122 3002 visum
1141 2927 1321 3001 contrahit
1341 2927 1433 3021 eilia,
1454 2935 1498 3001 ut
1514 2928 1632 3004 virtus

456 3050 570 3124 visiva
595 3049 658 3124 liat
683 3049 810 3123 sortior
837 3049 985 3142 quaudo
1012 3049 1090 3124 vult
1114 3069 1252 3142 ponere
1277 3047 1382 3121 filum
1407 3047 1444 3121 in
1471 3068 1631 3142 parvum

458 3167 623 3242 loramen
648 3189 749 3260 acus,
777 3167 864 3260 quia
891 3168 1007 3241 virtus
1020 3156 1058 3259 (³)
1084 3174 1170 3240 tune
1196 3167 1312 3262 magis
1338 3167 1440 3242 uuila
1466 3167 1541 3242 exit
1565 3188 1634 3263 per

458 3287 639 3361 minorem
661 3287 769 3360 viam.
789 3286 891 3360 Unde
908 3285 1109 3359 Aristotiles
1127 3286 1219 3360 libro
1237 3286 1509 3381 problematum
1527 3307 1632 3381 qum·

457 3407 505 3479 rit
531 3406 708 3481 rationem
732 3405 852 3478 huius.
882 3405 1056 3479 Videmus
1071 3393 1107 3497 (⁸)
1128 3405 1238 3479 etiam
1256 3405 1355 3497 quod
1372 3405 1545 3481 balistarii
1562 3407 1634 3482 hoe

457 3525 606 3618 iaciunt,
633 3532 675 3597 ut
699 3524 843 3598 acutius
871 3524 1016 3598 videant
1041 3524 1186 3619 signum
1214 3524 1250 3597 in
1276 3524 1376 3617 quod
1392 3525 1526 3600 debent
1545 3526 1635 3601 diri·

310 3719 313 3724 .
456 3665 547 3741 gere
569 3643 750 3738 sagittam.
764 3683 814 3696 -
828 3635 915 3715 nost.
935 3643 998 3716 llic
1016 3650 1126 3717 autor
1143 3643 1296 3716 ostendit
1310 3634 1361 3737 (⁵),
1382 3644 1568 3737 quomodo
1586 3666 1633 3721 ex

462 3766 522 3840 illo
547 3784 662 3860 grege
686 3763 896 3837 animarum
918 3763 1054 3836 invenit
1072 3784 1189 3835 uuum
1208 3763 1389 3836 famosum
1412 3764 1634 3839 modernum

461 3884 507 3959 de
533 3890 632 3957 terra
650 3903 729 3976 sua,
748 3900 860 3975 quem
880 3881 1105 3955 familiariter
1123 3889 1277 3956 noverat
1292 3884 1329 3956 in
1347 3884 1431 3958 vita.
1450 3884 1504 3958 lu
1526 3866 1648 3959 cuius'¹

460 4003 706 4101 cognitionem
727 4001 916 4076 sciendum
935 4008 1001 4095 est,
1020 4001 1118 4094 quod
1135 4002 1203 4077 iste
1220 4002 1367 4097 spiritus
1385 4011 1466 4078 erat
1482 4002 1633 4097 quidam

459 4125 548 4198 civis
573 4123 788 4198 lloreutinus
813 4121 961 4195 nomine
985 4143 1045 4194 ser
1071 4123 1271 4196 Brunettus
1292 4124 1451 4217 Latinus,
1477 4124 1540 4217 qui
1567 4124 1636 4198 llo·

461 4250 589 4318 ruerat
614 4248 780 4336 tempore
805 4241 941 4335 Daulis,
963 4240 1018 4315 vir
1044 4241 1192 4334 quidem
1220 4261 1363 4337 maguae
1387 4242 1635 4338 intelligentiae

462 4369 498 4437 et
523 4363 740 4455 eloquentiae
766 4367 932 4455 tempore
957 4382 1025 4434 suo
1059 4361 1095 4433 iu
1128 4360 1321 4434 Florentia.
1348 4361 1482 4434 llabuit
1508 4368 1634 4437 tamen

523 4551 551 4612 (¹)
567 4550 603 4612 S..
621 4553 666 4601 lle
682 4562 698 4600 a
714 4549 744 4598 E.
761 4548 823 4612 qula
839 4549 958 4598 videbant
974 4554 1092 4598 autorem
1108 4549 1204 4607 vivum,
1226 4553 1283 4597 tum
1301 4548 1362 4611 qui·
1379 4547 1497 4598 ridebant
1511 4560 1557 4598 eos
1578 4548 1635 4599 alae

461 4640 543 4689 poenn,
561 4633 617 4676 tum
634 4626 704 4689 qula.

524 4699 551 4762 (¹)
570 4701 600 4751 1²„
616 4699 732 4751 illorum.
1137 4697 1163 4759 (Ἴ
1180 4699 1210 4750 E.
1226 4700 1308 4750 rlrtm
1323 4699 1406 4765 magis
1420 4698 1501 4751 nulla.

524 4777 550 4838 (⁸)
567 4776 597 4825 ll.
614 4777 737 4826 Videmus
752 4778 821 4827 enim
839 4777 918 4826 etiam
937 4776 1006 4840 quod
1024 4775 1156 4826 ltaliwii.

523 4851 550 4913 (⁸)
567 4850 598 4901 ll.
615 4853 726 4901 ostendit
742 4851 847 4915 quaudo
863 4865 896 4903 ex
912 4852 959 4902 illo
975 4864 1054 4916 grege
1070 4852 1175 4902 invenit.
