4154 6546
883 794 1023 849 CANTUS
1048 794 1195 848 PRIMUS.
1577 784 1621 853 Ἠ

446 945 504 1015 nel
526 945 596 1014 atio
615 943 769 1033 partire,
795 946 838 1013 ut
861 938 997 1033 patebit
1021 937 1059 1012 io
1084 937 1157 1013 dne
1173 940 1391 1036 Purgatorii.
1410 944 1454 1018 Et
1471 946 1625 1041 subjun-

446 1064 499 1160 git
523 1082 687 1155 musam,
704 1058 791 1155 quia
809 1060 945 1134 scilieet
961 1059 1029 1133 luit
1046 1057 1209 1153 infidelis,
1227 1067 1266 1134 et
1281 1061 1462 1157 ignorarit
1479 1084 1623 1140 sacram

447 1181 693 1278 theologiam
720 1179 819 1253 unde
843 1178 939 1273 dicit,
964 1179 1036 1270 cte,
1067 1178 1171 1273 idest,
1197 1179 1283 1272 quia
1308 1185 1624 1276 mteltimperodor

446 1303 506 1373 cle
531 1294 629 1397 tarsu
649 1317 778 1389 royac,
804 1296 939 1371 scilicet
963 1297 1073 1390 Deus,
1099 1297 1163 1390 qui
1189 1298 1345 1392 imperat
1370 1301 1406 1373 in
1436 1304 1531 1378 ooelo
1556 1302 1624 1377 illis

446 1419 617 1515 gentibus
645 1417 772 1511 beatis,
804 1436 888 1510 quae
920 1424 1050 1511 parent
1082 1415 1295 1492 obedienter
1328 1420 1508 1495 mandatis
1537 1422 1624 1516 suis,

448 1539 512 1613 sed
536 1537 698 1613 damnati
715 1535 790 1611 sibi
810 1536 965 1611 rebelles
982 1537 1118 1611 babent
1136 1537 1397 1631 imperatorem
1420 1560 1530 1614 suum
1551 1542 1625 1615 Lu·

448 1657 616 1752 ciforum,
642 1657 705 1751 qui
730 1655 949 1733 describitur
974 1655 1072 1730 duali
1098 1657 1257 1750 capitulo
1282 1657 1427 1753 lnlemi,
1449 1659 1512 1734 ubi
1537 1660 1625 1736 dici·

448 1785 534 1851 tur:
560 1781 611 1849 Lo
632 1778 838 1869 bnpnudor
862 1778 921 1849 del
943 1778 1110 1848 doloroso
1141 1796 1253 1866 reone
1265 1802 1281 1870 ,·
1307 1777 1507 1871 imperator
1533 1800 1623 1878 ergo

448 1885 1349 1992 aetermregninonouolctcinsuooittdper
1375 1899 1622 1990 remmono,

447 2036 532 2112 quoe
554 2014 682 2090 civitas
706 2015 866 2111 gloriosa
890 2014 1109 2090 describitur
1125 2016 1163 2088 in
1180 2013 1253 2089 dne
1270 2016 1431 2090 Paradisi
1450 2017 1624 2093 informa

446 2135 608 2211 candoe
633 2154 738 2209 rosae
764 2135 810 2208 Et
833 2153 921 2209 ecce
938 2154 1055 2229 quare
1072 2155 1146 2208 non
1163 2136 1253 2229 vult,
1265 2138 1428 2227 peroro
1449 2140 1505 2230 sui
1518 2138 1624 2211 ribel-

446 2259 702 2331 louteolouro
714 2258 824 2346 boue,
844 2254 930 2348 quia
944 2255 1079 2329 scilicet
1095 2276 1168 2328 non
1189 2255 1325 2330 credidi
1345 2256 1570 2331 creationem
1586 2250 1624 2349 (¹)

447 2376 586 2470 mundi,
611 2395 680 2450 nec
705 2375 992 2449 incarnationem
1020 2375 1162 2468 Christi,
1179 2395 1248 2450 nec
1263 2375 1335 2449 alia
1352 2377 1558 2453 necessaria
1573 2377 1621 2451 ad

446 2500 614 2572 salutem.
645 2497 690 2569 Et
719 2495 840 2569 subdit
868 2495 979 2567 latam
1014 2495 1213 2588 potentiam
1246 2495 1347 2568 istius
1381 2496 1623 2591 imperatoris,

448 2617 511 2711 qui
540 2616 697 2712 imperat
731 2614 870 2708 ubique
898 2614 935 2687 iu
969 2614 1064 2688 coelo
1093 2621 1130 2688 et
1160 2614 1197 2687 in
1226 2622 1336 2709 terra,
1368 2616 1430 2690 sed
1461 2617 1624 2692 maxime

446 2736 603 2812 ostendit
626 2735 827 2831 potentiam
853 2754 930 2808 suae
956 2734 1156 2829 majestatis
1174 2734 1209 2807 in
1226 2737 1331 2809 coelo.
1354 2736 1457 2811 Unde
1481 2737 1567 2812 dicit
1585 2740 1624 2810 iu

447 2863 525 2929 batte
543 2858 645 2948 parti
667 2857 828 2946 impero;
846 2873 932 2926 nam
959 2859 996 2927 et
1017 2852 1194 2947 diabolus,
1214 2860 1331 2927 tortor
1347 2854 1623 2949 damnatorum,

448 2981 504 3049 est
534 2975 698 3049 subditus
727 2973 806 3066 sibi,
837 2973 931 3046 sicut
961 2979 1121 3066 potestas
1155 2980 1432 3048 carceratorum
1462 2975 1622 3069 domino,

448 3094 512 3187 qui
537 3094 622 3168 iacit
644 3095 871 3168 voluntatem
896 3091 1045 3185 domini,
1058 3093 1158 3185 juste
1184 3091 1379 3185 indigendo
1396 3113 1523 3186 poenas
1545 3113 1624 3168 me-

448 3213 536 3287 ritas
560 3211 782 3307 uuicuique:
808 3233 827 3283 c
851 3213 945 3302 quivi
968 3230 1088 3300 reque,
1105 3209 1240 3282 scilicet
1260 3209 1297 3281 in
1317 3211 1422 3284 coelo.
1449 3210 1552 3285 Unde
1568 3210 1622 3283 di·

447 3331 517 3406 cit:
544 3333 638 3423 quiet
660 3323 682 3405 e*
701 3334 740 3405 lo
762 3348 829 3403 suo
853 3332 977 3402 cittode
1002 3351 1020 3400 e
1041 3331 1149 3400 l’allo
1172 3330 1304 3419 secoro,
1322 3327 1414 3402 idest
1435 3330 1623 3403 excelsum

448 3450 605 3544 solium3
626 3458 663 3524 ct
683 3449 854 3544 intellige,
873 3448 966 3521 sicut
983 3447 1115 3520 dicitur
1142 3446 1348 3542 Purgatorii
1375 3447 1532 3540 capitulo
1550 3449 1622 3521 xl:

448 3573 529 3642 Nou
552 3571 778 3659 circoroitto,
803 3588 863 3640 mo
882 3588 951 3659 per
972 3561 1034 3658 ptri
1065 3588 1189 3639 aurore
1201 3593 1217 3659 ;
1247 3574 1285 3641 et
1314 3566 1434 3660 primo
1466 3568 1624 3662 capitulo

446 3687 626 3763 Paradisi:
653 3689 720 3759 Nel
741 3689 806 3759 cul
827 3688 887 3759 alte
906 3680 970 3778 pol
987 3688 1080 3759 dello
1098 3706 1164 3758 sua
1184 3688 1257 3758 lucc
1270 3689 1415 3778 prende.
1435 3685 1520 3760 ldeo
1536 3708 1622 3780 pro-

448 3807 585 3902 rumpit
609 3806 647 3879 in
672 3805 1000 3880 exclamationem:
1033 3809 1183 3898 Olelice
1207 3808 1310 3896 colui,
1337 3808 1392 3877 rui
1414 3807 1463 3877 ivi
1486 3809 1624 3897 eleana!

452 3930 540 4018 Oti,
570 3926 672 4020 idest,
703 3925 785 4000 dico
814 3925 956 4000 felicem
990 3925 1105 4017 illum,
1139 3946 1250 4018 quem
1284 3925 1383 4020 eligit
1407 3924 1474 3997 sibi
1503 3925 1622 3999 civem

447 4048 543 4123 illius
568 4046 722 4122 riutatis
746 4053 905 4120 aeternae.
938 4051 985 4118 Et
1006 4048 1052 4117 io.
1084 4045 1149 4118 Hic
1175 4045 1303 4119 ultimo
1328 4051 1437 4119 autor
1462 4045 1624 4119 breviter

447 4168 548 4263 ponit
572 4166 746 4242 ellectum
772 4154 923 4259 bonum,
950 4165 1013 4258 qui
1038 4166 1201 4238 nascitur
1226 4185 1270 4238 ex
1298 4164 1447 4238 consilio
1472 4165 1622 4261 Virgilii,

449 4286 537 4379 quia
561 4285 697 4361 scilicet
717 4285 852 4358 Dantes
877 4284 952 4378 ipse
977 4283 1161 4377 acquievit
1184 4282 1345 4375 consilio,
1364 4289 1400 4356 et
1421 4283 1623 4377 acceptavit

449 4405 668 4499 promissum
693 4404 884 4479 auxilium.
911 4404 1014 4478 Unde
1038 4403 1138 4478 dicit:
1165 4406 1210 4476 ed
1231 4406 1267 4475 io
1293 4423 1317 4474 α
1341 4405 1402 4492 lui,
1420 4402 1525 4496 idest,
1543 4423 1625 4498 ego,

448 4525 587 4619 supple,
603 4524 749 4617 Dentes,
775 4522 848 4595 dixi
873 4523 939 4617 ipsi
966 4523 1114 4618 Virgilio
1130 4521 1335 4595 adiurative
1348 4511 1403 4611 (²):
1422 4528 1575 4613 oporto,
1590 4525 1626 4594 io

449 4645 686 4734 &monteculo
707 4663 773 4734 per
799 4645 910 4739 quello
934 4645 1004 4714 Dio
1029 4644 1088 4713 cle
1112 4649 1147 4714 tu
1172 4662 1245 4713 ooo
1268 4642 1468 4730 conoscesti,
1490 4639 1625 4713 scilicet

511 4906 543 4968 (¹)
558 4907 590 4957 ll.
606 4920 622 4958 s
640 4912 697 4965 llo,
710 4913 864 4959 creatorem.
1179 4903 1210 4967 (¹)
1228 4910 1282 4966 lit,
1299 4903 1460 4955 admirative.
