4154 6546
655 784 794 840 mnus
818 785 975 841 [mltis
996 785 1181 840 surmus.
1430 771 1500 839 titt

332 951 418 1006 cere
442 929 634 1006 materiam
659 929 915 1024 violentorum,
940 950 996 1003 oss
1024 932 1140 1004 disse.-
1173 930 1278 1020 quivi,
1302 928 1441 1004 seilicet
1463 929 1503 1004 in

332 1052 400 1126 isto
425 1051 505 1125 luco
530 1050 594 1124 ubi
623 1060 705 1126 erat
734 1051 881 1144 Genua,
907 1054 1000 1124 ou'e
1023 1050 1161 1124 oedila
1186 1053 1243 1123 lor
1267 1069 1383 1141 moia,
1409 1049 1502 1124 idest

332 1191 491 1266 ponam,
517 1171 605 1264 quia
629 1170 725 1245 ultra
750 1191 897 1265 poenam
917 1171 1131 1267 generalem
1147 1169 1331 1245 habebant
1350 1188 1499 1264 poenam

331 1291 524 1386 specialem
542 1311 734 1384 manuum,
748 1311 841 1385 quas
857 1291 1144 1386 impausabiliter
1160 1281 1391 1382 minabantl¹l
1411 1309 1502 1364 oon-

332 1413 451 1504 tinu03
476 1420 515 1487 et
539 1431 625 1486 ouee
650 1431 812 1506 causam,
838 1406 1018 1486 assidete
1040 1414 1138 1505 porti
1165 1417 1252 1485 tetta
1270 1414 1378 1504 pierio
1402 1433 1502 1503 espe-

331 1535 468 1606 nemea
492 1535 606 1606 d’esto
629 1535 748 1623 guno,
773 1532 864 1607 idest
888 1532 1029 1625 sabulo
1046 1531 1133 1625 quia
1160 1530 1324 1606 nondum
1344 1539 1500 1606 nutave-

333 1659 391 1727 rat
407 1652 573 1727 distincte
591 1652 790 1726 usurarios.
809 1653 853 1726 Et
868 1652 989 1726 subdit
1006 1651 1176 1746 Virgilius
1196 1651 1348 1726 mudum
1366 1649 1501 1747 agendi

333 1771 536 1864 utriusque,
554 1771 693 1846 dicens:
711 1773 752 1844 Li
772 1774 843 1844 tuot
865 1774 1105 1844 rosoriumenti
1119 1773 1199 1844 uati
1214 1774 1303 1844 uorti
1325 1760 1376 1861 ld,
1392 1769 1500 1864 quasi

331 1892 448 1966 dieat:
476 1891 604 1985 expedi
631 1891 763 1967 terito
796 1892 844 1966 ab
874 1891 949 1965 istis
976 1891 1259 1966 loeneratoribus
1289 1891 1500 1984 dequibus

326 2012 405 2106 jam
432 2012 592 2087 tractasti
616 2012 712 2106 alibi,
738 2019 775 2087 et
800 2033 961 2106 quorum
990 2018 1124 2086 natura
1148 2019 1205 2086 est
1228 2012 1315 2086 satis
1339 2019 1436 2106 nota,
1462 2018 1500 2087 et

330 2152 401 2227 ego
430 2153 503 2207 oon
531 2133 637 2208 stabo
664 2133 824 2227 trustra3
855 2132 953 2207 unde
982 2132 1086 2207 dicit:
1121 2140 1160 2208 et
1173 2124 1211 2224 (²)
1243 2153 1323 2229 ego,
1348 2125 1498 2225 pariet

329 2273 396 2325 ooo
419 2258 551 2343 oasin,
576 2253 711 2328 seilicet
739 2253 856 2328 bestia
884 2252 1053 2346 (lesione,
1081 2260 1121 2328 et
1151 2253 1338 2348 ordinabo,
1364 2255 1423 2325 cte
1456 2273 1500 2326 us

329 2375 482 2445 munda
502 2375 518 2444 i
541 2376 619 2447 suoi
642 2376 754 2447 omen
775 2376 873 2466 forti,
897 2373 989 2449 idest
1015 2379 1118 2468 terga
1134 2363 1172 2464 (³)
1197 2373 1314 2448 sortia.
1339 2374 1384 2447 lit
1409 2394 1499 2450 vere

329 2491 463 2566 Gerion
488 2492 599 2566 babet
629 2492 735 2568 tortia
769 2498 886 2588 terga,
911 2491 997 2585 quia
1023 2498 1125 2566 totus
1149 2491 1311 2566 mundus
1333 2498 1392 2567 est
1414 2493 1501 2566 iuu-

329 2613 436 2687 datus
456 2632 567 2707 supra
584 2601 619 2705 (⁸)
644 2612 792 2706 iraude3
810 2620 847 2688 et
864 2619 1002 2706 quanta
1018 2612 1063 2688 sit
1078 2614 1135 2687 ris
1151 2620 1188 2687 et
1203 2613 1377 2690 tortitudo
1394 2613 1498 2687 istim

329 2734 417 2808 ierae
443 2734 522 2828 jam
551 2733 687 2806 dictum
714 2739 769 2807 est
797 2732 835 2805 in
865 2732 1040 2827 principio
1069 2732 1227 2828 capituli,
1252 2733 1341 2826 quin
1364 2732 1499 2829 frangit

330 2860 368 2928 et
392 2853 503 2929 vincit
526 2854 667 2947 omoia;
693 2861 825 2926 meite
848 2856 909 2927 cie
931 2860 968 2926 tn
991 2856 1096 2947 toust
1115 2854 1210 2927 idest
1232 2854 1302 2929 isto
1317 2845 1354 2946 (⁵)
1376 2853 1498 2929 medio

330 2972 513 3067 temporis.
528 3010 578 3026 -
591 2964 679 3045 uod.
705 2972 810 3047 Nunc
825 2979 936 3047 autor
953 2972 1109 3047 ostendit
1125 2973 1310 3066 quomodo
1327 2973 1373 3048 de
1391 2994 1497 3049 mun·

328 3093 413 3167 dato
438 3091 574 3187 Virgilii
599 3091 707 3167 iverit
731 3102 769 3169 et
794 3092 924 3167 viderit
948 3113 1095 3187 pronam
1111 3082 1149 3186 (⁶)
1168 3093 1337 3188 istorum,
1354 3093 1495 3168 diuers:
1544 3076 1546 3081 ’

329 3203 400 3285 cosi
424 3214 535 3284 undat
558 3233 669 3286 atuor
694 3219 778 3287 mtto
800 3216 891 3304 soto,
915 3213 1051 3288 scilieet
1074 3213 1152 3288 sine
1170 3214 1338 3310 Virgili03
1364 3220 1401 3290 st
1427 3216 1497 3290 bus

329 3331 430 3427 lingit
458 3337 568 3404 autor
600 3338 642 3405 ut
672 3331 854 3426 expendat
886 3339 924 3406 et
956 3332 1138 3427 dispenset
1170 3334 1307 3409 utiliter
1340 3344 1499 3429 ternos,

329 3452 415 3546 quia
431 3452 500 3527 ista
525 3452 679 3527 materia
696 3453 871 3548 oratiam
888 3453 1048 3527 multum
1068 3453 1248 3548 dscussn3
1269 3454 1351 3529 ideo
1363 3454 1440 3530 olto
1456 3475 1497 3531 so

203 3670 207 3676 ¹
329 3571 475 3666 expedit
500 3592 608 3664 nune,
626 3578 664 3647 et
683 3572 834 3647 faciliter
857 3578 896 3648 ot
920 3573 1029 3647 dmul
1053 3573 1205 3648 intendit
1224 3573 1276 3648 ad
1301 3574 1496 3649 materiam

326 3692 475 3786 fraudu,
499 3713 540 3764 su
565 3713 634 3784 per
662 3695 699 3765 tu
730 3699 862 3766 stream
885 3701 984 3784 testu,
1010 3693 1101 3768 idest
1129 3715 1195 3788 per
1224 3694 1497 3770 extremitatem

327 3814 415 3908 ripae
432 3833 516 3907 quae
533 3813 729 3907 praesnbnt
745 3813 843 3889 viam
861 3820 993 3908 mum,
1009 3835 1073 3889 ove
1088 3818 1125 3888 tu
1139 3821 1239 3905 geme
1252 3823 1362 3889 onesta
1378 3818 1496 3908 radan,

326 3935 417 4009 idest
450 3954 569 4030 genus
606 3935 875 4030 usurariorum,
910 3956 1003 4029 qnos
1035 3942 1146 4010 autor
1182 3936 1340 4030 appellat
1371 3936 1495 4010 tristes

325 4062 475 4152 propter
498 4054 737 4148 nultiplioem
764 4074 924 4151 poenam,
940 4063 979 4131 et
995 4056 1106 4132 etiam
1125 4056 1211 4150 quia
1228 4056 1275 4131 de
1291 4056 1387 4131 laeto
1403 4076 1496 4130 usu-

326 4175 445 4251 rarius
469 4181 526 4248 est
549 4193 696 4268 semper
727 4174 993 4269 cogitabundus
1023 4175 1122 4250 eirca
1151 4175 1311 4250 rationes
1344 4196 1430 4250 suns
1457 4182 1498 4250 et

325 4296 488 4371 caumas
511 4314 779 4388 expensarum:
806 4295 929 4368 nullus
950 4295 1052 4370 enim
1074 4295 1281 4372 oomwter
1306 4306 1361 4373 ost
1383 4296 1497 4372 nise·

325 4415 402 4490 rior
425 4414 609 4508 nsrrrrto,
627 4413 691 4507 qui
710 4413 887 4508 ponderat
907 4435 979 4488 ova
1002 4419 1040 4489 et
1063 4414 1164 4508 ponit
1178 4415 1304 4490 saules
1330 4415 1377 4490 ad
1401 4437 1497 4511 pun-

325 4534 394 4609 dus
417 4536 455 4609 in
481 4536 649 4609 lebetem.
676 4535 719 4607 Et
745 4534 914 4608 describit
939 4535 1096 4608 sormam
1115 4533 1279 4628 specialis
1295 4555 1414 4630 poenae
1431 4556 1496 4611 eo-

387 4762 622 4825 (¹)E.menffld.
983 4762 1281 4825 'l'llbstoposluu

381 4836 944 4902 fflssfflmuffldioetla
1011 4838 1352 4902 Νίκαια*

387 4913 415 4977 (¹)
430 4913 456 4965 S.
472 4927 487 4964 e
504 4914 535 4964 ll.
552 4915 579 4965 ln
594 4916 644 4966 lsto
659 4915 753 4965 modio.
1016 4914 1044 4977 Γ)
1061 4915 1476 4981 llum-&ustum
