4154 6546
437 765 507 833 394
826 775 1029 834 counuruu
1055 780 1207 833 iuream

329 1005 332 1009 ⁴
434 923 547 1018 guine
571 924 743 1017 bulienle,
773 930 809 997 et
838 923 978 997 circum
1009 923 1107 998 circa
1131 916 1168 1016 (¹)
1196 925 1332 998 lossum
1367 944 1433 1020 per
1466 930 1606 1000 terram

434 1043 565 1117 siccam
591 1043 803 1119 discurrunt
827 1043 1002 1120 continuo
1027 1045 1193 1118 centauri
1224 1046 1357 1119 armati
1381 1046 1543 1119 arcubus
1570 1055 1611 1122 et

434 1164 581 1260 sagittis,
604 1164 666 1257 qui
693 1169 819 1240 tenent
842 1163 928 1237 istos
954 1164 1047 1239 intra
1078 1167 1308 1262 sanguinem,
1327 1166 1413 1260 quia
1436 1166 1612 1263 sagittant

434 1304 741 1377 unumquemque
759 1283 933 1358 recedere
947 1284 1130 1362 volentem
1149 1293 1254 1360 extra
1271 1286 1402 1361 limites
1418 1286 1609 1361 destinatae

435 1426 563 1501 poenae.
579 1406 638 1482 lsti
653 1397 690 1497 (²)
706 1405 884 1498 centauri,
901 1405 995 1479 sicut
1012 1405 1155 1502 lingunt
1171 1427 1301 1481 omnes
1317 1417 1435 1502 poelae
1450 1408 1552 1503 prius
1567 1398 1614 1500 (³),

434 1526 544 1623 graeci
571 1548 683 1619 quam
709 1526 822 1619 latini,
848 1526 998 1598 luerunt
1022 1527 1188 1601 homines
1211 1527 1444 1622 monstruosi,
1461 1528 1549 1621 quia
1568 1515 1608 1620 (⁸)

434 1667 456 1720 a
484 1647 603 1721 medio
629 1647 720 1721 inira
739 1652 843 1720 erant
860 1646 958 1739 equi,
978 1666 999 1719 a
1019 1646 1139 1721 medio
1156 1668 1268 1742 supra
1294 1657 1400 1724 erant
1416 1648 1606 1742 homines3

435 1773 472 1840 et
497 1767 565 1839 luit
589 1766 810 1861 pulcerrima
836 1766 943 1860 lictio,
970 1767 1056 1860 quia
1082 1767 1233 1843 luerunt
1266 1768 1432 1844 homines
1458 1769 1609 1844 bellico-

435 1886 564 1960 sissimi
579 1878 615 1979 (⁵)
643 1887 701 1961 vcl
727 1878 912 1979 equitandi
938 1887 1141 1980 peritissimi
1168 1888 1205 1960 in
1230 1889 1405 1983 Thesalia,
1432 1889 1481 1963 ita
1507 1889 1607 1983 quod

435 2008 652 2082 ridebantur
679 2027 759 2081 esse
784 2028 902 2079 unum
930 2026 1064 2101 corpus
1089 2008 1198 2081 simul
1223 2029 1310 2082 cum
1336 2009 1441 2103 equis
1465 2010 1553 2104 suis,
1571 2016 1611 2084 et

435 2148 480 2201 ex
507 2127 637 2201 eodem
664 2137 771 2202 utero
797 2132 939 2200 nalurae
964 2127 1039 2203 nati
1063 2129 1248 2222 cumillis,
1275 2130 1338 2223 qui
1370 2130 1488 2224 primo
1509 2130 1610 2204 lecc-

438 2258 524 2323 runt
549 2249 737 2322 violentias
762 2258 800 2324 et
825 2248 969 2343 rapinas
994 2248 1030 2320 in
1056 2248 1206 2323 Graecia.
1233 2250 1293 2323 lsti
1319 2270 1410 2346 ergo
1440 2251 1607 2325 centauri

437 2370 483 2444 ad
509 2370 735 2464 propositum
762 2369 963 2464 figuraliter
989 2375 1073 2441 sunt
1098 2370 1330 2465 stipendiarii,
1356 2377 1393 2447 et
1418 2371 1485 2446 viri
1512 2371 1607 2445 mili-

437 2500 532 2566 tares
558 2489 792 2583 praedatores,
810 2489 873 2583 qui
889 2489 984 2562 bene
998 2478 1034 2580 (⁶)
1053 2488 1225 2562 dicuntur
1245 2511 1326 2564 esse
1342 2492 1509 2565 homines
1539 2511 1608 2586 pro

436 2616 549 2704 parte,
571 2617 607 2683 et
627 2630 694 2704 pro
712 2616 815 2703 parte
831 2609 965 2702 bestiae,
984 2609 1069 2702 quia
1087 2607 1170 2683 licet
1187 2616 1366 2703 quantum
1384 2610 1430 2684 ad
1450 2612 1605 2685 sormam

438 2731 600 2824 corporis
619 2730 797 2803 retineant
814 2729 933 2802 adhuc
950 2730 1151 2801 humanam
1173 2729 1329 2825 figuram
1356 2737 1393 2804 et
1412 2731 1608 2805 videantur

438 2850 621 2943 lromines3
659 2860 782 2926 tamen
817 2859 995 2942 quantum
1027 2849 1072 2922 ad
1107 2870 1236 2923 eorum
1273 2851 1451 2925 vitamet
1481 2871 1604 2926 mores

436 2971 547 3044 animi
581 2977 665 3043 sunt
697 2969 832 3063 bestiae,
854 2978 891 3044 et
920 2968 1104 3044 bestialius
1138 2980 1294 3047 currunt
1325 2978 1362 3044 et
1387 2971 1543 3045 saeviunt
1568 2972 1604 3045 in

436 3112 554 3187 genus
579 3090 769 3163 hominum
786 3079 836 3184 (⁷),
862 3110 973 3183 quam
1000 3090 1147 3183 aliquod
1163 3111 1281 3187 genus
1300 3092 1526 3186 animalium,
1545 3093 1608 3166 sed

437 3211 510 3284 imo
536 3211 655 3304 polius
680 3217 947 3284 convertuntur
972 3209 1009 3281 in
1034 3230 1185 3304 equum,
1212 3231 1324 3304 quam
1346 3211 1383 3285 in
1405 3211 1504 3285 aliud
1529 3211 1609 3285 ani-

436 3332 533 3423 mal;
561 3329 645 3424 quia
672 3335 714 3401 ut
738 3336 836 3423 patet
860 3329 907 3403 de
932 3349 970 3402 se
996 3350 1114 3422 equus
1140 3338 1195 3403 est
1220 3331 1355 3404 animal
1381 3331 1607 3425 bellicosum,

437 3471 512 3545 quo
537 3450 592 3523 isti
618 3455 776 3522 utuntur
807 3454 995 3541 tamquam
1027 3470 1167 3543 organo
1199 3456 1236 3522 et
1266 3449 1509 3524 instrumento
1539 3472 1608 3525 suo

436 3571 482 3645 ad
508 3570 697 3645 violentias
722 3579 759 3644 et
783 3569 940 3663 praedam
962 3590 1081 3662 equus
1101 3569 1211 3642 etiam
1229 3575 1283 3642 est
1299 3569 1435 3643 animal
1456 3569 1609 3644 velocis-

438 3691 585 3783 simum,
612 3695 648 3763 ct
672 3689 753 3762 talis
779 3695 878 3763 recte
894 3679 928 3780 (⁸)
956 3699 1012 3764 est
1028 3688 1291 3782 stipendiarius,
1310 3690 1373 3782 qui
1390 3696 1445 3763 est
1462 3709 1608 3785 semper

438 3813 475 3885 in
504 3812 671 3884 discursu
703 3815 741 3884 et
771 3817 894 3902 motu,
921 3817 957 3883 et
988 3809 1034 3882 ad
1064 3809 1277 3882 mandatum
1310 3811 1462 3887 alterius
1490 3812 1610 3889 currit

438 3931 664 4007 velocissime
680 3931 727 4004 ad
747 3937 906 4004 mortem
924 3929 1080 4003 dandam
1102 3936 1139 4004 et
1157 3930 1399 4025 recipiendam
1409 3956 1419 4026 ;
1437 3940 1492 4007 est
1508 3934 1606 4008 enim

438 4053 532 4126 sicut
556 4071 675 4144 equus
700 4071 830 4124 servus
859 4049 1020 4143 alteriue,
1050 4057 1086 4124 et
1117 4050 1306 4124 infeliciter
1337 4050 1436 4125 ducit
1452 4044 1489 4144 (⁹)
1519 4073 1609 4128 con-

440 4172 542 4246 tinuo
573 4171 684 4245 vitam
716 4171 929 4263 inquietam,
959 4170 1035 4243 imo
1064 4176 1164 4245 recte
1193 4169 1447 4264 stipendiarius
1476 4178 1532 4247 est
1560 4173 1610 4247 si-

498 4447 524 4508 (¹)
542 4447 572 4495 ll.
589 4445 657 4495 circa
674 4444 827 4506 perfossum.
972 4445 999 4506 (¹)
1017 4445 1046 4493 Ε.
1065 4445 1110 4494 lsli
1127 4449 1213 4494 aulem
1230 4444 1355 4495 centauri.
1440 4504 1441 4508 Ἰ

498 4520 524 4582 (·)
540 4523 565 4571 S.
583 4526 636 4570 lam
652 4521 737 4584 graui.
750 4548 778 4556 -
790 4523 844 4580 llo,
861 4524 887 4570 el
903 4521 987 4583 primo
1004 4519 1081 4583 greci
1097 4533 1175 4583 quam
1192 4519 1274 4570 latini.

498 4601 524 4661 (⁸)
542 4604 595 4659 116,
613 4599 656 4661 qui
673 4613 687 4647 a
704 4599 797 4648 medio.
972 4596 998 4661 (⁸)
1015 4598 1040 4647 S.
1058 4596 1173 4647 bellicosi
1188 4602 1222 4648 el.
1236 4597 1304 4647 -E.
1322 4597 1510 4649 bellicosissimi
1526 4603 1561 4650 ei.

498 4677 525 4737 (⁶)
545 4676 573 4724 E.
590 4676 654 4723 lieno
671 4675 787 4725 hominos
804 4675 922 4725 videnlur
939 4687 993 4723 esse
1010 4687 1058 4736 pro
1074 4677 1168 4737 parte,

499 4754 525 4814 (³)
544 4753 568 4801 S.
587 4753 737 4802 humanum.
749 4780 775 4788 -
787 4757 840 4811 116,
854 4754 1004 4811 humanum,
1017 4765 1094 4815 quam
1109 4750 1179 4801 aliud
1190 4764 1278 4814 genus.
1288 4752 1354 4801 -E.
1371 4750 1518 4813 hominum,
1529 4765 1608 4816 qnam

437 4832 462 4880 in
478 4830 547 4880 aliud
563 4829 671 4888 animal;
688 4830 747 4893 quia
765 4834 794 4880 ul
810 4835 888 4893 patet.

500 4904 527 4969 (¹)
544 4906 573 4956 E.
592 4906 703 4969 proprie
969 4905 996 4965 l‘)
1011 4904 1038 4954 S.
1055 4907 1137 4957 currit
1152 4911 1178 4957 et
1194 4906 1266 4956 ducit
1282 4905 1411 4956 conduco.
