4154 6546
564 788 610 858 lt
1022 800 1277 857 rnrnonncrro.

560 969 617 1022 nae
647 967 737 1039 suae,
761 961 836 1040 qna
868 943 968 1040 pavit
990 941 1132 1020 animos
1155 949 1346 1042 omnium;
1381 970 1454 1024 non
1486 953 1604 1026 solnm
1635 954 1732 1026 enim

561 1067 674 1162 pascit
699 1067 807 1159 viros,
833 1064 897 1140 sed
921 1064 1117 1140 infantulos
1141 1073 1179 1141 et
1204 1068 1382 1162 ioeminas,
1408 1077 1551 1165 etpost
1575 1071 1736 1146 delecta-

562 1188 698 1261 tionem
724 1185 924 1260 rerbornm
944 1183 1058 1279 pascit
1077 1185 1281 1260 intellectus
1298 1189 1472 1263 excelsos.
1494 1189 1597 1276 Quod
1623 1209 1736 1264 cona·

563 1313 624 1378 tnr
648 1324 781 1399 capere
806 1304 952 1378 irondes
978 1303 1156 1399 significat
1180 1303 1309 1401 ingens
1333 1305 1565 1401 desiderium,
1583 1309 1682 1401 quod
1696 1301 1735 1397 (¹)

564 1425 732 1516 habebat,
750 1424 887 1497 laureae
903 1423 1118 1499 obtinendae.
1144 1423 1247 1511 Quod
1259 1415 1296 1515 (Ἴ)
1314 1426 1486 1501 ceciderit
1509 1426 1546 1501 in
1570 1427 1648 1521 ipso
1674 1447 1736 1500 co-

564 1549 653 1616 natu
679 1541 855 1638 significat
878 1561 1018 1635 casum,
1043 1561 1156 1634 quem
1180 1562 1309 1617 omnes
1334 1544 1486 1618 iacimus
1507 1545 1585 1620 sine
1611 1565 1735 1620 resur-

563 1683 664 1760 gere,
690 1662 824 1736 scilicet
844 1651 882 1752 (³)
906 1678 1033 1735 casum
1060 1660 1198 1734 mortis.
1224 1661 1327 1748 Quod
1352 1683 1399 1738 er
1424 1672 1570 1759 pastore
1593 1664 1734 1739 oriatur

564 1804 668 1878 pavo,
694 1780 870 1878 significat
894 1800 986 1874 opus
1003 1769 1041 1871 (⁴)
1066 1801 1143 1854 suae
1168 1781 1373 1875 Comoediae,
1399 1805 1483 1877 quae
1514 1791 1614 1859 recte
1645 1785 1734 1857 assi·

564 1904 711 1977 milatur
735 1900 890 1996 pavoni3
916 1900 1014 1993 quod
1040 1906 1157 1994 potest
1180 1902 1427 1995 multipliciter
1452 1910 1588 1997 patere.
1610 1904 1734 1976 Primo

562 2042 723 2116 namque
747 2040 835 2095 caro
860 2019 1010 2114 pavonis
1034 2011 1072 2110 (⁶)
1098 2019 1291 2113 odorifera,
1317 2027 1354 2096 et
1378 2021 1649 2114 quodammodo
1675 2022 1732 2092 in-

563 2140 829 2236 corruptibilis:
868 2139 918 2212 ita
955 2159 1083 2213 sensns
1120 2138 1221 2211 istius
1258 2140 1351 2232 libri,
1386 2141 1734 2234 quomodocumque

562 2261 737 2356 capiatur,
763 2260 840 2333 sive
865 2257 1151 2352 superficialiter,
1175 2257 1252 2333 sive
1276 2260 1547 2353 sententialiter,
1568 2267 1623 2334 est
1646 2261 1734 2334 odo-

562 2380 660 2473 riier,
686 2379 778 2454 idest
802 2377 1033 2471 delectabilis,
1060 2377 1247 2451 continens
1268 2378 1458 2453 veritatem
1480 2380 1680 2474 simplicem
1698 2388 1734 2453 et

562 2501 822 2594 incorruptam,
858 2504 895 2572 et
927 2504 1065 2590 quanto
1098 2497 1215 2592 magis
1247 2497 1450 2591 discutitur,
1483 2506 1583 2574 tanto
1617 2500 1733 2594 magis
1816 2481 1820 2490 ⁶

563 2618 679 2692 reddit
703 2617 855 2691 odorem
880 2615 1158 2710 incorruptibilis
1177 2607 1213 2706 (⁶)
1241 2616 1411 2690 veritatis.
1438 2617 1616 2712 Secundo,
1639 2639 1733 2714 pavo

563 2737 672 2811 habet
703 2757 860 2830 pennam
886 2735 1157 2829 pulcerrimam,
1182 2756 1257 2829 qua
1286 2736 1365 2832 ejus
1394 2758 1481 2812 caro
1510 2739 1664 2813 vestitur
1697 2748 1734 2812 et

562 2864 727 2949 ornatur,
753 2862 791 2929 et
824 2855 933 2928 habet
966 2861 1114 2928 centum
1148 2856 1273 2929 oculos
1304 2856 1341 2928 in
1371 2857 1520 2949 pennis:
1554 2858 1604 2932 ita
1629 2858 1733 2932 litera

562 2976 650 3069 ipsa,
668 2975 776 3049 variis
789 2974 939 3048 dorihus
952 2979 990 3048 et
1001 2973 1152 3048 diversis
1170 2974 1353 3048 coloribus
1369 2976 1556 3065 adornata,
1574 2978 1679 3052 vestit
1692 2968 1729 3067 (⁷)

562 3095 789 3189 sententiam,
812 3115 896 3187 quae
922 3094 1032 3167 habet
1055 3102 1203 3168 centum
1226 3093 1363 3188 oculos,
1381 3094 1473 3169 idest
1496 3104 1646 3171 centum
1672 3119 1733 3172 ca·

562 3216 674 3310 pitnla
688 3204 738 3309 (⁸),
759 3211 836 3288 sive
855 3221 994 3288 cantus.
1013 3214 1146 3307 Tertio,
1164 3234 1258 3309 pavo
1276 3214 1386 3290 habet
1411 3223 1536 3311 turpes
1556 3218 1677 3311 pedeS,
1695 3225 1732 3291 et

562 3341 708 3414 mollem
734 3339 934 3413 incessum:
961 3338 1010 3411 ita
1037 3337 1113 3432 ipse
1129 3339 1254 3433 stylus,
1273 3359 1347 3431 quo
1367 3345 1555 3433 tamquam
1582 3340 1733 3434 pedibus

562 3461 638 3554 ipsa
654 3459 810 3533 materia
827 3458 987 3533 consistit
1006 3463 1043 3530 et
1060 3456 1240 3549 firmatur,
1268 3459 1382 3551 turpis
1399 3459 1544 3532 videtur
1564 3468 1732 3553 respectu

563 3579 733 3671 literalis,¹
747 3577 914 3671 quamvis
931 3577 966 3649 in
982 3595 1121 3671 genere
1138 3596 1206 3649 suo
1231 3576 1276 3648 sit
1296 3577 1538 3670 pulcerrimns
1554 3578 1731 3670 omnium,

563 3707 610 3774 et·
624 3699 740 3795 magis
759 3696 955 3771 conformis
972 3695 1124 3791 ingeniis
1148 3696 1423 3770 modernorum.
1442 3696 1505 3771 Vel
1524 3698 1633 3791 pedes
1654 3704 1732 3770 tur-

562 3841 626 3915 pes
651 3825 737 3892 sunt
752 3816 914 3891 carmina
932 3814 1111 3910 vulgaria,
1128 3815 1261 3909 quibus
1279 3822 1468 3908 mmquam
1489 3812 1640 3909 pedihus
1657 3822 1732 3910 sty-

563 3941 620 4013 lns
645 3937 783 4031 currit3
810 3956 893 4030 qua
918 3941 1004 4008 sunt
1035 3935 1153 4028 turpia
1185 3940 1353 4028 respectu
1379 3933 1599 4008 litteralium.
1630 3933 1732 4008 Unde

562 4067 600 4133 et
631 4060 792 4132 incessus
824 4056 940 4130 mollis
964 4053 1142 4150 significat
1166 4053 1405 4129 humilitatem
1431 4054 1525 4150 styli,
1554 4075 1639 4148 quac
1668 4075 1733 4128 ne-

562 4177 721 4251 cessario
746 4175 906 4270 exigitur
930 4175 967 4248 in
989 4173 1192 4267 Comoediis,
1209 4181 1251 4247 ut
1276 4173 1397 4247 statim
1417 4172 1570 4248 dicetur.
1588 4173 1732 4266 Ultimo,

562 4317 655 4391 pavo
673 4295 783 4369 habet
799 4315 928 4370 vocem
946 4295 1177 4370 horribilem:
1195 4294 1244 4368 ita
1258 4285 1296 4386 (⁹)
1318 4314 1391 4368 vox
1411 4293 1560 4388 autoris,
1579 4294 1663 4369 licet
1680 4294 1734 4367 vi·

560 4416 692 4489 deatur
717 4414 839 4488 suavis
864 4414 909 4487 ad
932 4434 1065 4487 sonum
1082 4413 1293 4506 vorborum,
1312 4419 1436 4488 tamen
1454 4412 1500 4486 ad
1518 4415 1733 4488 sententiam

628 4608 656 4669 t¹l
673 4610 703 4658 E.
720 4609 789 4672 quod
805 4610 867 4671 ipse.
1224 4605 1253 4668 (¹)
1270 4606 1296 4656 S.
1312 4606 1382 4671 quod
1397 4609 1493 4656 anum.

628 4685 654 4744 l')
672 4686 702 4734 Ii.
718 4685 817 4735 scilicet
833 4689 940 4746 propter
955 4697 1058 4735 causam
1075 4684 1173 4734 mortis.
1225 4683 1254 4742 (⁸)
1271 4684 1301 4732 E.
1317 4696 1390 4746 opos,
1407 4684 1460 4732 siro
1475 4680 1616 4734 Comoedia.

629 4762 658 4821 (⁸)
675 4761 705 4810 E.
721 4766 760 4810 est
775 4759 914 4811 odorifera.
1227 4759 1255 4820 (⁸)
1273 4760 1303 4809 E.
1319 4759 1543 4823 looomnptlbllem
1558 4759 1680 4809 rer-itatis.

635 4838 652 4895 'J
669 4838 699 4888 E.
716 4837 825 4887 vestitur
840 4837 973 4887 sententio.
1226 4836 1255 4896 (⁸)
1271 4836 1297 4886 S.
1313 4837 1404 4899 capita

628 4915 654 4976 ptr
671 4915 701 4965 E.
717 4914 812 4977 itaque.
