4154 6546
718 758 861 816 CANTUS
886 760 1082 819 succubus.
1440 749 1488 818 95

315 928 448 985 verum
474 905 580 999 dicit;
606 926 705 997 nam,
731 905 825 979 sicut
850 906 1018 981 videmus
1042 929 1108 1002 per
1128 907 1403 1001 experientiam,
1421 927 1489 982 nec

314 1026 478 1104 versutia
503 1024 767 1117 hereticorum,
793 1044 862 1100 nec
886 1026 1066 1101 subtilitas
1085 1027 1396 1121 philosophorum,
1422 1046 1490 1101 nco

315 1147 475 1245 potentia
500 1144 751 1238 superborum
776 1149 894 1238 potest
912 1145 1060 1221 -violare
1083 1166 1228 1220 sacram
1252 1145 1489 1241 theologiam5
1640 1157 1642 1161 ⁴

315 1267 389 1342 imo
418 1266 497 1360 ipsa
528 1264 629 1337 velut
659 1263 828 1336 navicula
855 1264 965 1356 Petri,
994 1269 1340 1358 quantumcumque
1364 1264 1491 1360 exagi-

315 1392 416 1461 tetur
449 1382 725 1478 tempestatibus
758 1382 870 1455 maris
903 1383 1013 1457 buitrs
1039 1384 1178 1476 mundi,
1204 1383 1400 1477 aliquando
1425 1383 1491 1458 tle·

317 1497 490 1597 ctiturl¹)‚
516 1501 580 1577 scd
596 1521 802 1594 numquam
826 1501 1089 1598 submergitur.
1110 1502 1204 1591 Quid
1220 1503 1326 1596 plus?
1350 1503 1403 1575 llli
1427 1501 1492 1596 qui

317 1622 451 1698 debent
480 1641 560 1696 esse
594 1619 878 1693 undamentum
912 1628 949 1694 et
983 1622 1273 1696 sustentaculum
1309 1621 1402 1714 fidei,
1437 1621 1492 1695 la·

318 1741 447 1817 ciendo
471 1741 550 1815 aliis
566 1741 666 1815 viam
682 1741 873 1815 salvatoris
889 1731 925 1831 ι’)
945 1760 1117 1816 sermone
1144 1748 1180 1815 et
1202 1742 1383 1835 exemplo,
1398 1740 1492 1815 siout

318 1860 457 1956 praelati
482 1867 521 1935 et
544 1866 719 1954 pastores,
740 1859 915 1933 continuo
934 1866 1117 1933 conantur
1142 1861 1360 1935 subvertere
1384 1860 1491 1935 istam

318 1980 440 2074 fldem,
465 1981 530 2055 sed
554 1978 632 2054 Deo
658 1978 886 2054 custodiente
910 1998 984 2052 non
1008 1987 1179 2073 possunt;
1211 1980 1312 2073 quod
1342 1979 1491 2075 egregie

315 2099 548 2177 confirmavit
564 2098 714 2192 quidam
730 2097 892 2171 Abnmm
909 2098 1196 2192 sapientissimus
1212 2099 1371 2172 Judaeus.
1390 2097 1491 2173 Unde

318 2226 373 2297 est
397 2218 588 2294 sciendum
613 2217 713 2311 quod
739 2218 775 2291 in
802 2218 940 2292 famosa
964 2218 1110 2293 civitate
1135 2219 1295 2292 Parisios
1319 2218 1398 2311 luit,
1417 2237 1491 2292 nou
1647 2295 1650 2301 ,

319 2344 374 2415 est
398 2337 507 2412 nimis
532 2338 685 2433 longum
712 2342 868 2429 tempus,
894 2336 1043 2429 quidam
1075 2338 1286 2412 merchator
1317 2337 1491 2429 snmus,

320 2479 477 2555 magnus
497 2456 700 2552 draperius,
721 2457 869 2532 nomine
889 2458 1072 2530 Zenotbus
1087 2447 1138 2549 (³),
1155 2457 1201 2531 de
1218 2457 1343 2550 (linivi,
1362 2457 1419 2533 vir
1437 2460 1493 2531 le·

321 2578 425 2674 galis,
451 2596 567 2652 verax
592 2582 629 2651 et
655 2574 815 2649 moralis.
838 2576 925 2649 Erat
941 2582 979 2649 et
997 2575 1147 2668 quidam
1165 2575 1325 2650 hebreus
1341 2582 1492 2651 vocatus

319 2698 491 2792 abraam,
518 2696 576 2769 vir
609 2695 729 2769 bonus
760 2701 798 2768 et
828 2694 940 2788 dives,
966 2715 1053 2768 cum
1083 2715 1159 2788 quo
1190 2696 1373 2770 Zanotbus
1403 2716 1492 2770 con·

320 2817 431 2892 traxit
448 2816 665 2891 familiarem
681 2803 718 2906 (⁴)
736 2814 946 2909 amicitiam,
965 2823 1002 2891 et
1021 2817 1246 2910 compatiens
1263 2818 1383 2892 errori
1399 2818 1490 2913 eius,

320 2936 446 3012 dotem
469 2937 569 3031 qnod
593 2936 651 3009 vir
678 2943 787 3010 tautae
812 2935 958 3010 virtutis
983 2956 1030 3010 ex
1055 2937 1218 3011 carentia
1239 2936 1322 3012 lidei
1341 2939 1491 3014 deberet

321 3055 501 3148 domum
520 3055 631 3150 coepit
654 3055 880 3151 persuadere
905 3055 954 3127 illi
979 3054 1078 3148 quod
1103 3075 1177 3129 non
1202 3057 1311 3130 vellet
1334 3058 1491 3150 amplius

321 3174 449 3250 vivere
473 3173 511 3247 in
533 3173 731 3268 pertinacia
755 3194 843 3266 sua3
870 3180 907 3247 et
932 3194 1017 3249 oum
1043 3173 1106 3247 diu
1128 3181 1164 3249 et
1181 3195 1278 3269 saepe
1297 3176 1367 3249 boc
1386 3176 1492 3250 iecis-

322 3301 388 3389 set,
414 3293 571 3368 dualiter
594 3294 754 3368 hbraam
779 3293 865 3367 dicit
880 3285 916 3385 (ὃ)
943 3294 1104 3367 Zenotho
1134 3293 1233 3388 quod
1263 3294 1492 3389 disposuerat

321 3412 499 3489 accedere
534 3411 583 3487 ad
619 3411 763 3488 curum
799 3431 1003 3486 romanam.
1038 3413 1120 3500 Quo
1153 3413 1278 3487 audito
1309 3415 1492 3488 Zanothns

322 3532 444 3608 entim
468 3530 623 3627 perdidit
646 3551 796 3605 omnem
823 3551 938 3625 spem,
955 3553 1068 3624 quam
1092 3533 1248 3607 habebat
1272 3553 1383 3628 super
1403 3555 1492 3609 con-

322 3653 530 3729 versionem
562 3652 654 3746 ejus‚
684 3658 722 3725 et
753 3652 862 3746 coepit
892 3652 959 3725 sibi
989 3651 1201 3728 dissuadere
1215 3644 1252 3745 (θ)
1287 3653 1386 3747 quod
1419 3674 1492 3728 non

322 3772 393 3848 iret
405 3762 458 3865 (⁴¹),
483 3771 582 3865 quod
607 3772 677 3845 hoc
701 3770 824 3845 iacere
841 3791 914 3845 non
930 3775 1074 3865 poterat
1091 3773 1169 3847 sine
1189 3791 1324 3868 magno
1341 3779 1490 3867 sumptu

323 3899 360 3967 et
383 3889 573 3984 multiplici
597 3889 772 3984 periculo,
796 3909 964 3964 asserens
988 3891 1088 3983 quod
1113 3893 1163 3967 ita
1187 3898 1267 3966 erat
1292 3892 1492 3987 baptismus

324 4010 483 4087 Purisius
505 4008 601 4084 siout
623 4010 752 4084 Romae
766 3999 817 4102 (⁸),
842 4016 879 4084 et
903 4010 1003 4104 quod
1023 4031 1131 4104 eque
1150 4011 1245 4087 bene
1264 4018 1407 4107 poterat
1426 4012 1492 4088 de·

323 4129 456 4205 eiurari
479 4128 526 4204 de
551 4127 622 4203 ilde
645 4127 840 4203 christiana
866 4136 903 4203 et
927 4128 974 4204 de
998 4129 1099 4203 omni
1115 4130 1227 4205 dubio
1247 4131 1330 4207 lidei
1351 4133 1410 4225 ibi,
1424 4133 1491 4207 ubi

324 4253 405 4323 erat
427 4247 591 4322 studium
615 4266 731 4322 saerae
756 4248 958 4344 theologie.
979 4249 1151 4323 Finaliter
1175 4250 1334 4325 libraam
1361 4251 1492 4326 firmus
1519 4243 1530 4265 ⁴

325 4366 362 4439 in
386 4367 567 4462 proposito
590 4367 742 4443 accessit
768 4369 934 4463 Romam,
955 4376 993 4443 et
1016 4369 1065 4443 ibi
1090 4372 1206 4444 multa
1233 4371 1354 4444 didicit
1378 4393 1400 4445 a
1426 4373 1492 4445 tu-

383 4638 415 4698 (Ί
430 4633 462 4685 lt.
471 4634 671 4695 llcolfloclatun
682 4640 769 4689 tam
777 4649 919 4701 munnam.
1001 4634 1030 4699 (Ἰ
1043 4636 1103 4687 ΕΛ
1113 4640 1168 4697 tto,
1175 4637 1331 4691 utrumme

384 4710 414 4775 ω
428 4710 745 4765 ammoneret
1002 4714 1029 4776 (⁸)
1043 4713 1320 4769 &nordhantone
1329 4714 1477 4771 niolitus.

385 4787 414 4849 (b
431 4792 486 4849 trs.
495 4788 918 4854 aust-emporubznocoo.
1000 4790 1030 4853 ct
1047 4791 1473 4856 saepenumero-um

386 4862 515 4926 (¹)108
531 4867 792 4931 numentanos.
1003 4868 1032 4932 l')
1049 4869 1285 4921 lhsicuthomu·
1295 4868 1386 4921 turta
