4154 6546
753 773 890 829 caurus
916 771 1082 827 ominus.
1427 756 1496 826 339

323 927 443 1012 porte,
473 916 609 993 scilicet
637 916 839 1014 gbibelinae.
872 917 917 989 Et
940 915 992 990 sic
1021 921 1107 990 nota
1135 915 1234 1009 quod
1267 916 1401 991 Dentes
1431 878 1517 990 luit7

328 1039 510 1136 guelphus
534 1045 572 1113 et
596 1058 644 1112 ex
668 1035 835 1134 guelpbis
860 1036 1083 1131 parentibus,
1104 1035 1273 1130 quamvis
1288 1037 1395 1112 multi
1412 1057 1501 1112 cou-

329 1158 484 1233 trarium
518 1158 640 1233 dicere
664 1165 702 1232 et
725 1156 912 1232 affirmare
941 1164 1133 1251 conentur,
1164 1157 1223 1232 vel
1253 1178 1298 1232 ex
1328 1158 1502 1254 ignoran-

329 1278 390 1373 tia,
424 1279 483 1354 vel
512 1298 560 1353 err
592 1277 832 1354 animositate.
863 1277 908 1351 Et
936 1283 979 1351 ut
1005 1277 1094 1352 alias
1128 1276 1286 1352 rationes
1320 1278 1499 1373 omittam,

328 1400 461 1474 Dentes
501 1420 574 1473 nou
612 1398 738 1474 luisset
773 1397 966 1474 Florentiae
999 1397 1036 1471 in
1076 1417 1212 1494 magno
1242 1404 1350 1494 statu,
1388 1407 1426 1475 et
1462 1399 1500 1474 in

328 1520 445 1595 llCCC
483 1541 581 1594 unus
617 1518 664 1595 de
701 1519 912 1615 regentibus
949 1525 987 1594 et
1025 1518 1273 1614 regnantibus,
1311 1506 1501 1597 siluisset

328 1639 534 1737 ghibelinus
559 1639 698 1734 nobilis,
724 1660 842 1734 quum
867 1640 941 1715 iam
966 1660 1032 1734 per
1055 1645 1108 1713 tot
1135 1647 1302 1735 tempora
1318 1648 1404 1717 aute
1420 1642 1502 1736 ghi-

330 1760 440 1836 beliui
465 1767 587 1836 essem
611 1760 752 1855 expulsi
765 1753 804 1853 (¹)
830 1767 867 1834 et
891 1759 1042 1855 dispersi
1066 1760 1113 1834 de
1143 1760 1336 1836 Florentia.
1363 1762 1501 1838 Tamen

329 1888 439 1957 autor
451 1887 575 1957 noster
586 1882 768 1977 guelphus
781 1872 1017 1977 originaliter,
1029 1887 1110 1976 post
1126 1881 1377 1977 expulsionem
1393 1903 1500 1957 suam

331 2003 448 2077 lactus
469 2009 525 2077 est
554 2000 770 2098 gbibelinus,
797 1999 871 2074 imo
904 1999 1220 2097 gbibelinissimus,
1244 2002 1338 2077 sicut
1374 2008 1502 2097 aperte

332 2121 457 2197 scribit
481 2121 678 2196 Boccacius
702 2120 748 2195 de
773 2119 942 2195 Certaldo
971 2119 1008 2195 iu
1037 2141 1107 2196 suo
1140 2121 1260 2196 libello
1289 2122 1335 2198 de
1366 2121 1441 2197 vita
1465 2128 1503 2197 et

332 2241 496 2317 moribus
521 2241 662 2335 Dantis3
689 2240 787 2315 uude
807 2231 857 2334 Ρ),
883 2240 982 2334 quod
1008 2240 1168 2316 ridenter
1193 2242 1325 2338 refero,
1351 2242 1502 2338 quidam

334 2363 530 2460 partidous,
556 2363 626 2436 boc
650 2360 787 2454 audito,
813 2359 925 2434 dixit:
952 2381 1041 2436 vere
1071 2362 1129 2437 bic
1159 2363 1270 2438 bomo
1295 2383 1503 2457 numquam

336 2485 457 2560 lacere
474 2488 618 2579 poterat
630 2472 669 2575 (³)
687 2486 830 2557 mutum
850 2501 953 2576 opus,
970 2480 1038 2555 uisi
1059 2480 1176 2557 lactus
1197 2482 1322 2559 luisset
1346 2482 1516 2584 gbibeli3

335 2628 414 2681 uus.
449 2606 493 2679 Et
525 2603 654 2699 probat
685 2601 853 2677 Farinata
882 2601 931 2675 ab
964 2601 1095 2678 ellectu
1127 2602 1363 2698 inimicitiam,
1388 2624 1501 2698 quam

334 2725 460 2800 babuit
477 2724 513 2797 in
534 2723 723 2798 communi
747 2742 835 2798 cum
851 2720 1179 2818 predecessoribus
1195 2723 1331 2818 Dantis,
1354 2723 1500 2799 diceus:

332 2840 447 2919 stoue
469 2865 539 2937 per
565 2846 633 2918 due
658 2845 742 2937 stote
770 2847 797 2918 tt
823 2845 985 2936 copore,
1010 2843 1098 2938 quia
1127 2843 1262 2920 scilicet
1288 2844 1413 2940 ,expuli
1439 2824 1529 2921 eos*¹

334 2967 381 3042 de
405 2955 535 3060 patria.
560 2963 662 3040 Unde
686 2969 773 3040 uota
792 2963 892 3059 quod
908 2955 1090 3058 Fariuata,
1106 2963 1273 3060 princeps
1289 2963 1402 3060 partis
1422 2964 1503 3061 gbi·

335 3085 465 3161 belinae
489 3082 628 3179 expulit
658 3082 713 3157 bis
737 3082 916 3179 guelpbos
940 3082 986 3157 de
1014 3082 1207 3178 Florentia,
1225 3084 1409 3179 precipue
1432 3105 1501 3159 no-

333 3206 433 3300 biles,
451 3210 618 3300 tempore
643 3202 805 3279 Federici
830 3202 992 3298 secundi,
1010 3202 1157 3297 quaudo
1174 3203 1251 3278 istae
1268 3204 1504 3299 partialitates

334 3327 483 3401 luerunt
499 3323 536 3397 in
554 3314 689 3420 magno
706 3323 852 3398 terrore
877 3322 914 3396 in
940 3322 1053 3417 ltalia,
1077 3330 1115 3397 et
1140 3322 1342 3418 specialiter
1366 3323 1405 3398 iu
1429 3324 1503 3400 Tu-

333 3445 418 3539 scia,
444 3450 482 3519 et
507 3441 763 3538 specialissime
787 3442 824 3517 iu
849 3441 1041 3517 Florentia.
1068 3442 1172 3517 Unde
1196 3442 1267 3517 vidi
1292 3442 1448 3539 literam,
1466 3443 1504 3518 in

336 3584 409 3659 qua
426 3562 622 3638 Federicus
647 3563 804 3658 laetatur,
820 3561 919 3657 quod
931 3547 1107 3656 'ghibebni
1132 3562 1179 3637 de
1197 3561 1378 3640 Florentia
1395 3562 1505 3638 amici

335 3678 393 3757 sui
409 3681 631 3777 expulerunt
647 3682 844 3778 guelpbos3
862 3680 937 3754 imo
953 3680 1148 3756 Federicus
1168 3681 1346 3776 quosdam
1365 3683 1504 3758 nobiles

334 3804 512 3901 guelpbos
536 3808 660 3897 captos
685 3801 790 3875 duxit
819 3821 945 3876 secum
977 3800 1014 3874 in
1043 3801 1223 3897 Apuliam,
1256 3821 1349 3898 quos
1377 3821 1506 3878 omnes

335 3924 420 4000 lecit
443 3921 649 3998 exosculari
665 3909 702 4014 (⁸)
728 3928 766 3996 et
790 3919 971 3995 macerari
989 3920 1025 3994 iu
1042 3921 1156 3996 mari:
1174 3922 1273 3998 uude
1289 3922 1365 4017 ipse
1388 3922 1505 3999 Fede-

334 4045 433 4120 ricus
458 4042 556 4118 venit
572 4041 686 4117 semel
703 4041 741 4115 iu
762 4040 977 4115 mmitatum
995 4040 1199 4138 Florentiae,
1216 4043 1280 4119 sed
1296 4063 1502 4138 numquam

333 4163 448 4239 voluit
480 4162 619 4237 intrare
654 4160 850 4255 civitatem,
885 4160 971 4255 quia
1005 4162 1197 4237 audiverat
1233 4163 1282 4237 ab
1314 4162 1506 4260 astrologis

333 4284 408 4359 suis
433 4282 532 4378 quod
546 4273 582 4374 (⁵)
610 4288 691 4356 erat
715 4278 918 4355 moriturus
943 4280 1155 4377 Florentiae3
1173 4281 1236 4358 sed
1261 4290 1432 4357 mortuus
1449 4287 1503 4358 est

333 4402 481 4480 taudem
507 4401 544 4476 in
568 4400 639 4476 alia
665 4399 859 4494 Florentia,
884 4420 969 4496 quae
994 4408 1050 4476 est
1074 4401 1112 4476 in
1141 4401 1281 4497 Apulia.
1313 4401 1383 4477 Sed
1407 4401 1507 4477 llan-

332 4530 387 4599 tes
401 4513 439 4616 (⁶)
464 4523 559 4598 bene
584 4520 701 4597 reddit
726 4520 792 4595 sibi
810 4521 939 4616 vicem,
960 4521 990 4595 si
1011 4521 1071 4597 ille
1087 4521 1272 4598 obiecerat
1287 4521 1355 4597 sibi
1374 4522 1506 4618 erpul-

395 4755 423 4819 (¹)
440 4755 471 4807 B.
486 4754 586 4818 expulsi
601 4754 634 4806 dc
649 4753 791 4806 Florentii.
981 4751 1009 4816 (¹)
1027 4757 1081 4813 tto,
1097 4753 1191 4803 lmmo.

394 4831 423 4893 t'l
438 4832 469 4883 lt
486 4831 617 4895 ootutmt
984 4829 1011 4891 (¹)
1027 4828 1062 4890 S,
1080 4832 1125 4880 rto
1140 4842 1157 4879 s
1172 4828 1202 4880 lt
1217 4827 1358 4880 oxomlsrt

396 4906 779 4972 (etsemetipsum
983 4901 1365 4967 elemosinandum
