4154 6546
580 779 628 849 'to
973 791 1176 846 conserus
1201 791 1351 844 rursum

579 941 672 1017 dicii.
698 941 743 1015 Et
766 937 926 1034 intellige
954 937 1055 1031 quod
1070 969 1074 976 ·
1087 936 1250 1011 damnati
1279 942 1407 1030 optant
1436 940 1593 1009 mortem
1625 939 1755 1008 onnus

580 1062 786 1137 naturalem
815 1058 1029 1153 appetitum,
1060 1056 1277 1153 urgentibus
1305 1055 1446 1150 poenis3
1479 1053 1577 1130 unde
1606 1052 1755 1127 Boetius

579 1181 618 1255 in
650 1180 783 1254 tertio:
809 1199 894 1250 nom
918 1198 1011 1269 sepe
1035 1183 1194 1268 mortem,
1219 1177 1418 1267 urgentibus
1442 1177 1556 1247 ceusu
1580 1181 1687 1247 endu
1704 1165 1756 1264 (¹),

581 1321 687 1393 quom
717 1306 849 1371 namra
878 1318 1014 1389 semper
1038 1299 1260 1390 reformidat,
1284 1298 1457 1370 interdum
1482 1297 1641 1368 somnias
1677 1314 1756 1367 om·

578 1423 746 1512 plectitur.
773 1418 910 1493 Deinde
942 1416 1112 1513 Virgilius
1141 1416 1319 1510 promittit
1344 1415 1609 1489 seductorum
1634 1413 1754 1508 ipsum

582 1558 648 1632 per
673 1537 947 1632 Purgatorium,
972 1535 1119 1609 dicens:
1140 1538 1205 1627 pot
1229 1537 1353 1608 oedroi
1376 1536 1475 1607 color
1499 1536 1558 1607 cte
1582 1554 1648 1607 son
1672 1552 1757 1607 oon·

583 1654 797 1749 rerumquae
820 1655 931 1728 dieat:
956 1653 1086 1728 deinde
1111 1653 1333 1748 immediate,
1350 1653 1435 1728 visis
1454 1652 1636 1748 suppliciis
1654 1652 1758 1727 dnm-

583 1781 756 1851 natorum
792 1773 1014 1848 aeternaliter
1042 1773 1081 1871 in
1108 1772 1264 1865 lnierno,
1294 1772 1428 1846 ducam
1460 1778 1499 1848 te
1523 1791 1588 1867 per
1613 1772 1757 1867 Purga-

584 1894 734 1988 torium,
761 1893 823 1986 qui
849 1893 952 1967 locus
977 1898 1032 1965 est
1057 1877 1268 1985 temporalis
1289 1897 1327 1964 et
1350 1890 1491 1984 finitus3
1519 1892 1617 1965 unde
1632 1891 1669 1964 in
1687 1891 1759 1967 line

584 2012 792 2109 Purgatorii
825 2011 910 2085 dieit
944 2010 1020 2104 ipse
1054 2009 1225 2106 Virgilius
1255 2009 1388 2102 autori,
1420 2010 1547 2084 volens
1586 2011 1760 2087 resedere

582 2131 631 2207 ab
661 2152 729 2207 eo:
762 2134 796 2204 lo
827 2133 1000 2222 temporat
1028 2133 1133 2223 [uoco
1157 2151 1176 2201 e
1200 2132 1364 2220 reterre,
1398 2132 1524 2203 Veduto
1552 2132 1625 2220 leni,
1647 2133 1757 2221 figito.

585 2252 630 2326 itt
655 2251 737 2325 vide
762 2249 861 2343 quod
887 2251 989 2343 large
1014 2249 1171 2342 appellat
1193 2248 1316 2322 iocum
1334 2267 1483 2323 omnem
1500 2268 1648 2342 poenam
1666 2249 1760 2323 rue

586 2370 730 2467 gatorii,
756 2369 843 2463 quia
869 2369 960 2465 ignis
985 2375 1040 2443 est
1067 2367 1194 2441 ultima
1218 2386 1328 2461 poena
1347 2367 1565 2462 Purgatorii,
1591 2368 1662 2441 sub
1685 2389 1759 2461 qua

587 2496 673 2563 sunt
697 2496 831 2563 oeterae
850 2509 981 2583 poenae.
999 2489 1043 2560 Et
1059 2487 1218 2582 assignat
1242 2507 1393 2561 oausam
1419 2506 1536 2579 quare
1561 2495 1647 2561 sunt
1670 2508 1760 2562 con-

586 2611 688 2702 tenti,
708 2603 840 2701 percle
859 2630 990 2700 speron
1015 2611 1052 2680 di
1077 2610 1206 2696 venire,
1232 2609 1374 2697 quatuo
1398 2608 1457 2679 else
1479 2610 1548 2697 sia,
1573 2610 1641 2680 olle
1665 2609 1761 2682 eae

585 2731 693 2818 periti,
718 2727 821 2819 idest,
839 2728 925 2820 quia
951 2732 1109 2820 sperant,
1123 2726 1224 2801 finita
1248 2746 1357 2821 poena
1382 2726 1428 2800 ad
1454 2734 1597 2802 certum
1616 2733 1761 2822 tempus

586 2853 742 2943 purgata
759 2847 878 2940 culpa,
895 2845 1088 2940 pervenire
1114 2845 1161 2919 ad
1183 2844 1357 2920 infinitam
1380 2846 1535 2941 gloriam
1552 2847 1759 2922 beatorum.

587 2966 632 3041 lo
663 2964 757 3039 istud
790 2971 845 3039 est
874 2966 985 3039 etiam
1018 2985 1148 3039 verum
1181 2965 1227 3039 de
1256 2966 1475 3061 Purgatorio
1508 2967 1649 3061 morali,
1675 2967 1761 3061 quia

587 3085 692 3180 positi
715 3086 753 3158 in
777 3085 990 3179 poenitentia
1013 3091 1284 3179 contentantur,
1307 3085 1394 3178 quia
1419 3094 1567 3181 sperant
1586 3107 1652 3181 per
1672 3109 1762 3182 pur·
1883 3117 1887 3126 =

589 3203 775 3301 gationem
803 3204 926 3297 talem,
953 3225 1065 3298 quam
1084 3205 1329 3278 voluntariam
1343 3195 1381 3295 (²)
1408 3205 1543 3299 lerunt,
1569 3207 1762 3300 pervenire

588 3323 735 3399 tandem
775 3323 822 3397 ad
858 3323 1062 3417 perlectum
1101 3330 1237 3398 statum
1276 3324 1431 3418 virtutis,
1456 3332 1495 3400 et
1530 3346 1597 3419 per
1634 3345 1763 3401 conse·

589 3462 708 3537 quens
739 3441 786 3515 ad
817 3441 1090 3515 beatitudinem.
1118 3441 1255 3516 Deinde
1286 3442 1371 3516 dicit
1395 3442 1589 3539 Virgilius:
1615 3445 1762 3519 Beatrix

589 3561 699 3636 ducet
724 3567 760 3635 te
784 3560 830 3634 ad
855 3559 1082 3653 Paradisum,
1108 3560 1137 3633 si
1163 3563 1287 3655 voles,
1314 3562 1411 3636 unde
1436 3562 1531 3656 dicit,
1557 3566 1625 3635 ulle
1654 3565 1762 3654 pout,

591 3678 737 3773 seilicet,
761 3678 809 3752 ad
843 3699 935 3772 quas
964 3685 1092 3773 gentes
1126 3679 1263 3772 beatas,
1286 3683 1360 3771 pot,
1385 3679 1532 3779 scilicet,
1558 3681 1644 3754 visis
1672 3701 1764 3776 gen-

591 3798 688 3874 tibus
717 3797 880 3892 purgatis
912 3798 1161 3891 temporaliter
1192 3799 1228 3871 in
1259 3800 1488 3895 Purgatorio,
1513 3822 1550 3873 se
1577 3808 1613 3875 tu
1639 3805 1764 3876 veras

590 3921 711 4010 salire,
729 3917 815 4011 quia
836 3916 931 3990 bene
956 3918 1104 4011 poteris,
1121 3917 1215 3992 iacta
1239 3920 1487 4012 speculatione
1503 3919 1762 3995 damnatorum

591 4045 629 4113 et
662 4043 917 4134 purgatorum,
947 4039 1067 4109 omma
1095 4040 1148 4130 fia
1178 4059 1202 4110 a
1231 4033 1284 4112 sid
1309 4034 1374 4130 psit
1398 4043 1436 4112 di
1460 4061 1514 4114 me
1538 4042 1666 4131 morto,
1692 4040 1765 4114 soi-

591 4156 675 4233 licet
700 4156 858 4229 Beatrix.
884 4155 928 4229 Et
953 4163 1123 4230 notanter
1146 4156 1233 4231 dieit
1251 4153 1314 4250 ptis
1335 4161 1464 4250 mono,
1481 4159 1567 4253 quia
1592 4166 1648 4236 est
1672 4180 1765 4254 opus

592 4274 793 4370 majoribus
825 4274 903 4368 alis,
934 4296 1047 4368 quam
1078 4276 1212 4352 habeat
1244 4278 1425 4374 Virgilius,
1461 4279 1552 4353 idest
1581 4279 1675 4355 ratio
1700 4300 1766 4353 na-

591 4395 731 4488 turalis,
757 4394 804 4468 ad
829 4395 1025 4469 volandum
1052 4396 1099 4470 ad
1124 4397 1247 4473 locum
1272 4403 1348 4471 tam
1383 4401 1585 4494 excelsum,
1615 4400 1661 4475 de
1689 4419 1766 4492 quo

591 4513 678 4589 nihil
705 4513 874 4588 viderunt
898 4515 1038 4608 antiqui
1068 4517 1191 4612 magni
1222 4518 1422 4612 philosophi
1453 4526 1491 4592 et
1521 4525 1650 4614 poeta.
1681 4519 1767 4595 ldeo

591 4631 815 4705 benedicit:
842 4652 908 4703 eon
933 4636 989 4723 lei,
1014 4634 1148 4708 seilicet
1174 4655 1260 4708 cum
1287 4636 1363 4729 ipsa
1388 4629 1765 4730 satrianensem
1918 4711 1922 4719 .

657 4902 684 4965 (¹)
702 4902 734 4951 Ε.
751 4902 833 4952 causis
848 4905 978 4965 extremis,
995 4918 1072 4967 quam
1089 4909 1115 4954 et
1132 4910 1232 4955 natura.
1420 4904 1447 4966 ρ)
1463 4907 1496 4958 Β,
1511 4907 1665 4958 voluntale.
