4154 6546
778 775 916 830 caurus
941 775 1098 830 uncinus
1123 777 1288 842 oumrus.
1552 767 1621 833 507

444 924 598 1011 comitto,
624 919 729 1014 quasi
754 918 875 994 dicat:
902 919 1011 994 debet
1036 940 1118 994 esse
1144 920 1268 996 valens
1294 927 1332 995 et
1356 921 1543 996 virtuosus
1560 923 1623 1016 qui

447 1039 548 1117 ducit
574 1046 610 1114 te
635 1059 702 1135 per
728 1039 916 1114 infernum
942 1039 1020 1114 sine
1045 1061 1154 1134 poeua
1180 1041 1274 1116 inter
1291 1048 1345 1115 tot
1362 1041 1570 1115 discrimina
1587 1051 1625 1117 et

450 1166 633 1237 tormenta
645 1178 855 1254 poenarum.
869 1158 914 1231 Et
926 1149 962 1249 (¹)
981 1166 1090 1233 autor
1107 1160 1208 1253 pouit
1226 1161 1498 1255 responsionem
1516 1181 1624 1234 suam

448 1279 496 1357 ad
524 1278 732 1373 quaesitum,
759 1284 797 1353 et
825 1277 947 1373 incipit
979 1298 1002 1352 a
1032 1279 1151 1375 longe,
1180 1279 1401 1374 respondens
1432 1279 1552 1375 primo
1577 1279 1625 1353 ad

448 1400 610 1497 primum
635 1398 778 1474 dicens:
804 1401 954 1491 rispuos'
967 1401 1002 1470 io
1028 1402 1088 1490 lui,
1106 1399 1197 1474 idest
1215 1420 1285 1496 ego
1301 1400 1434 1474 bantes
1453 1399 1622 1495 respondi

448 1519 515 1617 ipsi
540 1522 738 1594 Bruuetto:
757 1524 792 1592 to
809 1522 858 1592 mi
875 1522 1024 1592 smamt
1039 1523 1076 1592 in
1096 1541 1168 1592 uno
1189 1524 1291 1611 nolle,
1315 1521 1451 1595 scilicet
1468 1521 1505 1594 in
1522 1521 1623 1616 sylva

449 1639 635 1733 vitiorum,
662 1645 704 1712 ut
719 1629 755 1731 (²)
784 1639 860 1733 ipse
890 1638 1078 1733 proposuit
1111 1639 1148 1712 in
1182 1639 1357 1734 principio
1387 1640 1496 1712 huius
1530 1638 1625 1732 libri,

449 1760 513 1835 ubi
533 1759 644 1834 dixit:
670 1761 730 1832 obe
747 1761 784 1831 lo
801 1760 924 1831 dinuo
945 1760 1003 1830 oia
1020 1779 1084 1830 ero
1099 1763 1283 1851 unorrlto,
1301 1758 1365 1833 sed
1383 1779 1455 1832 nou
1473 1757 1625 1852 perdita,

449 1870 551 1954 ldsu
574 1882 612 1953 di
634 1900 759 1972 sopra,
786 1878 924 1953 scilicet
948 1878 987 1950 in
1013 1879 1151 1954 mundo
1184 1878 1398 1973 viventium,
1430 1882 1468 1951 itt
1493 1882 1530 1950 lo
1554 1881 1626 1952 vito

448 2021 586 2091 mena,
599 2001 645 2074 ad
662 1998 909 2074 differentiam
927 1997 1010 2072 vitae
1028 1999 1233 2073 tenebrosae
1246 2000 1523 2091 damnatorum3
1538 2019 1623 2072 uam

449 2119 487 2194 in
511 2121 577 2194 ista
602 2140 716 2195 arena
737 2124 843 2193 erant
863 2119 1023 2191 llammae
1046 2118 1262 2213 caliginosae,
1284 2141 1357 2193 non
1376 2119 1496 2212 clarae,
1515 2125 1552 2192 et
1569 2118 1625 2192 di-

448 2239 519 2315 cit:
545 2242 667 2311 ooonb'
690 2238 750 2310 cbo
784 2226 874 2309 ceto
902 2240 975 2308 mia
1003 2241 1099 2331 [osse
1118 2242 1239 2331 pono,
1266 2239 1370 2332 quasi
1398 2238 1514 2313 dicat:
1541 2244 1628 2311 ante

451 2364 594 2452 tempus
625 2355 899 2449 adolescentiae,
931 2354 969 2429 iu
1003 2356 1175 2449 pueritia,
1213 2364 1411 2451 antequam
1450 2350 1625 2432 haberem

449 2496 577 2552 veram
612 2475 827 2550 electionem
861 2485 899 2551 et
932 2495 1043 2548 usum
1077 2475 1179 2549 liberi
1208 2475 1360 2569 arbitrii,
1398 2477 1491 2550 sicut
1522 2477 1628 2570 plene

451 2596 656 2693 expositum
683 2600 737 2668 est
763 2594 894 2669 eodem
917 2593 1076 2689 capitulo
1092 2596 1118 2667 l.
1136 2596 1180 2668 Et
1198 2600 1294 2669 tacto
1313 2616 1441 2671 errore
1458 2615 1527 2668 suo
1545 2605 1627 2671 tan-

451 2715 504 2813 git
529 2715 751 2808 evasionem,
778 2712 923 2788 dicens:
944 2735 1018 2807 pur
1033 2715 1096 2805 jer
1114 2717 1273 2806 mutuo,
1291 2715 1427 2790 scilicet
1445 2714 1482 2787 in
1507 2713 1626 2808 prima

451 2833 542 2909 bora
568 2832 651 2926 diei,
679 2832 826 2926 quaudo
851 2835 905 2909 sol
930 2831 1089 2908 intrabat
1113 2834 1275 2928 primum
1294 2841 1473 2929 punctum
1492 2833 1627 2925 arietis,

451 2959 494 3027 ut
519 2952 746 3026 declaratum
772 2958 827 3027 est
853 2952 889 3026 in
916 2953 1046 3028 eodem
1064 2954 1222 3047 capitulo
1239 2955 1265 3046 l,
1284 2955 1347 3027 ubi
1368 2954 1476 3027 dixit:
1501 2959 1626 3045 Tempo

451 3091 516 3146 ero
535 3073 598 3144 dol
606 3074 785 3163 princtpto
802 3072 860 3143 del
875 3074 1031 3162 motttno,
1049 3077 1087 3145 et
1103 3091 1149 3145 ex
1168 3072 1234 3144 ista
1253 3071 1358 3146 litera
1380 3072 1509 3168 collige
1527 3071 1626 3165 quod

451 3197 560 3266 autor
585 3191 683 3263 stetit
707 3210 774 3284 per
800 3189 896 3264 diem
923 3190 960 3263 in
985 3189 1127 3265 iulerno
1142 3213 1151 3262 :
1169 3193 1195 3263 li
1215 3193 1304 3263 volo
1325 3193 1355 3263 le
1379 3194 1502 3282 spolie,
1520 3190 1625 3263 dictae

452 3309 549 3404 valli,
566 3310 652 3403 quia
670 3309 806 3385 scilicet
824 3310 956 3385 recessi
972 3330 995 3384 a
1013 3308 1118 3384 vitiis.
1139 3311 1184 3383 Et
1201 3309 1396 3405 respondet
1420 3310 1467 3383 ad
1492 3330 1625 3384 secuu-

450 3433 540 3507 dum
554 3431 760 3525 quaesitum,
778 3430 920 3504 dicens:
936 3434 1053 3524 quest,
1068 3430 1203 3505 scilicet
1218 3430 1400 3527 Virgilius,
1419 3433 1626 3524 m’oppcrse

451 3553 627 3627 ornando
651 3554 842 3643 loquella,
869 3550 961 3625 idest
995 3571 1056 3626 me
1085 3551 1272 3626 relabente
1303 3551 1339 3624 iu
1366 3551 1465 3625 illam
1492 3553 1623 3627 vallem

451 3673 636 3764 vitiorum,
662 3677 705 3744 ut
730 3670 824 3745 bene
849 3671 1078 3746 declaratum
1102 3678 1157 3746 est
1175 3672 1211 3745 in
1229 3672 1290 3745 illo
1308 3671 1467 3766 capitulo
1485 3673 1510 3766 l,
1528 3694 1547 3744 e
1567 3694 1626 3744 re-

451 3795 584 3869 ducem
608 3813 632 3864 o
657 3781 713 3882 od,
731 3790 821 3866 idest
837 3791 884 3867 ad
901 3792 1089 3867 coelestem
1107 3792 1275 3886 patriam,
1291 3815 1357 3885 per
1384 3800 1500 3886 queso
1525 3797 1626 3885 colle,

452 3910 542 3986 idest
572 3932 638 4005 per
670 3911 776 3986 istam
809 3912 1136 3988 considerationem
1169 3913 1343 3987 vitiorum
1359 3903 1408 4006 (³).
1422 3954 1471 3967 —
1484 3920 1528 3989 ut
1557 3917 1623 3988 elli.

453 4029 517 4103 llic
541 4035 651 4102 autor
676 4030 832 4104 ostendit
857 4032 1042 4125 quomodo
1064 4053 1124 4106 ser
1141 4033 1340 4110 Rrunettus
1365 4033 1475 4108 luerit
1499 4035 1626 4111 horta-

454 4155 512 4223 tus
538 4147 656 4243 ipsum
684 4149 720 4222 in
737 4149 805 4223 isto
824 4150 953 4225 itinere
978 4157 1016 4226 et
1036 4172 1159 4247 opere,
1178 4152 1439 4227 commendans
1460 4154 1540 4228 eius
1558 4154 1625 4229 bo-

453 4290 538 4344 nam
565 4269 803 4363 aptitudinem
830 4271 1048 4366 naturalem,
1082 4271 1179 4346 unde
1209 4272 1318 4347 dicit:
1349 4278 1394 4346 ut
1423 4276 1479 4346 elli
1503 4296 1527 4346 o
1553 4295 1625 4347 ute:

452 4387 586 4464 scilicet
611 4410 671 4464 ser
696 4390 896 4464 Bruuettus
921 4390 1034 4465 dixit:
1061 4400 1096 4464 tu
1112 4413 1184 4465 non
1195 4395 1260 4484 poi
1281 4395 1395 4485 [ullor
1421 4415 1445 4465 o
1468 4398 1625 4486 plorioso

445 4516 565 4600 porto,
592 4506 682 4582 idest
709 4515 748 4582 tu
775 4529 850 4583 non
881 4517 982 4603 potes
1013 4510 1085 4584 lalli
1119 4511 1207 4606 quin
1241 4512 1433 4606 pervenias
1467 4514 1514 4587 ad
1544 4516 1624 4611 glo-

450 4619 591 4702 riosum
615 4627 725 4703 finem
753 4629 789 4702 in
817 4630 956 4705 mundo
982 4632 1149 4725 praesenti
1176 4637 1213 4705 et
1242 4631 1383 4723 loturo,
1408 4654 1446 4706 se
1470 4640 1505 4706 tu
1529 4638 1626 4725 sepul

512 4803 539 4867 (¹)
556 4809 610 4866 llo,
626 4806 677 4857 llio
693 4811 778 4857 autor.
1127 4807 1153 4868 (¹)
1170 4807 1200 4857 ll.
1218 4812 1248 4858 ut
1264 4809 1410 4872 preposuit

510 4878 537 4941 (b
554 4880 585 4930 E.
602 4882 734 4944 vitiorum,
751 4887 780 4933 ul
797 4883 861 4935 beno
877 4884 1037 4935 declaratum
1054 4889 1093 4934 est
1110 4883 1137 4934 in
1154 4884 1201 4934 lllo
1219 4890 1297 4936 oculu
1313 4885 1407 4950 primo.
1417 4887 1493 4936 -Et
1507 4888 1559 4938 olli.
