4154 6546
447 750 517 816 480
616 789 618 792 ·
843 760 1046 817 comuntur
1071 762 1222 816 manuni

446 906 684 1001 propositum.
698 945 747 959 -
759 911 792 978 Ε
814 909 901 997 puel.
927 906 992 979 llic
1008 912 1116 979 autor
1137 905 1238 1001 ponit
1255 905 1528 1000 responsionem
1545 902 1617 979 Ca.-

446 1025 574 1120 panaei,
592 1031 629 1099 et
645 1024 739 1103 bene
756 1023 859 1119 lingit
875 1023 973 1117 quod
990 1023 1203 1119 Capanaeus,
1224 1043 1298 1097 nou
1316 1022 1524 1117 requisitus,
1540 1017 1616 1098 'non

446 1144 694 1237 interrogatus
720 1141 913 1236 respondet
934 1149 1008 1216 tarn
1027 1142 1196 1236 superbe,
1222 1147 1298 1217 tam
1316 1141 1466 1235 furiose,
1491 1147 1533 1213 ut
1548 1159 1616 1235 per

446 1263 515 1336 boc
540 1262 706 1335 ostendat
730 1262 810 1336 eius
840 1262 1088 1356 impatientem
1115 1261 1302 1336 insaniam.
1336 1260 1429 1335 Dicit
1459 1280 1617 1356 ergoze

448 1383 526 1471 puel
548 1383 732 1471 nudesmo,
757 1380 893 1454 scilicet
914 1380 1124 1475 Capanaeus,
1142 1383 1202 1453 clu
1225 1383 1325 1473 sepit
1351 1388 1492 1452 amoro
1517 1380 1569 1451 clt
1581 1381 1617 1452 in

447 1501 663 1571 dimuudooa
686 1501 714 1571 tt
736 1502 806 1570 mab
830 1501 921 1571 duca
945 1501 983 1571 di
1007 1501 1067 1588 lui,
1099 1490 1229 1589 quiid:
1257 1502 1292 1570 io
1321 1519 1387 1570 son
1418 1501 1470 1570 nt
1501 1504 1617 1571 morlo

448 1621 532 1711 quat
539 1621 593 1711 lui
609 1622 700 1709 otoo,
718 1618 822 1710 quasi
835 1617 948 1691 dicat:
974 1637 1055 1713 ego,
1073 1631 1185 1710 quem
1209 1624 1249 1690 tu
1275 1638 1385 1692 vocas
1401 1617 1618 1712 despectuo-

449 1759 544 1830 sum,
562 1758 644 1810 sum
663 1737 758 1809 illius
783 1736 845 1810 alti
871 1736 983 1809 animi
1004 1742 1132 1809 contra
1150 1737 1316 1811 homines
1336 1744 1375 1810 et
1393 1735 1493 1829 deos,
1511 1734 1618 1809 cuius

449 1857 501 1930 fui
519 1857 555 1929 in
572 1856 656 1949 vita,
675 1856 758 1930 licet
782 1855 915 1930 fuerim
941 1856 1152 1930 fulminatus
1176 1857 1224 1931 ob
1241 1855 1452 1951 superbiam
1479 1874 1615 1929 meam.

448 1977 493 2050 Et
515 1994 581 2069 per
605 1974 675 2047 boc
701 1974 863 2069 tangitur
889 1973 1124 2067 implacabilis
1149 1974 1244 2048 furia
1271 1974 1361 2068 talis,
1385 1974 1449 2067 qui
1474 1973 1619 2068 penitus

448 2099 652 2189 prostratus
669 2099 706 2167 et
723 2093 883 2167 deiectus
900 2093 946 2166 ad
964 2100 1102 2166 terram
1119 2093 1240 2166 adbuc
1257 2093 1420 2186 loquitur
1438 2092 1618 2187 superbe;

449 2218 486 2286 et
502 2212 601 2285 addit
617 2213 818 2305 Capanaeus
835 2211 949 2306 peius,
967 2210 1053 2304 quia
1070 2210 1177 2284 dicit:
1196 2210 1295 2304 quod
1312 2211 1342 2285 si
1360 2211 1499 2306 Jupiter
1521 2211 1618 2286 ultra

450 2331 616 2404 flammas
643 2351 726 2423 quae
751 2329 886 2404 cadunt
911 2349 1022 2423 super
1048 2349 1148 2422 eum,
1174 2330 1387 2404 immitteret
1405 2329 1530 2403 omnia
1545 2328 1619 2402 ful·

450 2450 548 2522 mina
562 2449 695 2541 quibus
707 2448 794 2521 olim
813 2447 1049 2541 praecipitavit
1060 2447 1237 2543 gigantes,
1253 2468 1326 2522 non
1343 2454 1464 2542 posset
1481 2446 1619 2522 babere

449 2568 607 2642 debitam
634 2566 809 2639 ultionem
835 2565 881 2638 de
910 2585 955 2638 eo
977 2559 1025 2656 (¹).
1058 2565 1112 2639 bd
1143 2567 1241 2659 quod
1277 2573 1362 2641 nota
1394 2566 1493 2660 quod
1524 2566 1621 2640 sicut

451 2686 636 2759 linxerunt
660 2704 788 2758 omnes
814 2689 930 2777 poetae
956 2684 1120 2779 gigantes
1150 2688 1224 2760 nati
1249 2708 1296 2762 ex
1329 2694 1428 2762 terra
1454 2688 1619 2762 volentes

451 2803 623 2878 invadere
649 2803 785 2875 coelum
802 2808 839 2876 et
857 2802 999 2895 eripere
1017 2823 1173 2897 regnum
1191 2806 1270 2879 Jovi
1289 2797 1619 2899 (²),accun1ularo-

452 2929 538 2995 runt
563 2929 725 2995 montcm
752 2941 862 3015 super
888 2927 1062 3014 montem,
1088 2929 1126 2996 et
1149 2922 1238 2995 durn
1264 2924 1463 3000 ascendere
1486 2923 1619 3020 coepis·

451 3048 531 3117 sent
555 3042 694 3136 Jupiter
719 3042 834 3114 iratus
858 3041 1062 3115 fulminavit
1086 3061 1214 3117 omnes
1242 3033 1291 3136 (³),
1318 3054 1355 3138 et
1379 3042 1619 3138 praecipitavit

450 3167 616 3234 mortuos
641 3160 687 3234 ad
711 3167 861 3234 terram.
889 3158 958 3232 Sed
989 3159 1053 3253 qui
1084 3166 1168 3233 sunt
1202 3160 1257 3233 isti
1292 3163 1485 3257 ffl'gantesf
1509 3162 1621 3238 Certe

451 3287 536 3353 sunt
555 3278 713 3373 superbi,
731 3284 906 3372 potentes,
928 3277 991 3369 qui
1009 3278 1140 3351 merito
1157 3278 1331 3353 dicuntur
1346 3302 1393 3356 ex
1413 3289 1514 3356 terra
1534 3280 1621 3375 nati,

451 3398 537 3492 quia
558 3398 644 3471 nibil
669 3398 823 3490 sapiunt,
841 3397 928 3469 nibil
946 3402 1117 3488 quaerunt
1142 3399 1200 3471 rel
1225 3407 1357 3473 curant
1377 3400 1444 3473 nisi
1461 3407 1620 3476 terrena

451 3517 510 3590 lsti
523 3517 798 3590 accumulantes
814 3522 975 3589 montem
992 3535 1102 3609 super
1121 3523 1297 3611 montem,
1311 3518 1401 3592 idest
1417 3519 1621 3613 potentiam

452 3657 563 3731 super
594 3635 804 3738 potentiam,
835 3640 872 3709 et
903 3641 1040 3707 terram
1074 3654 1185 3728 super
1217 3642 1354 3709 terram
1389 3643 1620 3732 praesumuut

452 3764 579 3831 contra
596 3757 728 3848 Deum,
748 3755 882 3828 scilicet
907 3754 1025 3848 ipsum
1045 3753 1210 3848 negando
1228 3743 1266 3847 (ἢ
1284 3762 1321 3829 et
1338 3755 1618 3832 contemnendo.

453 3875 536 3949 ldeo
563 3874 655 3948 bene
672 3873 874 3946 Macrobius
891 3873 999 3945 Libro
1016 3871 1262 3946 Saturnalium
1281 3873 1389 3948 dicit:
1415 3878 1500 3967 quid
1521 3878 1622 3951 atiud

452 3994 622 4065 credimus
650 3993 808 4080 pipuutes
836 3993 954 4082 fuisse,
991 3992 1058 4061 uici
1089 3993 1278 4081 mumdum
1307 3995 1452 4084 impium
1484 4001 1620 4085 penten

452 4113 535 4183 deos
559 4117 759 4198 nepotalem:
784 4108 883 4181 unde
908 4109 1104 4203 Propheta:
1136 4112 1240 4182 mute
1262 4112 1425 4202 uutptuu
1449 4114 1488 4184 in
1511 4113 1621 4186 corde

452 4250 516 4302 suo
540 4250 612 4300 non
636 4236 686 4301 est
709 4233 815 4319 neus,
841 4227 935 4301 sicut
960 4233 1058 4302 recte
1083 4227 1225 4302 dicebat
1256 4230 1456 4323 Capanaeus
1475 4221 1531 4324 (⁵);
1557 4230 1622 4307 sed

453 4351 593 4445 Jupiter
618 4348 822 4422 fulminavit
846 4367 934 4439 e0s3
960 4368 1045 4421 nam
1072 4348 1211 4422 fulmen
1238 4348 1372 4445 figurat
1396 4350 1621 4446 superbiam,

455 4479 495 4544 ut
519 4471 656 4545 dictum
682 4476 737 4543 est
762 4489 871 4563 supra
897 4467 1054 4562 capitulo
1077 4468 1164 4561 Vlll,
1190 4476 1227 4543 et
1250 4469 1348 4543 Deus
1365 4458 1469 4565 punit
1492 4489 1624 4567 super-

517 4683 544 4746 (¹)
560 4684 590 4734 E.
607 4683 638 4731 de
654 4685 717 4746 ipso.
902 4682 930 4745 (⁸)
945 4683 976 4732 ll.
993 4683 1039 4746 lpsl
1055 4683 1121 4734 Jori.
1308 4681 1335 4747 (η
1351 4683 1382 4733 Β,
1397 4695 1450 4733 000,

516 4757 543 4819 (⁸)
560 4759 590 4807 E.
607 4759 731 4822 negando,
748 4758 945 4823 blasphemando
961 4764 988 4809 ct
1003 4757 1200 4810 contemnendo.

518 4834 544 4896 (¹)
561 4834 590 4884 R
608 4835 654 4883 istc
670 4834 814 4897 &pauens
