4154 6546
455 776 525 851 326
844 787 1046 847 cuuumuu
1072 785 1222 846 rursum

451 939 550 1034 quod
582 936 671 1014 tales
704 945 800 1011 stant
831 937 867 1010 in
902 936 1055 1011 vallibus
1080 934 1282 1012 fortissimis
1307 933 1402 1010 inter
1427 930 1621 1009 altissimos
1757 912 1763 922 ⁴

449 1067 604 1153 montes,
640 1058 736 1132 unde
769 1077 840 1130 non
875 1065 1026 1151 possunt
1038 1050 1076 1148 (¹)
1101 1057 1222 1131 divelli
1252 1056 1375 1149 aliqua
1409 1055 1478 1130 via.
1514 1056 1620 1129 Nunc

449 1202 539 1277 orgo
569 1180 616 1254 ad
645 1178 871 1274 propositum
897 1178 978 1252 diro
1003 1178 1102 1271 quod
1125 1185 1235 1252 antor
1260 1179 1386 1251 volens
1410 1176 1620 1251 describere

450 1301 560 1373 situm
586 1306 623 1373 et
648 1299 805 1372 sormam
831 1297 1085 1391 sepulcrorum
1106 1297 1294 1390 inquibus
1319 1297 1524 1391 puniuntur
1545 1299 1621 1370 hae-

449 1421 562 1514 retici,
597 1418 783 1514 praemittit
816 1417 908 1490 duas
941 1417 1242 1512 comparationes,
1277 1417 1500 1492 utbreviter
1525 1417 1621 1509 dicit,

449 1540 549 1633 quod
582 1544 683 1614 tanta
717 1543 797 1613 erut
830 1535 1024 1611 multitudo
1058 1543 1096 1611 et
1127 1536 1286 1612 varietas
1311 1537 1566 1631 sepulcrorum
1582 1527 1619 1628 (²)

450 1660 510 1753 ibi,
537 1666 674 1753 quauta
700 1665 755 1732 est
778 1657 876 1752 apud
896 1657 1079 1731 civitatem
1096 1657 1252 1731 Arelatae
1270 1656 1307 1730 in
1323 1656 1510 1751 provincia
1527 1657 1621 1731 Nar-

450 1778 601 1853 bonensi
627 1786 664 1852 et
687 1778 785 1872 apud
811 1777 994 1852 civitatem
1012 1777 1107 1851 Polae
1133 1776 1169 1848 in
1195 1775 1343 1850 Histria:
1366 1775 1475 1849 modo
1492 1775 1619 1850 ordina

450 1899 593 1973 literam
614 1898 683 1972 sic:
700 1901 714 1969 i
736 1900 884 1989 sepulcri
896 1901 1047 1990 soceuuu
1062 1888 1134 1969 cosi
1151 1901 1234 1968 tutto
1249 1897 1277 1968 il
1292 1898 1391 1969 luooo
1407 1915 1511 1986 ouro,
1529 1894 1620 1969 idest

449 2018 595 2094 varium
622 2017 879 2110 diversimode;
905 2016 999 2091 siout
1023 2016 1125 2091 varia
1150 2022 1207 2091 est
1230 2015 1420 2090 diversitas
1441 2015 1621 2110 colorum,

449 2140 555 2231 quivi,
585 2136 720 2210 scilieet
750 2136 845 2209 intra
876 2141 914 2211 et
942 2157 1057 2231 prope
1086 2156 1238 2210 murum
1270 2135 1372 2209 istius
1401 2135 1565 2229 civitatis,
1590 2127 1622 2207 si

448 2279 558 2347 come,
583 2257 710 2350 supple
735 2255 883 2349 iaciunt,
914 2258 964 2329 ud
992 2258 1080 2329 Arh‘.
1119 2256 1189 2329 lsta
1223 2254 1349 2330 civitas
1380 2260 1436 2329 est
1467 2254 1502 2328 in
1535 2275 1623 2350 pro-

451 2377 568 2451 vincia
594 2376 830 2469 Narbonensi,
845 2395 928 2468 quaa
946 2375 1133 2450 literaliter
1148 2374 1281 2448 dicitur
1297 2374 1454 2448 Arelatae
1470 2375 1539 2450 sita
1556 2396 1621 2449 su-

451 2518 517 2591 per
550 2496 726 2570 Rhodano
755 2497 864 2592 longe
894 2495 942 2569 ab
967 2495 1144 2570 hvinione
1176 2497 1270 2570 sorte
1294 2516 1361 2590 por
1386 2501 1461 2569 tres
1485 2496 1621 2588 leucas,

451 2617 553 2690 iuxta
580 2635 693 2708 quam
719 2621 775 2688 est
800 2614 961 2688 maxima
987 2615 1182 2689 multitudo
1199 2636 1371 2689 arcarum
1389 2615 1618 2690 diversarum

451 2735 670 2828 turmarum,
683 2735 729 2809 de
742 2735 876 2828 quibus
888 2735 1020 2809 dicitur
1037 2736 1294 2830 communiter,
1308 2737 1406 2830 quod
1419 2736 1505 2810 olim
1524 2742 1619 2810 tem·

450 2875 541 2950 pore
565 2855 685 2929 Caroli
710 2855 833 2950 magni
859 2855 953 2929 iaetu
979 2854 1026 2927 ibi
1053 2876 1187 2951 magno
1213 2857 1382 2930 conflictu
1404 2857 1498 2931 inter
1515 2856 1620 2930 Chri·

451 2976 585 3050 stianos
611 2983 648 3049 et
672 2975 885 3069 Saracenos,
903 2975 1026 3048 multis
1045 2975 1218 3068 utrinque
1233 2977 1434 3071 prostratis,
1455 2977 1619 3051 volentes

449 3095 638 3170 Christiani
660 3098 871 3192 superstites
888 3118 935 3172 ex
955 3098 1088 3193 pietate
1105 3097 1259 3191 sepelire
1277 3118 1433 3193 oorpora
1450 3119 1618 3192 suorum,

451 3224 676 3315 rogaverunt
707 3218 825 3293 Deum
858 3225 900 3292 ut
928 3220 1135 3299 ostenderet
1168 3219 1220 3293 eis
1244 3219 1465 3293 Christianos
1490 3219 1554 3312 qui
1581 3218 1617 3291 in

449 3344 550 3411 tanta
574 3337 721 3411 eomuni
753 3343 875 3434 strage
901 3359 974 3412 non
999 3338 1301 3413 discernebantur
1325 3339 1372 3413 ab
1398 3338 1620 3430 infidelibus3

448 3467 486 3534 ot
517 3459 691 3533 oontinuo
723 3478 834 3552 super
865 3459 1027 3552 quolibet
1061 3460 1265 3534 Christiano
1296 3459 1465 3555 appamit
1488 3458 1619 3532 cedula

447 3578 610 3652 indicans
636 3577 717 3672 quis
742 3577 802 3650 ille
827 3585 934 3672 esset,
954 3585 991 3653 et
1011 3579 1062 3652 sio
1078 3579 1244 3653 iecerunt
1261 3580 1468 3673 sepulturas
1486 3598 1618 3672 parvas

450 3704 487 3773 et
511 3718 664 3793 magnas
688 3697 891 3771 secundum
917 3697 1137 3793 exigentiam
1160 3699 1340 3793 cuiusque
1353 3689 1407 3789 (³).
1425 3697 1496 3772 Sed
1514 3696 1621 3791 quid-

448 3819 536 3913 quid
570 3819 713 3892 dieatur
736 3818 847 3892 oredo
873 3817 971 3911 quod
997 3820 1065 3892 hoo
1091 3819 1136 3893 sit
1161 3841 1299 3894 vanum
1326 3826 1363 3894 et
1392 3819 1626 3921 fabulosump

449 3947 487 4013 et
511 3939 622 4013 eredo
642 3937 740 4032 quod
758 3945 838 4012 erat
855 3958 901 4011 ex
919 3940 1183 4015 consuetudine
1200 3942 1326 4035 patriae
1347 3940 1500 4035 sepelire
1516 3959 1619 4012 mor·

449 4066 544 4151 tuos,
561 4059 655 4131 sieut
671 4057 744 4130 vidi
768 4057 866 4151 apud
890 4058 979 4132 alias
1005 4060 1139 4133 multas
1166 4067 1283 4135 terras
1309 4059 1528 4153 inpartibus
1551 4058 1619 4132 illis

448 4179 531 4253 licet
557 4199 629 4252 non
656 4178 692 4251 in
718 4185 817 4252 tanta
844 4177 1085 4254 multitudine.
1113 4180 1183 4254 Sed
1209 4181 1303 4253 sorte
1326 4180 1397 4253 hoo
1426 4186 1506 4253 erat
1532 4179 1620 4273 quia

447 4300 594 4374 Arelate
619 4305 674 4373 (st
698 4299 948 4391 antiquissima
974 4300 1111 4393 civitas,
1137 4308 1174 4373 et
1199 4299 1266 4373 luit
1290 4299 1485 4394 aliquando
1510 4307 1621 4395 eaput

447 4422 562 4517 regni,
580 4420 674 4494 sieut
701 4420 771 4493 vidi
797 4427 963 4515 tempore
986 4420 1121 4495 Urbani
1139 4420 1266 4514 quinti,
1285 4419 1383 4514 quod
1401 4407 1439 4512 (⁴)
1465 4419 1618 4494 Carolus

448 4541 646 4615 modernus
669 4540 868 4634 imperator
884 4541 1035 4617 accessit
1060 4541 1107 4615 ad
1132 4542 1237 4615 istam
1263 4541 1446 4615 civitatem
1473 4547 1510 4614 et
1535 4540 1619 4614 lecit

446 4680 486 4734 se
517 4661 686 4735 coronari
719 4681 845 4756 regem
870 4662 1120 4735 Arelatensem
1148 4661 1249 4734 iuxta
1276 4656 1505 4734 Rhodanum.
1532 4659 1617 4733 ldeo

510 4832 536 4893 (¹)
553 4831 583 4880 E.
600 4844 652 4880 non
669 4832 773 4892 possint.
1033 4829 1061 4894 (¹)
1076 4832 1106 4882 F„
1123 4833 1307 4896 sepulcrorum
1322 4838 1426 4896 quintu

510 4906 536 4968 (¹)
553 4907 584 4957 E.
600 4907 796 4972 cuiuscumque.
1034 4909 1061 4972 (⁸)
1077 4909 1107 4958 E.
1124 4923 1205 4973 quum
1223 4908 1339 4960 Carolus.
