4154 6546
862 783 1004 845 cnaws
1027 789 1204 856 Qusnrus.
1552 777 1619 849 1³9

447 930 572 1012 anian
606 936 722 1033 tangit
746 942 855 1010 autor
888 955 974 1010 cum
1004 935 1111 1010 dicit:
1141 954 1216 1008 aaa
1244 955 1335 1008 coeo
1356 939 1491 1028 picoto,
1518 939 1621 1031 quasi

447 1054 554 1149 dicut,
567 1055 627 1129 bic
638 1047 676 1147 (¹)
692 1074 765 1129 non
782 1061 863 1130 erat
878 1055 1027 1149 proprie
1042 1074 1149 1150 pena,
1167 1055 1253 1148 quia
1271 1056 1437 1149 planctus
1455 1057 1621 1149 sequitur

446 1177 493 1253 ad
516 1194 651 1273 penam
677 1183 715 1250 et
734 1176 911 1268 dolorem,
930 1196 990 1248 mo
1005 1178 1066 1248 alte
1081 1177 1120 1248 di
1134 1179 1277 1268 sospiti,
1296 1175 1400 1269 idest,
1417 1177 1484 1249 nisi
1501 1177 1620 1271 suspi-

447 1298 588 1372 riorum
602 1287 654 1389 (¹),
680 1296 768 1392 quia
793 1294 989 1389 suspirium
1015 1285 1232 1387 sequitur(³)
1258 1294 1304 1369 ad
1325 1295 1557 1369 desiderium.
1577 1282 1620 1367 lit

339 1460 341 1463 ·
448 1416 563 1514 tangit
594 1414 882 1512 magnitudinem
914 1415 1155 1509 suspiriorum
1188 1435 1274 1489 cum
1305 1415 1402 1509 dicit,
1432 1418 1504 1507 ebe,
1529 1415 1621 1491 idest

449 1556 534 1631 que
548 1534 714 1630 suspiria,
724 1539 853 1628 scama
868 1525 1003 1608 temer
1019 1535 1129 1608 tona
1147 1543 1289 1628 eterno3
1307 1533 1392 1609 nam
1411 1536 1448 1609 in
1466 1536 1626 1631 suspirio·

450 1661 622 1733 moretur
639 1673 704 1729 aer
720 1659 871 1749 propter
894 1653 1127 1729 emissionem
1153 1655 1249 1728 aeris
1275 1674 1321 1729 ex
1345 1656 1530 1751 pulmone.
1558 1656 1622 1729 llic

450 1796 542 1874 ergo
566 1774 771 1850 necessario
784 1763 822 1866 (⁸)
848 1779 928 1848 erat
951 1790 1086 1868 magna
1113 1773 1284 1868 impulsio
1303 1775 1515 1870 acris,'quia
1540 1777 1622 1870 plu·

451 1897 545 1970 mma
570 1901 608 1969 et
631 1914 766 1990 magna
791 1898 898 1967 erant
927 1893 1080 1986 suspiria
1096 1884 1144 1984 (⁵).
1170 1892 1215 1965 Et
1244 1893 1339 1987 dicit,
1370 1902 1502 1984 eterna,
1535 1895 1621 1986 quia

451 2017 507 2091 isti
531 2014 744 2091 eternaliter
768 2013 1038 2108 permanebunt
1063 2013 1121 2086 lrie
1146 2012 1183 2086 in
1209 2013 1277 2087 isto
1302 2014 1425 2088 limbo.
1451 2014 1496 2087 Et
1512 2014 1619 2088 dicit:

449 2138 599 2213 mondo
622 2138 683 2209 cte
701 2154 771 2228 per
794 2137 982 2224 ascolture,
999 2133 1086 2226 quia
1111 2152 1178 2228 per
1203 2134 1369 2209 auditum
1397 2138 1507 2210 bomo
1537 2155 1622 2230 per-

451 2256 535 2352 cipit
559 2254 850 2352 magnitudinem
876 2255 934 2328 vel
955 2250 1171 2349 parvitatem
1188 2254 1333 2331 doloris.
1352 2257 1415 2330 Vel
1437 2257 1506 2330 boc
1526 2255 1621 2346 dicit,

452 2377 634 2473 quiahoc
660 2394 733 2450 non
758 2372 915 2449 babetur
941 2373 1006 2447 nisi
1032 2393 1099 2468 per
1123 2374 1301 2470 auditum,
1331 2377 1476 2470 scilicet,
1502 2375 1621 2449 fldem.

452 2498 497 2573 bt
520 2494 641 2572 subdit
666 2495 766 2570 unde
789 2494 1037 2590 procedebant
1060 2495 1127 2567 ista
1158 2496 1311 2590 suspiria
1341 2496 1487 2570 dicens:
1514 2516 1533 2568 e
1557 2489 1622 2585 eid,

451 2618 552 2711 idest,
571 2616 641 2692 boc
667 2615 766 2708 quod
782 2614 922 2688 dictum
942 2620 1009 2707 est,
1027 2618 1175 2687 avocato
1190 2617 1228 2688 di
1243 2618 1328 2688 duct
1344 2636 1453 2687 seruo
1471 2618 1622 2704 aratu,

452 2734 554 2830 idest,
579 2755 627 2810 ex
652 2734 781 2809 dolore
804 2733 883 2806 sine
901 2751 1008 2827 pena,
1025 2735 1085 2805 elec
1098 2737 1164 2826 fon
1182 2737 1212 2807 le
1227 2735 1337 2825 oete,
1354 2737 1503 2807 ct'eron
1519 2738 1624 2806 molto

453 2858 584 2946 prottdi
608 2856 795 2948 diescat,
819 2853 912 2927 idest
935 2855 1177 2948 parvulorum
1203 2855 1449 2948 innocentum,
1476 2858 1549 2927 edi
1568 2859 1623 2948 se-

455 2979 546 3049 raitae
568 2997 588 3049 e
611 2977 650 3048 di
674 2977 755 3063 oiri,
780 2973 872 3047 idest
895 2981 971 3048 tam
998 2973 1163 3047 virorum
1190 2995 1302 3067 qnam
1329 2975 1539 3067 mulierum,
1565 2975 1621 3048 vel

453 3095 674 3171 leoninarum
695 3097 733 3168 et
751 3089 916 3166 virorum
942 3092 1149 3186 illustrium,
1177 3100 1219 3166 nt
1242 3094 1335 3166 inira
1361 3095 1623 3188 patebit-la

454 3219 555 3289 baon
581 3214 647 3287 llic
668 3218 779 3286 autor
792 3200 830 3303 (⁸)
848 3210 1150 3306 explicatapena,
1169 3231 1266 3295 nnnc
1284 3212 1440 3307 explicat
1459 3213 1625 3305 quisunt

456 3335 512 3410 icti
541 3332 689 3429 spiritam
718 3338 756 3406 et
784 3350 935 3406 causam
966 3332 1208 3405 damnationis
1240 3351 1384 3425 eorum,
1416 3332 1560 3406 dicens:
1591 3336 1625 3403 lo

454 3456 546 3530 buon
568 3451 769 3526 mamaea
799 3472 867 3542 otc,
892 3453 1031 3546 supple,
1057 3453 1227 3548 Virgilius
1251 3453 1341 3557 dixit
1370 3453 1470 3546 mihi,
1496 3461 1531 3527 tu
1555 3475 1624 3525 nore

452 3574 610 3650 mundi
632 3575 695 3647 cte
717 3575 832 3665 spiriti
856 3592 923 3645 sou
946 3575 1056 3665 questi
1075 3574 1135 3645 ebe
1158 3580 1194 3646 ta
1211 3576 1300 3664 aedi,
1318 3573 1424 3666 quasi
1449 3573 1565 3648 dicat:
1585 3582 1623 3645 tu

453 3691 608 3791 petebas
632 3693 802 3789 superius
831 3698 907 3767 tarn
943 3692 1070 3766 leobae
1100 3693 1146 3766 de
1176 3693 1369 3767 animabus
1403 3712 1624 3788 pravorum3

454 3835 552 3891 nunc
576 3833 668 3888 vero
693 3832 766 3887 non
791 3813 884 3907 petis
908 3811 955 3886 de
979 3812 1172 3885 animabus
1196 3812 1403 3905 illustrium,
1421 3814 1468 3888 de
1493 3812 1625 3907 quibas

453 3934 564 4012 debes
589 3933 761 4009 libentius
785 3933 881 4006 velle
904 3932 1063 4006 audiret
1088 3932 1186 4007 unde
1203 3932 1288 4006 dicit
1304 3933 1573 4008 sentencialiter
1587 3924 1622 4023 (⁷)

455 4056 552 4150 qood
576 4054 690 4149 aliqui
713 4073 859 4146 eorum,
885 4051 948 4145 qui
965 4059 1052 4125 sunt
1068 4052 1126 4126 bic
1142 4053 1259 4146 positi,
1276 4073 1350 4125 non
1368 4058 1624 4147 peccaverunt,

456 4182 495 4251 et
516 4182 641 4272 umen
668 4195 741 4249 non
761 4179 847 4247 sunt
863 4173 954 4246 salvi
971 4192 1018 4246 ex
1036 4172 1180 4246 delectu
1196 4163 1232 4265 (ὅ)
1251 4173 1441 4266 baptismi:
1459 4175 1518 4248 alii
1537 4194 1625 4246 vero

518 4379 546 4443 (¹)
561 4381 592 4433 lt.
608 4380 664 4432 bato
680 4395 731 4432 oon
746 4385 812 4431 crat.
1139 4381 1165 4439 (¹)
1182 4380 1207 4430 S.
1224 4381 1394 4443 suspiriorum
1412 4394 1471 4430 cum
1488 4381 1558 4438 dicit,
1575 4382 1625 4428 etr.

518 4456 544 4519 ι’)
559 4454 589 4508 li.
599 4445 723 4520 'martur
738 4455 902 4506 desiderlum.
1140 4455 1164 4514 ,dl
1182 4455 1212 4504 E.
1228 4457 1370 4506 noccuarla
1387 4462 1451 4505 erat.

517 4534 545 4596 τ’)
558 4534 582 4585 ΙΙ
599 4537 646 4585 tro
661 4532 806 4597 ηςίιιιιςιιι
822 4534 889 4584 aient
904 4548 918 4581 a
935 4533 1014 4583 simili
1031 4534 1118 4583 scribit
1135 4533 1221 4585 Livius
1234 4537 1262 4582 et
1273 4533 1400 4592 Valerios,
1412 4533 1482 4597 quod
1493 4548 1554 4584 rum
1563 4533 1627 4584 Fla-

454 4610 551 4662 minius
564 4608 661 4660 comm
676 4623 799 4660 romanos
816 4609 843 4658 ln
859 4608 957 4658 Gracia
975 4622 1117 4658 consonans
1134 4610 1184 4667 (sic)
1201 4608 1303 4658 recuset
1319 4610 1485 4672 praenuntiari
1499 4623 1544 4672 per
1559 4624 1625 4672 prar-

455 4700 548 4739 cooem
563 4699 655 4738 omncs
671 4685 780 4750 populos
797 4685 902 4736 Gracia
915 4685 971 4736 sore
983 4685 1087 4744 liberos,
1100 4691 1186 4735 tantm
1197 4685 1353 4736 vociferatus
1362 4699 1394 4736 ox
1404 4685 1536 4736 alacritate
1546 4686 1627 4736 iactus

456 4769 503 4822 est,
521 4761 664 4827 quodam
680 4761 790 4824 &super
805 4760 922 4812 solantes
938 4761 1086 4811 occiderunt
1103 4774 1134 4809 ex
1153 4772 1213 4810 aero
1234 4761 1265 4811 ad
1282 4767 1388 4811 terrant.
1398 4761 1431 4812 Bt
1449 4760 1519 4821 dicit,
1533 4769 1625 4810 «aare.

518 4835 586 4899 (¹18.
601 4836 653 4889 lle
666 4842 744 4888 antor
759 4838 872 4901 upllcat
886 4839 932 4901 qul
948 4843 1015 4887 sunt.
1141 4838 1167 4896 lit
1185 4842 1238 4898 lit,
1255 4839 1376 4889 dualiter.

518 4912 545 4975 (¹)
562 4908 615 4975 ira,
631 4913 735 4966 meto
751 4913 818 4966 ildal.
834 4912 909 4966 Nunc
924 4915 1023 4965 ordina.
