4154 6546
453 805 525 874 366
842 818 1045 877 commun
1069 819 1219 876 ττττιτττττι

451 963 509 1037 vel
541 982 607 1056 per
638 962 724 1056 vim,
756 964 815 1037 vel
845 983 910 1058 per
935 964 1123 1058 fraudem3
1149 965 1352 1039 seeundum
1378 971 1434 1039 est
1457 962 1622 1039 deterius

450 1083 580 1175 primo,
598 1083 684 1176 quia
704 1082 744 1154 lit
755 1075 791 1174 (¹)
818 1103 866 1157 ex
891 1084 1079 1159 electione.
1106 1086 1198 1159 Dicit
1222 1105 1335 1181 ergo:
1360 1077 1626 1176 inqiunudeil

447 1204 519 1294 fine
542 1206 577 1276 d
589 1206 675 1293 unni
697 1207 849 1295 madriu,
877 1204 967 1278 idest
992 1207 1111 1279 omnis
1135 1206 1234 1300 mali,
1259 1209 1310 1278 clt’
1323 1209 1462 1299 aquieta
1486 1208 1568 1279 odie
1584 1208 1625 1278 in

449 1326 547 1414 ciete,
579 1323 669 1398 idest
700 1325 798 1419 quod
833 1324 918 1400 iacit
946 1326 1134 1400 hominem
1159 1326 1326 1400 odiosum
1352 1346 1464 1420 penes
1490 1327 1624 1419 Deum,

450 1443 498 1517 ita
525 1443 624 1536 quud
649 1444 761 1517 horno
787 1445 883 1519 male
907 1445 1050 1541 agendo
1076 1445 1160 1520 iacit
1184 1445 1353 1519 iniuriam
1373 1446 1432 1520 vel
1452 1445 1541 1538 lieo,
1561 1444 1623 1519 rel

449 1562 527 1656 sibi,
555 1564 612 1638 vel
637 1563 806 1658 proximu
830 1564 1008 1639 violenter
1026 1566 1086 1639 vel
1100 1556 1137 1656 (²)
1164 1565 1433 1660 fraudulenter3
1451 1565 1549 1640 unde
1566 1565 1623 1639 di-

449 1682 521 1755 eit:
547 1689 580 1755 et
602 1685 687 1774 oqui
707 1685 759 1774 fin
788 1687 892 1775 retal,
917 1683 1010 1759 idest
1035 1684 1154 1757 omnis
1183 1685 1264 1758 talis
1296 1685 1429 1758 iniuria
1455 1685 1622 1779 maliciae,

448 1804 618 1875 contuitu
642 1806 763 1895 dirui,
788 1804 879 1879 idest
905 1806 1013 1881 inlert
1037 1805 1219 1879 tristitiam
1240 1805 1356 1899 alteri,
1382 1827 1405 1878 ο
1430 1827 1497 1879 eon
1512 1809 1622 1900 [εντα

448 1945 562 1996 oron
582 1927 699 2018 frede,
725 1925 817 1999 idest
842 1946 908 2021 per
933 1925 1154 2019 violentiam,
1180 1927 1239 2000 vel
1264 1926 1558 2001 fraudulentiam.
1576 1925 1623 1999 lit

449 2045 571 2118 subdit
596 2066 680 2139 quae
709 2053 764 2119 eet
788 2045 891 2141 peior
916 2065 961 2120 ex
987 2047 1042 2119 his
1067 2046 1220 2140 duabus,
1246 2047 1393 2121 dicens:
1431 2068 1491 2120 mu
1515 2048 1623 2141 [rude

446 2160 509 2256 piri
534 2168 650 2257 ερίαεε
674 2187 698 2237 a
724 2169 793 2238 Dio
812 2167 929 2258 perrd'
946 2162 983 2240 e'e
1002 2169 1153 2259 propnir
1169 2170 1260 2239 maie
1279 2170 1337 2240 del
1349 2187 1444 2258 uum,
1462 2166 1566 2260 quasi
1582 2157 1621 2258 (ἢ

448 2285 555 2379 dieat,
574 2286 660 2380 quia
678 2285 778 2359 lraus
804 2294 859 2360 est
883 2287 1030 2381 propria
1056 2287 1223 2380 hominis,
1241 2287 1305 2361 sed
1325 2287 1379 2360 vis
1401 2293 1456 2360 est
1473 2285 1621 2382 propria

448 2405 605 2479 aliorum
631 2405 857 2499 animalium,
883 2407 968 2501 quia
994 2407 1095 2480 lraus
1113 2427 1185 2481 nun
1208 2406 1248 2479 lit
1265 2407 1342 2482 sine
1360 2407 1512 2500 ratione,
1533 2405 1622 2500 quia

449 2524 489 2598 lit
513 2546 600 2599 eum
625 2525 904 2619 deliberatione3
923 2526 985 2600 sed
1011 2527 1066 2599 vis
1090 2526 1131 2599 lit
1155 2526 1232 2600 sine
1245 2514 1282 2617 (ἢ
1312 2526 1463 2620 ratione,
1490 2533 1532 2599 ut
1554 2545 1623 2620 pu·

450 2649 502 2718 tet
519 2644 554 2716 in
571 2644 699 2737 bnrtis,
725 2666 810 2739 quae
833 2653 1042 2739 sequuntur
1067 2647 1186 2720 sulum
1204 2647 1380 2741 impetum
1399 2646 1619 2720 naturalem.

449 2763 493 2835 Et
510 2764 692 2846 concludit
708 2785 755 2840 ex
773 2766 842 2839 hee
858 2790 867 2837 :
885 2759 1005 2858 ερετὸ
1021 2774 1101 2840 stan
1125 2769 1163 2839 di
1185 2774 1274 2840 sotto
1291 2770 1316 2839 li
1329 2769 1531 2860 fradulenti,
1548 2765 1621 2841 eei·

448 2883 532 2957 licet
563 2884 679 2979 magis
710 2886 819 2980 lunge
849 2906 871 2958 a
905 2886 992 2979 lieu,
1028 2907 1157 2961 versus
1188 2893 1358 2961 eentrum
1390 2887 1427 2959 in
1458 2885 1620 2982 graviori

450 3004 646 3100 supplici03
673 3005 770 3079 unde
795 3006 900 3079 dicit:
925 3028 945 3078 e
964 3002 1028 3099 ριίὶ
1052 3009 1156 3079 nour
1180 3011 1206 3079 li
1229 3011 1357 3098 αεεαὶε,
1375 3006 1466 3082 idest
1482 3006 1621 3080 invadit

449 3146 523 3220 eus,
531 3125 618 3220 quia
630 3125 843 3199 cruciantur
856 3127 986 3200 maiori
998 3147 1107 3221 poena
1120 3134 1158 3200 et
1169 3148 1235 3221 per
1247 3147 1476 3220 consequens
1490 3116 1616 3221 plus(³)

447 3246 706 3320 dolone-nt
729 3250 875 3320 uolenti
897 3247 961 3321 Hic
978 3254 1088 3321 autor
1103 3248 1290 3342 praemissa
1308 3248 1375 3322 ista
1390 3248 1620 3323 distinetione

447 3368 691 3441 violentorum
717 3375 755 3442 et
780 3368 1097 3442 fraudulentarum
1124 3367 1286 3442 declarat
1309 3369 1470 3462 primum
1497 3388 1621 3443 menr-

446 3489 568 3583 brum,
594 3489 816 3563 utbreviter
840 3488 937 3583 dicit,
964 3488 1062 3582 quud
1087 3489 1227 3584 primus
1251 3490 1411 3564 circulus
1435 3488 1620 3586 generalis

446 3608 549 3683 istius
572 3609 725 3683 civitatis
749 3609 911 3683 continet
927 3620 964 3685 et
980 3608 1085 3703 punit
1109 3608 1341 3683 selummodo
1363 3609 1557 3701 violent0e3
1578 3615 1618 3683 el

447 3739 503 3805 est
535 3730 670 3804 divisus
701 3730 738 3803 in
762 3736 848 3824 tree,
875 3728 1077 3804 seeundum
1110 3729 1208 3823 quud
1238 3736 1293 3803 est
1324 3730 1452 3825 triplex
1481 3728 1621 3825 speeies

447 3851 638 3944 violentiae,
651 3851 785 3924 scilieet
797 3857 924 3924 eontra
942 3851 1072 3943 Deum,
1090 3856 1218 3923 eontra
1235 3871 1286 3944 εε,
1300 3858 1427 3924 eontra
1438 3841 1475 3942 (⁶)
1495 3849 1623 3946 proxi-

448 3992 563 4044 munr.
595 3970 688 4043 Dicit
718 3989 832 4065 ergnt
865 3972 897 4042 et
920 3972 1041 4062 prime
1069 3973 1204 4043 certio
1232 3968 1269 4044 de
1297 3979 1380 4044 tutto
1404 3974 1442 4043 n·
1467 3973 1620 4062 veenu,

447 4092 534 4186 quia
559 4090 680 4164 nullus
704 4089 959 4163 fraudulentus
985 4089 1094 4163 habet
1118 4091 1241 4163 lucum
1263 4090 1331 4183 ibi3
1350 4110 1410 4162 mu
1426 4087 1464 4164 e'e
1480 4092 1621 4163 distintu

446 4233 465 4283 e
488 4217 677 4284 constratu
701 4213 737 4281 in
763 4218 816 4283 tre
838 4212 969 4300 quoni,
995 4208 1097 4304 idest,
1116 4210 1179 4283 sed
1193 4200 1230 4303 (⁷)
1252 4208 1320 4284 iste
1340 4211 1482 4304 primus
1498 4210 1620 4285 circu·

446 4333 503 4406 lus
534 4331 715 4428 generalis
746 4331 987 4404 subdividitur
1020 4331 1055 4402 in
1087 4337 1162 4404 tres
1191 4331 1280 4404 alies
1305 4332 1555 4425 particulares,
1581 4337 1621 4406 et

445 4472 532 4527 ecce
563 4473 737 4527 eausam:
763 4448 953 4545 nereidae
974 4455 1015 4545 sa
1036 4456 1146 4545 sorau
1171 4472 1195 4522 u
1221 4458 1274 4524 tre
1294 4472 1457 4544 persorw,
1483 4451 1621 4527 seilicet

507 4717 535 4779 (¹)
552 4721 605 4778 lle,
623 4718 651 4768 lit
668 4732 713 4782 per
730 4719 893 4770 electionem.
986 4735 992 4749 ·
1116 4714 1185 4777 l'lS.
1201 4715 1243 4767 rel
1260 4729 1307 4780 ρετ
1323 4716 1451 4767 fraudem.

507 4793 533 4854 (¹)
550 4796 603 4852 lle,
620 4796 691 4857 quad
707 4796 789 4846 dicat:
807 4796 879 4849 fraus
894 4800 942 4845 est.
952 4821 982 4832 -
992 4793 1019 4843 S.
1035 4794 1107 4857 quasi
1124 4794 1191 4843 dieat
1207 4794 1278 4857 quod
1294 4792 1365 4843 mus
1379 4797 1429 4843 ert.

507 4870 533 4931 (⁸)
551 4873 603 4930 116,
621 4872 674 4921 eine
691 4872 885 4923 deliberatione.
1120 4869 1147 4930 ρ’)
1164 4873 1219 4929 lle,
1232 4869 1331 4920 liabent
1347 4869 1405 4932 plue
1420 4868 1528 4920 deleth.

508 4944 536 5007 ζ’)
553 4945 578 4995 S.
593 4959 610 4996 e
627 4946 657 4996 E.
674 4952 701 4998 et
716 4954 815 4999 contra.
1121 4944 1148 5009 (Ἴ
1165 4950 1211 4999 m
1225 4959 1242 4996 e
1257 4946 1283 4997 S.
1296 4946 1429 4997 'ldeet'iete
1444 4945 1554 5009 mnne.
