<?xml version="1.0" encoding="UTF-8"?>
<!DOCTYPE html PUBLIC "-//W3C//DTD XHTML 1.0 Transitional//EN"
    "http://www.w3.org/TR/xhtml1/DTD/xhtml1-transitional.dtd">
<html xmlns="http://www.w3.org/1999/xhtml" xml:lang="en" lang="en">
 <head>
  <title>
</title>
<meta http-equiv="Content-Type" content="text/html;charset=utf-8" />
  <meta name='ocr-system' content='tesseract 3.04.00' />
  <meta name='ocr-capabilities' content='ocr_page ocr_carea ocr_par ocr_line ocrx_word'/>
</head>
<body>
  <div class='ocr_page' id='page_1' title='image "./comentumsuperda00benvgoog_0442.png"; bbox 0 0 4154 6546; ppageno 0'>
   <div class='ocr_carea' id='block_1_1' title="bbox 639 751 1493 821">
    <p class='ocr_par' dir='ltr' id='par_1_1' title="bbox 639 751 1493 821">
     <span class='ocr_line' id='line_1_1' title="bbox 639 751 1493 821; baseline -0.001 -2"><span class='ocrx_word' id='word_1_1' title='bbox 639 766 777 821; x_wconf 74' lang='lat' dir='ltr'>caurus</span> <span class='ocrx_word' id='word_1_2' title='bbox 803 766 960 820; x_wconf 82' lang='lat' dir='ltr'>nncruns</span> <span class='ocrx_word' id='word_1_3' title='bbox 986 763 1180 818; x_wconf 76' lang='lat' dir='ltr'>succuum.</span> <span class='ocrx_word' id='word_1_4' title='bbox 1423 751 1493 818; x_wconf 81' lang='lat'>393</span> 
     </span>
    </p>
   </div>
   <div class='ocr_carea' id='block_1_2' title="bbox 316 907 1495 3650">
    <p class='ocr_par' dir='ltr' id='par_1_2' title="bbox 316 907 1495 3650">
     <span class='ocr_line' id='line_1_2' title="bbox 321 907 1495 1004; baseline -0.002 -18"><span class='ocrx_word' id='word_1_5' title='bbox 321 915 371 1004; x_wconf 81' lang='lat' dir='ltr'>pli</span> <span class='ocrx_word' id='word_1_6' title='bbox 396 914 502 1003; x_wconf 77' lang='lat' dir='ltr'>occat,</span> <span class='ocrx_word' id='word_1_7' title='bbox 529 911 663 985; x_wconf 89' lang='lat' dir='ltr'>scilicet</span> <span class='ocrx_word' id='word_1_8' title='bbox 688 910 963 1004; x_wconf 78' lang='lat' dir='ltr'>intellectuales,</span> <span class='ocrx_word' id='word_1_9' title='bbox 980 930 1006 981; x_wconf 88' lang='lat' dir='ltr'>n</span> <span class='ocrx_word' id='word_1_10' title='bbox 1031 911 1132 1000; x_wconf 83' lang='lat' dir='ltr'>valle,</span> <span class='ocrx_word' id='word_1_11' title='bbox 1150 907 1241 982; x_wconf 86' lang='lat' dir='ltr'>idest</span> <span class='ocrx_word' id='word_1_12' title='bbox 1257 909 1429 983; x_wconf 85' lang='lat' dir='ltr'>deorsum</span> <span class='ocrx_word' id='word_1_13' title='bbox 1448 908 1495 984; x_wconf 95' lang='lat' dir='ltr'>ad</span> 
     </span>
     <span class='ocr_line' id='line_1_3' title="bbox 321 1026 1492 1130; baseline -0.005 -21"><span class='ocrx_word' id='word_1_14' title='bbox 321 1054 457 1130; x_wconf 89' lang='lat' dir='ltr'>aquam</span> <span class='ocrx_word' id='word_1_15' title='bbox 483 1032 653 1125; x_wconf 68' lang='lat' dir='ltr'>fluminis</span> <span class='ocrx_word' id='word_1_16' title='bbox 685 1026 757 1122; x_wconf 71' lang='lat' dir='ltr'>cll,</span> <span class='ocrx_word' id='word_1_17' title='bbox 789 1031 881 1105; x_wconf 86' lang='lat' dir='ltr'>idest</span> <span class='ocrx_word' id='word_1_18' title='bbox 915 1031 1013 1124; x_wconf 86' lang='lat' dir='ltr'>quia,</span> <span class='ocrx_word' id='word_1_19' title='bbox 1046 1033 1082 1103; x_wconf 86' lang='lat' dir='ltr'>ln</span> <span class='ocrx_word' id='word_1_20' title='bbox 1110 1032 1231 1102; x_wconf 83' lang='lat' dir='ltr'>riucra</span> <span class='ocrx_word' id='word_1_21' title='bbox 1264 1031 1321 1102; x_wconf 89' lang='lat' dir='ltr'>del</span> <span class='ocrx_word' id='word_1_22' title='bbox 1346 1051 1492 1120; x_wconf 79' lang='lat' dir='ltr'>subque,</span> 
     </span>
     <span class='ocr_line' id='line_1_4' title="bbox 321 1149 1492 1247; baseline -0.003 -20"><span class='ocrx_word' id='word_1_23' title='bbox 321 1154 413 1229; x_wconf 91' lang='lat' dir='ltr'>idest</span> <span class='ocrx_word' id='word_1_24' title='bbox 436 1152 595 1227; x_wconf 88' lang='lat' dir='ltr'>lluminis</span> <span class='ocrx_word' id='word_1_25' title='bbox 621 1151 738 1246; x_wconf 88' lang='lat' dir='ltr'>rubei,</span> <span class='ocrx_word' id='word_1_26' title='bbox 759 1151 961 1247; x_wconf 87' lang='lat' dir='ltr'>sanguinei,</span> <span class='ocrx_word' id='word_1_27' title='bbox 979 1149 1097 1243; x_wconf 88' lang='lat' dir='ltr'>calidi,</span> <span class='ocrx_word' id='word_1_28' title='bbox 1115 1149 1151 1223; x_wconf 94' lang='lat' dir='ltr'>in</span> <span class='ocrx_word' id='word_1_29' title='bbox 1167 1169 1242 1242; x_wconf 89' lang='lat' dir='ltr'>qun</span> <span class='ocrx_word' id='word_1_30' title='bbox 1263 1149 1419 1223; x_wconf 80' lang='lat' dir='ltr'>bulliunt</span> <span class='ocrx_word' id='word_1_31' title='bbox 1435 1149 1492 1224; x_wconf 91' lang='lat' dir='ltr'>isti</span> 
     </span>
     <span class='ocr_line' id='line_1_5' title="bbox 322 1270 1493 1368; baseline -0.005 -18"><span class='ocrx_word' id='word_1_32' title='bbox 322 1274 478 1368; x_wconf 87' lang='lat' dir='ltr'>violenti,</span> <span class='ocrx_word' id='word_1_33' title='bbox 498 1275 742 1366; x_wconf 61' lang='lat' dir='ltr'>demanda,</span> <span class='ocrx_word' id='word_1_34' title='bbox 759 1271 851 1348; x_wconf 87' lang='lat' dir='ltr'>idest</span> <span class='ocrx_word' id='word_1_35' title='bbox 871 1271 1136 1366; x_wconf 83' lang='lat' dir='ltr'>appropinquat</span> <span class='ocrx_word' id='word_1_36' title='bbox 1152 1271 1221 1344; x_wconf 86' lang='lat' dir='ltr'>snb</span> <span class='ocrx_word' id='word_1_37' title='bbox 1237 1270 1352 1345; x_wconf 90' lang='lat' dir='ltr'>oculis</span> <span class='ocrx_word' id='word_1_38' title='bbox 1369 1276 1407 1345; x_wconf 90' lang='lat' dir='ltr'>et</span> <span class='ocrx_word' id='word_1_39' title='bbox 1423 1271 1493 1344; x_wconf 88' lang='lat' dir='ltr'>sub</span> 
     </span>
     <span class='ocr_line' id='line_1_6' title="bbox 320 1391 1493 1490; baseline -0.004 -22"><span class='ocrx_word' id='word_1_40' title='bbox 320 1394 471 1490; x_wconf 90' lang='lat' dir='ltr'>pedibus</span> <span class='ocrx_word' id='word_1_41' title='bbox 497 1392 590 1486; x_wconf 83' lang='lat' dir='ltr'>tuis3</span> <span class='ocrx_word' id='word_1_42' title='bbox 618 1392 698 1467; x_wconf 89' lang='lat' dir='ltr'>ideo</span> <span class='ocrx_word' id='word_1_43' title='bbox 724 1398 796 1466; x_wconf 90' lang='lat' dir='ltr'>stes</span> <span class='ocrx_word' id='word_1_44' title='bbox 822 1392 917 1466; x_wconf 89' lang='lat' dir='ltr'>bene</span> <span class='ocrx_word' id='word_1_45' title='bbox 942 1397 1126 1484; x_wconf 86' lang='lat' dir='ltr'>attentus;</span> <span class='ocrx_word' id='word_1_46' title='bbox 1154 1391 1250 1465; x_wconf 93' lang='lat' dir='ltr'>unde</span> <span class='ocrx_word' id='word_1_47' title='bbox 1275 1391 1381 1465; x_wconf 91' lang='lat' dir='ltr'>dicit:</span> <span class='ocrx_word' id='word_1_48' title='bbox 1401 1395 1440 1464; x_wconf 85' lang='lat' dir='ltr'>in</span> <span class='ocrx_word' id='word_1_49' title='bbox 1456 1394 1493 1464; x_wconf 86' lang='lat' dir='ltr'>ln</span> 
     </span>
     <span class='ocr_line' id='line_1_7' title="bbox 321 1503 1492 1607; baseline 0.001 -20"><span class='ocrx_word' id='word_1_50' title='bbox 321 1517 405 1607; x_wconf 82' lang='lat' dir='ltr'>qual</span> <span class='ocrx_word' id='word_1_51' title='bbox 429 1514 516 1586; x_wconf 76' lang='lat' dir='ltr'>bolla</span> <span class='ocrx_word' id='word_1_52' title='bbox 539 1514 625 1605; x_wconf 82' lang='lat' dir='ltr'>qual</span> <span class='ocrx_word' id='word_1_53' title='bbox 647 1514 707 1584; x_wconf 84' lang='lat' dir='ltr'>cbe</span> <span class='ocrx_word' id='word_1_54' title='bbox 730 1514 851 1585; x_wconf 80' lang='lat' dir='ltr'>rmccia</span> <span class='ocrx_word' id='word_1_55' title='bbox 876 1514 914 1584; x_wconf 82' lang='lat' dir='ltr'>in</span> <span class='ocrx_word' id='word_1_56' title='bbox 939 1514 1047 1585; x_wconf 79' lang='lat' dir='ltr'>nltmri</span> <span class='ocrx_word' id='word_1_57' title='bbox 1067 1503 1492 1604; x_wconf 55' lang='lat' dir='ltr'>pervidendumque)</span> 
     </span>
     <span class='ocr_line' id='line_1_8' title="bbox 321 1629 1491 1728; baseline -0.002 -21"><span class='ocrx_word' id='word_1_58' title='bbox 321 1633 358 1707; x_wconf 94' lang='lat' dir='ltr'>in</span> <span class='ocrx_word' id='word_1_59' title='bbox 376 1632 586 1728; x_wconf 81' lang='lat' dir='ltr'>proximum</span> <span class='ocrx_word' id='word_1_60' title='bbox 613 1633 671 1706; x_wconf 87' lang='lat' dir='ltr'>vel</span> <span class='ocrx_word' id='word_1_61' title='bbox 692 1629 730 1705; x_wconf 95' lang='lat' dir='ltr'>in</span> <span class='ocrx_word' id='word_1_62' title='bbox 753 1651 909 1725; x_wconf 87' lang='lat' dir='ltr'>persona</span> <span class='ocrx_word' id='word_1_63' title='bbox 927 1632 986 1704; x_wconf 89' lang='lat' dir='ltr'>vel</span> <span class='ocrx_word' id='word_1_64' title='bbox 1004 1630 1041 1704; x_wconf 94' lang='lat' dir='ltr'>in</span> <span class='ocrx_word' id='word_1_65' title='bbox 1059 1630 1179 1704; x_wconf 89' lang='lat' dir='ltr'>rebus.</span> <span class='ocrx_word' id='word_1_66' title='bbox 1194 1672 1243 1684; x_wconf 97' lang='lat'>-</span> <span class='ocrx_word' id='word_1_67' title='bbox 1260 1634 1290 1703; x_wconf 91' lang='lat'><strong><em>0</em></strong></span> <span class='ocrx_word' id='word_1_68' title='bbox 1306 1633 1408 1704; x_wconf 73' lang='lat' dir='ltr'>cinca.</span> <span class='ocrx_word' id='word_1_69' title='bbox 1427 1630 1491 1705; x_wconf 90' lang='lat' dir='ltr'>llic</span> 
     </span>
     <span class='ocr_line' id='line_1_9' title="bbox 320 1741 1492 1846; baseline -0.005 -17"><span class='ocrx_word' id='word_1_70' title='bbox 320 1762 430 1829; x_wconf 84' lang='lat' dir='ltr'>auter</span> <span class='ocrx_word' id='word_1_71' title='bbox 457 1754 581 1827; x_wconf 89' lang='lat' dir='ltr'>voleus</span> <span class='ocrx_word' id='word_1_72' title='bbox 606 1750 814 1826; x_wconf 83' lang='lat' dir='ltr'>describere</span> <span class='ocrx_word' id='word_1_73' title='bbox 839 1771 987 1846; x_wconf 85' lang='lat' dir='ltr'>poenam</span> <span class='ocrx_word' id='word_1_74' title='bbox 1014 1750 1148 1824; x_wconf 83' lang='lat' dir='ltr'>iustam</span> <span class='ocrx_word' id='word_1_75' title='bbox 1162 1741 1200 1842; x_wconf 79' lang='lat'>(²)</span> <span class='ocrx_word' id='word_1_76' title='bbox 1217 1757 1254 1824; x_wconf 90' lang='lat' dir='ltr'>et</span> <span class='ocrx_word' id='word_1_77' title='bbox 1275 1750 1492 1845; x_wconf 89' lang='lat' dir='ltr'>mirabilem,</span> 
     </span>
     <span class='ocr_line' id='line_1_10' title="bbox 320 1869 1491 1970; baseline -0.006 -20"><span class='ocrx_word' id='word_1_78' title='bbox 320 1897 403 1970; x_wconf 86' lang='lat' dir='ltr'>quae</span> <span class='ocrx_word' id='word_1_79' title='bbox 429 1872 595 1967; x_wconf 89' lang='lat' dir='ltr'>sequitur</span> <span class='ocrx_word' id='word_1_80' title='bbox 620 1872 665 1946; x_wconf 93' lang='lat' dir='ltr'>ad</span> <span class='ocrx_word' id='word_1_81' title='bbox 692 1870 854 1946; x_wconf 83' lang='lat' dir='ltr'>crudelia</span> <span class='ocrx_word' id='word_1_82' title='bbox 886 1872 1024 1945; x_wconf 90' lang='lat' dir='ltr'>scelera</span> <span class='ocrx_word' id='word_1_83' title='bbox 1054 1869 1207 1945; x_wconf 86' lang='lat' dir='ltr'>istorum</span> <span class='ocrx_word' id='word_1_84' title='bbox 1235 1871 1491 1964; x_wconf 85' lang='lat' dir='ltr'>violentorum,</span> 
     </span>
     <span class='ocr_line' id='line_1_11' title="bbox 320 1990 1491 2091; baseline -0.004 -23"><span class='ocrx_word' id='word_1_85' title='bbox 320 1996 439 2091; x_wconf 90' lang='lat' dir='ltr'>primo</span> <span class='ocrx_word' id='word_1_86' title='bbox 465 1992 601 2068; x_wconf 87' lang='lat' dir='ltr'>invehit</span> <span class='ocrx_word' id='word_1_87' title='bbox 626 2000 753 2067; x_wconf 85' lang='lat' dir='ltr'>contra</span> <span class='ocrx_word' id='word_1_88' title='bbox 782 1990 1016 2085; x_wconf 87' lang='lat' dir='ltr'>cupidilatem</span> <span class='ocrx_word' id='word_1_89' title='bbox 1046 1991 1250 2086; x_wconf 83' lang='lat' dir='ltr'>bominum,</span> <span class='ocrx_word' id='word_1_90' title='bbox 1282 1992 1491 2065; x_wconf 81' lang='lat' dir='ltr'>exclamans</span> 
     </span>
     <span class='ocr_line' id='line_1_12' title="bbox 319 2109 1492 2207; baseline -0.005 -18"><span class='ocrx_word' id='word_1_91' title='bbox 319 2116 438 2189; x_wconf 89' lang='lat' dir='ltr'>iuste:</span> <span class='ocrx_word' id='word_1_92' title='bbox 465 2135 487 2186; x_wconf 88' lang='grc' dir='ltr'>ο</span> <span class='ocrx_word' id='word_1_93' title='bbox 511 2114 687 2205; x_wconf 81' lang='lat' dir='ltr'>mpidipin</span> <span class='ocrx_word' id='word_1_94' title='bbox 711 2114 817 2203; x_wconf 71' lang='lat' dir='ltr'>mern,</span> <span class='ocrx_word' id='word_1_95' title='bbox 842 2111 889 2184; x_wconf 90' lang='lat' dir='ltr'>ab</span> <span class='ocrx_word' id='word_1_96' title='bbox 907 2111 1156 2206; x_wconf 68' lang='lat' dir='ltr'>effectuque</span> <span class='ocrx_word' id='word_1_97' title='bbox 1173 2110 1349 2207; x_wconf 86' lang='lat' dir='ltr'>cupiditas</span> <span class='ocrx_word' id='word_1_98' title='bbox 1373 2109 1492 2186; x_wconf 90' lang='lat' dir='ltr'>domi-</span> 
     </span>
     <span class='ocr_line' id='line_1_13' title="bbox 321 2231 1492 2326; baseline -0.003 -19"><span class='ocrx_word' id='word_1_99' title='bbox 321 2234 428 2309; x_wconf 87' lang='lat' dir='ltr'>nandi</span> <span class='ocrx_word' id='word_1_100' title='bbox 454 2244 491 2310; x_wconf 88' lang='lat' dir='ltr'>et</span> <span class='ocrx_word' id='word_1_101' title='bbox 516 2231 683 2326; x_wconf 88' lang='lat' dir='ltr'>habendi,</span> <span class='ocrx_word' id='word_1_102' title='bbox 713 2231 761 2309; x_wconf 85' lang='lat' dir='ltr'>ita</span> <span class='ocrx_word' id='word_1_103' title='bbox 787 2231 971 2305; x_wconf 90' lang='lat' dir='ltr'>interdum</span> <span class='ocrx_word' id='word_1_104' title='bbox 1006 2231 1172 2306; x_wconf 82' lang='lat' dir='ltr'>obcoecat</span> <span class='ocrx_word' id='word_1_105' title='bbox 1201 2238 1342 2306; x_wconf 88' lang='lat' dir='ltr'>mentes</span> <span class='ocrx_word' id='word_1_106' title='bbox 1373 2231 1492 2306; x_wconf 89' lang='lat' dir='ltr'>homi-</span> 
     </span>
     <span class='ocr_line' id='line_1_14' title="bbox 322 2352 1491 2449; baseline -0.003 -20"><span class='ocrx_word' id='word_1_107' title='bbox 322 2378 410 2429; x_wconf 93' lang='lat' dir='ltr'>num</span> <span class='ocrx_word' id='word_1_108' title='bbox 437 2355 482 2428; x_wconf 91' lang='lat' dir='ltr'>ad</span> <span class='ocrx_word' id='word_1_109' title='bbox 507 2352 669 2449; x_wconf 87' lang='lat' dir='ltr'>praedam</span> <span class='ocrx_word' id='word_1_110' title='bbox 696 2353 754 2426; x_wconf 90' lang='lat' dir='ltr'>vel</span> <span class='ocrx_word' id='word_1_111' title='bbox 771 2352 999 2448; x_wconf 83' lang='lat' dir='ltr'>sanguinem.</span> <span class='ocrx_word' id='word_1_112' title='bbox 1018 2353 1110 2426; x_wconf 90' lang='lat' dir='ltr'>Nam</span> <span class='ocrx_word' id='word_1_113' title='bbox 1127 2373 1224 2447; x_wconf 83' lang='lat' dir='ltr'>saepe</span> <span class='ocrx_word' id='word_1_114' title='bbox 1240 2372 1308 2448; x_wconf 89' lang='lat' dir='ltr'>pro</span> <span class='ocrx_word' id='word_1_115' title='bbox 1325 2352 1491 2426; x_wconf 86' lang='lat' dir='ltr'>habenda</span> 
     </span>
     <span class='ocr_line' id='line_1_15' title="bbox 322 2463 1491 2569; baseline -0.002 -21"><span class='ocrx_word' id='word_1_116' title='bbox 322 2497 396 2550; x_wconf 92' lang='lat' dir='ltr'>una</span> <span class='ocrx_word' id='word_1_117' title='bbox 427 2473 605 2548; x_wconf 90' lang='lat' dir='ltr'>turricula</span> <span class='ocrx_word' id='word_1_118' title='bbox 635 2472 674 2550; x_wconf 88' lang='lat' dir='ltr'>iit</span> <span class='ocrx_word' id='word_1_119' title='bbox 706 2493 840 2568; x_wconf 83' lang='lat' dir='ltr'>magna</span> <span class='ocrx_word' id='word_1_120' title='bbox 873 2463 1017 2565; x_wconf 75' lang='lat' dir='ltr'>susi0l³l</span> <span class='ocrx_word' id='word_1_121' title='bbox 1043 2473 1252 2569; x_wconf 82' lang='lat' dir='ltr'>sangninis3</span> <span class='ocrx_word' id='word_1_122' title='bbox 1279 2482 1316 2549; x_wconf 90' lang='lat' dir='ltr'>et</span> <span class='ocrx_word' id='word_1_123' title='bbox 1348 2473 1396 2546; x_wconf 89' lang='lat' dir='ltr'>ita</span> <span class='ocrx_word' id='word_1_124' title='bbox 1423 2492 1491 2567; x_wconf 89' lang='lat' dir='ltr'>pro</span> 
     </span>
     <span class='ocr_line' id='line_1_16' title="bbox 321 2581 1490 2689; baseline 0 -21"><span class='ocrx_word' id='word_1_125' title='bbox 321 2593 486 2670; x_wconf 92' lang='lat' dir='ltr'>habenda</span> <span class='ocrx_word' id='word_1_126' title='bbox 512 2591 655 2667; x_wconf 86' lang='lat' dir='ltr'>medica</span> <span class='ocrx_word' id='word_1_127' title='bbox 679 2591 870 2687; x_wconf 87' lang='lat' dir='ltr'>pecuniola</span> <span class='ocrx_word' id='word_1_128' title='bbox 895 2592 935 2666; x_wconf 89' lang='lat' dir='ltr'>lit</span> <span class='ocrx_word' id='word_1_129' title='bbox 952 2614 1085 2689; x_wconf 85' lang='lat' dir='ltr'>magna</span> <span class='ocrx_word' id='word_1_130' title='bbox 1104 2593 1280 2689; x_wconf 82' lang='lat' dir='ltr'>iugulatio</span> <span class='ocrx_word' id='word_1_131' title='bbox 1295 2581 1332 2686; x_wconf 75' lang='lat'>(⁸)</span> <span class='ocrx_word' id='word_1_132' title='bbox 1353 2594 1490 2668; x_wconf 85' lang='lat' dir='ltr'>multu-</span> 
     </span>
     <span class='ocr_line' id='line_1_17' title="bbox 320 2705 1491 2808; baseline -0.003 -20"><span class='ocrx_word' id='word_1_133' title='bbox 320 2737 403 2788; x_wconf 94' lang='lat' dir='ltr'>rum</span> <span class='ocrx_word' id='word_1_134' title='bbox 436 2713 639 2788; x_wconf 90' lang='lat' dir='ltr'>homiuum.</span> <span class='ocrx_word' id='word_1_135' title='bbox 666 2712 758 2786; x_wconf 87' lang='lat' dir='ltr'>Dicit</span> <span class='ocrx_word' id='word_1_136' title='bbox 787 2732 877 2808; x_wconf 85' lang='lat' dir='ltr'>ergo</span> <span class='ocrx_word' id='word_1_137' title='bbox 909 2713 1026 2787; x_wconf 90' lang='lat' dir='ltr'>bene:</span> <span class='ocrx_word' id='word_1_138' title='bbox 1053 2715 1098 2800; x_wconf 84' lang='lat' dir='ltr'>ob</span> <span class='ocrx_word' id='word_1_139' title='bbox 1120 2716 1179 2786; x_wconf 83' lang='lat' dir='ltr'>ira</span> <span class='ocrx_word' id='word_1_140' title='bbox 1205 2716 1289 2808; x_wconf 77' lang='lat' dir='ltr'>solla</span> <span class='ocrx_word' id='word_1_141' title='bbox 1321 2716 1381 2785; x_wconf 79' lang='lat' dir='ltr'>clu</span> <span class='ocrx_word' id='word_1_142' title='bbox 1404 2705 1434 2786; x_wconf 80' lang='lat' dir='ltr'>si</span> <span class='ocrx_word' id='word_1_143' title='bbox 1459 2715 1491 2785; x_wconf 80' lang='lat' dir='ltr'>ci</span> 
     </span>
     <span class='ocr_line' id='line_1_18' title="bbox 317 2832 1490 2928; baseline 0.001 -21"><span class='ocrx_word' id='word_1_144' title='bbox 317 2837 452 2928; x_wconf 75' lang='lat' dir='ltr'>aprum,</span> <span class='ocrx_word' id='word_1_145' title='bbox 479 2833 569 2906; x_wconf 90' lang='lat' dir='ltr'>idest</span> <span class='ocrx_word' id='word_1_146' title='bbox 586 2853 652 2907; x_wconf 89' lang='lat' dir='ltr'>nns</span> <span class='ocrx_word' id='word_1_147' title='bbox 670 2833 835 2906; x_wconf 90' lang='lat' dir='ltr'>homines</span> <span class='ocrx_word' id='word_1_148' title='bbox 853 2832 902 2907; x_wconf 90' lang='lat' dir='ltr'>ita</span> <span class='ocrx_word' id='word_1_149' title='bbox 919 2833 1045 2907; x_wconf 89' lang='lat' dir='ltr'>incitas</span> <span class='ocrx_word' id='word_1_150' title='bbox 1063 2844 1100 2910; x_wconf 88' lang='lat' dir='ltr'>et</span> <span class='ocrx_word' id='word_1_151' title='bbox 1116 2833 1267 2928; x_wconf 85' lang='lat' dir='ltr'>impellis</span> <span class='ocrx_word' id='word_1_152' title='bbox 1287 2833 1333 2907; x_wconf 88' lang='lat' dir='ltr'>ad</span> <span class='ocrx_word' id='word_1_153' title='bbox 1351 2833 1490 2908; x_wconf 87' lang='lat' dir='ltr'>excidia</span> 
     </span>
     <span class='ocr_line' id='line_1_19' title="bbox 320 2952 1489 3048; baseline -0.001 -21"><span class='ocrx_word' id='word_1_154' title='bbox 320 2974 452 3048; x_wconf 78' lang='lat' dir='ltr'>magna</span> <span class='ocrx_word' id='word_1_155' title='bbox 469 2958 654 3027; x_wconf 87' lang='lat' dir='ltr'>terrarum</span> <span class='ocrx_word' id='word_1_156' title='bbox 673 2958 710 3026; x_wconf 88' lang='lat' dir='ltr'>et</span> <span class='ocrx_word' id='word_1_157' title='bbox 728 2952 946 3027; x_wconf 80' lang='lat' dir='ltr'>exterminia</span> <span class='ocrx_word' id='word_1_158' title='bbox 963 2953 1167 3047; x_wconf 83' lang='lat' dir='ltr'>bominum,</span> <span class='ocrx_word' id='word_1_159' title='bbox 1179 2975 1223 3026; x_wconf 83' lang='lat' dir='ltr'>ne</span> <span class='ocrx_word' id='word_1_160' title='bbox 1235 2957 1272 3027; x_wconf 87' lang='lat' dir='ltr'>ln</span> <span class='ocrx_word' id='word_1_161' title='bbox 1289 2957 1359 3028; x_wconf 80' lang='lat' dir='ltr'>uita</span> <span class='ocrx_word' id='word_1_162' title='bbox 1376 2962 1489 3044; x_wconf 80' lang='lat' dir='ltr'>corta,</span> 
     </span>
     <span class='ocr_line' id='line_1_20' title="bbox 318 3071 1490 3167; baseline 0.003 -19"><span class='ocrx_word' id='word_1_163' title='bbox 318 3074 420 3167; x_wconf 91' lang='lat' dir='ltr'>idest,</span> <span class='ocrx_word' id='word_1_164' title='bbox 446 3073 482 3146; x_wconf 96' lang='lat' dir='ltr'>in</span> <span class='ocrx_word' id='word_1_165' title='bbox 508 3072 582 3147; x_wconf 88' lang='lat' dir='ltr'>vita</span> <span class='ocrx_word' id='word_1_166' title='bbox 607 3071 753 3146; x_wconf 89' lang='lat' dir='ltr'>mortali</span> <span class='ocrx_word' id='word_1_167' title='bbox 778 3092 862 3166; x_wconf 87' lang='lat' dir='ltr'>quae</span> <span class='ocrx_word' id='word_1_168' title='bbox 887 3082 942 3150; x_wconf 87' lang='lat' dir='ltr'>cst</span> <span class='ocrx_word' id='word_1_169' title='bbox 967 3082 1042 3149; x_wconf 89' lang='lat' dir='ltr'>tam</span> <span class='ocrx_word' id='word_1_170' title='bbox 1068 3073 1201 3167; x_wconf 87' lang='lat' dir='ltr'>brevis,</span> <span class='ocrx_word' id='word_1_171' title='bbox 1218 3096 1236 3147; x_wconf 86' lang='lat' dir='ltr'>e</span> <span class='ocrx_word' id='word_1_172' title='bbox 1255 3077 1332 3166; x_wconf 87' lang='lat' dir='ltr'>poi,</span> <span class='ocrx_word' id='word_1_173' title='bbox 1355 3074 1490 3151; x_wconf 86' lang='lat' dir='ltr'>scilicet</span> 
     </span>
     <span class='ocr_line' id='line_1_21' title="bbox 316 3184 1487 3290; baseline 0.001 -22"><span class='ocrx_word' id='word_1_174' title='bbox 316 3202 397 3290; x_wconf 87' lang='lat' dir='ltr'>post</span> <span class='ocrx_word' id='word_1_175' title='bbox 410 3194 515 3270; x_wconf 89' lang='lat' dir='ltr'>istam</span> <span class='ocrx_word' id='word_1_176' title='bbox 533 3192 645 3266; x_wconf 91' lang='lat' dir='ltr'>vitam</span> <span class='ocrx_word' id='word_1_177' title='bbox 662 3192 827 3285; x_wconf 86' lang='lat' dir='ltr'>brevem,</span> <span class='ocrx_word' id='word_1_178' title='bbox 840 3184 870 3264; x_wconf 81' lang='lat' dir='ltr'>si</span> <span class='ocrx_word' id='word_1_179' title='bbox 886 3195 960 3265; x_wconf 84' lang='lat' dir='ltr'>mal</span> <span class='ocrx_word' id='word_1_180' title='bbox 975 3195 1170 3285; x_wconf 74' lang='lat' dir='ltr'>dimmolle,</span> <span class='ocrx_word' id='word_1_181' title='bbox 1185 3193 1275 3268; x_wconf 83' lang='lat' dir='ltr'>idest</span> <span class='ocrx_word' id='word_1_182' title='bbox 1287 3194 1336 3268; x_wconf 85' lang='lat' dir='ltr'>ita</span> <span class='ocrx_word' id='word_1_183' title='bbox 1349 3185 1487 3286; x_wconf 76' lang='lat' dir='ltr'>durel⁶)</span> 
     </span>
     <span class='ocr_line' id='line_1_22' title="bbox 318 3301 1489 3409; baseline 0.002 -23"><span class='ocrx_word' id='word_1_184' title='bbox 318 3312 514 3406; x_wconf 83' lang='lat' dir='ltr'>mellilicas,</span> <span class='ocrx_word' id='word_1_185' title='bbox 540 3311 689 3386; x_wconf 86' lang='lat' dir='ltr'>balneas</span> <span class='ocrx_word' id='word_1_186' title='bbox 703 3301 739 3404; x_wconf 80' lang='lat'>(⁶)</span> <span class='ocrx_word' id='word_1_187' title='bbox 769 3333 834 3385; x_wconf 90' lang='lat' dir='ltr'>nos</span> <span class='ocrx_word' id='word_1_188' title='bbox 859 3312 896 3385; x_wconf 94' lang='lat' dir='ltr'>in</span> <span class='ocrx_word' id='word_1_189' title='bbox 922 3312 989 3388; x_wconf 85' lang='lat' dir='ltr'>isto</span> <span class='ocrx_word' id='word_1_190' title='bbox 1015 3313 1193 3409; x_wconf 82' lang='lat' dir='ltr'>sanguine</span> <span class='ocrx_word' id='word_1_191' title='bbox 1210 3313 1375 3407; x_wconf 84' lang='lat' dir='ltr'>ierventi,</span> <span class='ocrx_word' id='word_1_192' title='bbox 1395 3317 1489 3388; x_wconf 77' lang='lat' dir='ltr'>nella</span> 
     </span>
     <span class='ocr_line' id='line_1_23' title="bbox 317 3431 1488 3529; baseline 0.005 -23"><span class='ocrx_word' id='word_1_193' title='bbox 317 3440 446 3527; x_wconf 69' lang='lat' dir='ltr'>ebruc,</span> <span class='ocrx_word' id='word_1_194' title='bbox 471 3432 607 3509; x_wconf 86' lang='lat' dir='ltr'>scilicet</span> <span class='ocrx_word' id='word_1_195' title='bbox 631 3432 668 3506; x_wconf 91' lang='lat' dir='ltr'>in</span> <span class='ocrx_word' id='word_1_196' title='bbox 693 3431 760 3508; x_wconf 88' lang='lat' dir='ltr'>ista</span> <span class='ocrx_word' id='word_1_197' title='bbox 789 3432 863 3507; x_wconf 86' lang='lat' dir='ltr'>vita</span> <span class='ocrx_word' id='word_1_198' title='bbox 896 3431 1074 3526; x_wconf 81' lang='lat' dir='ltr'>infernali,</span> <span class='ocrx_word' id='word_1_199' title='bbox 1105 3454 1189 3526; x_wconf 70' lang='lat' dir='ltr'>quae</span> <span class='ocrx_word' id='word_1_200' title='bbox 1215 3455 1405 3529; x_wconf 92' lang='lat' dir='ltr'>nunquam</span> <span class='ocrx_word' id='word_1_201' title='bbox 1433 3445 1488 3513; x_wconf 83' lang='lat' dir='ltr'>est</span> 
     </span>
     <span class='ocr_line' id='line_1_24' title="bbox 317 3552 1488 3650; baseline 0.002 -22"><span class='ocrx_word' id='word_1_202' title='bbox 317 3555 485 3629; x_wconf 89' lang='lat' dir='ltr'>habitura</span> <span class='ocrx_word' id='word_1_203' title='bbox 512 3553 634 3647; x_wconf 85' lang='lat' dir='ltr'>finem,</span> <span class='ocrx_word' id='word_1_204' title='bbox 660 3552 763 3646; x_wconf 89' lang='lat' dir='ltr'>quasi</span> <span class='ocrx_word' id='word_1_205' title='bbox 788 3552 907 3627; x_wconf 91' lang='lat' dir='ltr'>dicat:</span> <span class='ocrx_word' id='word_1_206' title='bbox 933 3554 989 3627; x_wconf 91' lang='lat' dir='ltr'>isti</span> <span class='ocrx_word' id='word_1_207' title='bbox 1013 3553 1159 3629; x_wconf 88' lang='lat' dir='ltr'>violenti</span> <span class='ocrx_word' id='word_1_208' title='bbox 1177 3554 1385 3650; x_wconf 85' lang='lat' dir='ltr'>expendunt</span> <span class='ocrx_word' id='word_1_209' title='bbox 1401 3556 1488 3631; x_wconf 90' lang='lat' dir='ltr'>bre-</span> 
     </span>
    </p>
   </div>
   <div class='ocr_carea' id='block_1_3' title="bbox 315 3663 1488 4131">
    <p class='ocr_par' dir='ltr' id='par_1_3' title="bbox 315 3663 1488 4131">
     <span class='ocr_line' id='line_1_25' title="bbox 317 3663 1488 3771; baseline 0.002 -22"><span class='ocrx_word' id='word_1_210' title='bbox 317 3674 506 3750; x_wconf 84' lang='lat' dir='ltr'>vissimum</span> <span class='ocrx_word' id='word_1_211' title='bbox 533 3684 677 3768; x_wconf 88' lang='lat' dir='ltr'>tempus</span> <span class='ocrx_word' id='word_1_212' title='bbox 695 3673 778 3750; x_wconf 86' lang='lat' dir='ltr'>vitae</span> <span class='ocrx_word' id='word_1_213' title='bbox 795 3673 833 3746; x_wconf 93' lang='lat' dir='ltr'>in</span> <span class='ocrx_word' id='word_1_214' title='bbox 850 3672 1033 3748; x_wconf 78' lang='lat' dir='ltr'>fundendo</span> <span class='ocrx_word' id='word_1_215' title='bbox 1050 3663 1087 3767; x_wconf 86' lang='lat'>(⁷)</span> <span class='ocrx_word' id='word_1_216' title='bbox 1107 3675 1335 3771; x_wconf 83' lang='lat' dir='ltr'>sanguinem,</span> <span class='ocrx_word' id='word_1_217' title='bbox 1353 3681 1390 3750; x_wconf 90' lang='lat' dir='ltr'>et</span> <span class='ocrx_word' id='word_1_218' title='bbox 1406 3685 1488 3770; x_wconf 86' lang='lat' dir='ltr'>post</span> 
     </span>
     <span class='ocr_line' id='line_1_26' title="bbox 317 3792 1487 3892; baseline 0.001 -22"><span class='ocrx_word' id='word_1_219' title='bbox 317 3795 502 3870; x_wconf 82' lang='lat' dir='ltr'>modicum</span> <span class='ocrx_word' id='word_1_220' title='bbox 520 3794 671 3870; x_wconf 87' lang='lat' dir='ltr'>veniunt</span> <span class='ocrx_word' id='word_1_221' title='bbox 695 3792 742 3868; x_wconf 92' lang='lat' dir='ltr'>ad</span> <span class='ocrx_word' id='word_1_222' title='bbox 766 3793 980 3869; x_wconf 92' lang='lat' dir='ltr'>buliendum</span> <span class='ocrx_word' id='word_1_223' title='bbox 998 3793 1033 3868; x_wconf 92' lang='lat' dir='ltr'>in</span> <span class='ocrx_word' id='word_1_224' title='bbox 1052 3793 1120 3870; x_wconf 87' lang='lat' dir='ltr'>isto</span> <span class='ocrx_word' id='word_1_225' title='bbox 1137 3795 1314 3892; x_wconf 83' lang='lat' dir='ltr'>sanguine</span> <span class='ocrx_word' id='word_1_226' title='bbox 1329 3804 1487 3871; x_wconf 72' lang='lat' dir='ltr'>aterna·</span> 
     </span>
     <span class='ocr_line' id='line_1_27' title="bbox 315 3905 1487 4011; baseline 0.003 -22"><span class='ocrx_word' id='word_1_227' title='bbox 315 3915 408 3990; x_wconf 89' lang='lat' dir='ltr'>liter.</span> <span class='ocrx_word' id='word_1_228' title='bbox 422 3919 525 3987; x_wconf 87' lang='lat'>-10</span> <span class='ocrx_word' id='word_1_229' title='bbox 550 3916 630 3988; x_wconf 71' lang='lat' dir='ltr'>mili.</span> <span class='ocrx_word' id='word_1_230' title='bbox 659 3913 723 3988; x_wconf 86' lang='lat' dir='ltr'>llic</span> <span class='ocrx_word' id='word_1_231' title='bbox 747 3921 857 3988; x_wconf 83' lang='lat' dir='ltr'>autor</span> <span class='ocrx_word' id='word_1_232' title='bbox 882 3914 1052 3989; x_wconf 87' lang='lat' dir='ltr'>describit</span> <span class='ocrx_word' id='word_1_233' title='bbox 1084 3914 1197 4009; x_wconf 87' lang='lat' dir='ltr'>ipsam</span> <span class='ocrx_word' id='word_1_234' title='bbox 1212 3905 1249 4008; x_wconf 80' lang='lat'>(⁸)</span> <span class='ocrx_word' id='word_1_235' title='bbox 1275 3937 1422 4011; x_wconf 85' lang='lat' dir='ltr'>poenam</span> <span class='ocrx_word' id='word_1_236' title='bbox 1449 3925 1487 3994; x_wconf 91' lang='lat' dir='ltr'>et</span> 
     </span>
     <span class='ocr_line' id='line_1_28' title="bbox 316 4033 1484 4131; baseline 0.005 -24"><span class='ocrx_word' id='word_1_237' title='bbox 316 4033 499 4109; x_wconf 88' lang='lat' dir='ltr'>ministms</span> <span class='ocrx_word' id='word_1_238' title='bbox 520 4054 647 4129; x_wconf 85' lang='lat' dir='ltr'>poenae.</span> <span class='ocrx_word' id='word_1_239' title='bbox 665 4033 718 4108; x_wconf 78' lang='lat' dir='ltr'>nd</span> <span class='ocrx_word' id='word_1_240' title='bbox 735 4034 842 4108; x_wconf 89' lang='lat' dir='ltr'>cuius</span> <span class='ocrx_word' id='word_1_241' title='bbox 859 4033 1130 4131; x_wconf 82' lang='lat' dir='ltr'>intelligentiam</span> <span class='ocrx_word' id='word_1_242' title='bbox 1148 4045 1204 4112; x_wconf 87' lang='lat' dir='ltr'>est</span> <span class='ocrx_word' id='word_1_243' title='bbox 1219 4037 1484 4131; x_wconf 73' lang='lat' dir='ltr'>praesciendum</span> 
     </span>
    </p>
   </div>
   <div class='ocr_carea' id='block_1_4' title="bbox 313 4153 1485 4370">
    <p class='ocr_par' dir='ltr' id='par_1_4' title="bbox 313 4153 1485 4370">
     <span class='ocr_line' id='line_1_29' title="bbox 315 4153 1485 4250; baseline 0.005 -23"><span class='ocrx_word' id='word_1_244' title='bbox 315 4153 414 4248; x_wconf 87' lang='lat' dir='ltr'>quod</span> <span class='ocrx_word' id='word_1_245' title='bbox 438 4160 547 4228; x_wconf 87' lang='lat' dir='ltr'>autor</span> <span class='ocrx_word' id='word_1_246' title='bbox 571 4153 633 4229; x_wconf 88' lang='lat' dir='ltr'>dat</span> <span class='ocrx_word' id='word_1_247' title='bbox 665 4153 740 4228; x_wconf 88' lang='lat' dir='ltr'>istis</span> <span class='ocrx_word' id='word_1_248' title='bbox 774 4153 939 4229; x_wconf 87' lang='lat' dir='ltr'>violentis</span> <span class='ocrx_word' id='word_1_249' title='bbox 969 4175 1117 4250; x_wconf 90' lang='lat' dir='ltr'>poenam</span> <span class='ocrx_word' id='word_1_250' title='bbox 1147 4154 1369 4230; x_wconf 91' lang='lat' dir='ltr'>simillimam</span> <span class='ocrx_word' id='word_1_251' title='bbox 1390 4157 1485 4233; x_wconf 14' lang='lat' dir='ltr'>avite</span> 
     </span>
     <span class='ocr_line' id='line_1_30' title="bbox 313 4269 1484 4370; baseline 0.002 -20"><span class='ocrx_word' id='word_1_252' title='bbox 313 4295 467 4350; x_wconf 88' lang='lat' dir='ltr'>eorum:</span> <span class='ocrx_word' id='word_1_253' title='bbox 494 4273 596 4370; x_wconf 80' lang='lat' dir='ltr'>lingit</span> <span class='ocrx_word' id='word_1_254' title='bbox 621 4273 718 4348; x_wconf 90' lang='lat' dir='ltr'>enim</span> <span class='ocrx_word' id='word_1_255' title='bbox 745 4273 843 4368; x_wconf 85' lang='lat' dir='ltr'>qued</span> <span class='ocrx_word' id='word_1_256' title='bbox 869 4274 924 4352; x_wconf 89' lang='lat' dir='ltr'>isti</span> <span class='ocrx_word' id='word_1_257' title='bbox 950 4281 1036 4348; x_wconf 88' lang='lat' dir='ltr'>sunt</span> <span class='ocrx_word' id='word_1_258' title='bbox 1060 4275 1164 4370; x_wconf 85' lang='lat' dir='ltr'>positi</span> <span class='ocrx_word' id='word_1_259' title='bbox 1190 4277 1227 4350; x_wconf 94' lang='lat' dir='ltr'>in</span> <span class='ocrx_word' id='word_1_260' title='bbox 1253 4275 1320 4351; x_wconf 89' lang='lat' dir='ltr'>isto</span> <span class='ocrx_word' id='word_1_261' title='bbox 1335 4269 1371 4370; x_wconf 76' lang='lat'>(⁹)</span> <span class='ocrx_word' id='word_1_262' title='bbox 1399 4299 1484 4352; x_wconf 89' lang='lat' dir='ltr'>sau-</span> 
     </span>
    </p>
   </div>
   <div class='ocr_carea' id='block_1_5' title="bbox 312 4496 1484 4863">
    <p class='ocr_par' dir='ltr' id='par_1_5' title="bbox 312 4496 1484 4639">
     <span class='ocr_line' id='line_1_31' title="bbox 374 4496 1484 4568; baseline 0.006 -21"><span class='ocrx_word' id='word_1_263' title='bbox 374 4496 402 4561; x_wconf 85' lang='lat'>(¹)</span> <span class='ocrx_word' id='word_1_264' title='bbox 418 4497 444 4547; x_wconf 85' lang='lat' dir='ltr'>S.</span> <span class='ocrx_word' id='word_1_265' title='bbox 459 4497 532 4558; x_wconf 70' lang='lat' dir='ltr'>ldeat</span> <span class='ocrx_word' id='word_1_266' title='bbox 548 4500 704 4564; x_wconf 81' lang='lat' dir='ltr'>quicumque</span> <span class='ocrx_word' id='word_1_267' title='bbox 720 4499 783 4551; x_wconf 78' lang='lat' dir='ltr'>facil</span> <span class='ocrx_word' id='word_1_268' title='bbox 797 4498 946 4551; x_wconf 75' lang='lat' dir='ltr'>dolentiam</span> <span class='ocrx_word' id='word_1_269' title='bbox 963 4501 989 4551; x_wconf 87' lang='lat' dir='ltr'>ln</span> <span class='ocrx_word' id='word_1_270' title='bbox 1006 4500 1262 4564; x_wconf 73' lang='lat' dir='ltr'>proximum—lla,</span> <span class='ocrx_word' id='word_1_271' title='bbox 1279 4502 1344 4554; x_wconf 71' lang='lat' dir='ltr'>ideal</span> <span class='ocrx_word' id='word_1_272' title='bbox 1359 4503 1484 4568; x_wconf 87' lang='lat' dir='ltr'>quicum·</span> 
     </span>
     <span class='ocr_line' id='line_1_32' title="bbox 312 4574 916 4639; baseline 0.002 -14"><span class='ocrx_word' id='word_1_273' title='bbox 312 4588 363 4639; x_wconf 82' lang='lat' dir='ltr'>quc</span> <span class='ocrx_word' id='word_1_274' title='bbox 379 4574 441 4626; x_wconf 80' lang='lat' dir='ltr'>fecit</span> <span class='ocrx_word' id='word_1_275' title='bbox 456 4574 605 4626; x_wconf 73' lang='lat' dir='ltr'>violentiam</span> <span class='ocrx_word' id='word_1_276' title='bbox 620 4575 647 4625; x_wconf 89' lang='lat' dir='ltr'>lu</span> <span class='ocrx_word' id='word_1_277' title='bbox 662 4576 819 4639; x_wconf 81' lang='lat' dir='ltr'>proximum.</span> <span class='ocrx_word' id='word_1_278' title='bbox 913 4602 916 4607; x_wconf 95' lang='lat'>·</span> 
     </span>
    </p>

    <p class='ocr_par' dir='ltr' id='par_1_6' title="bbox 374 4649 1041 4717">
     <span class='ocr_line' id='line_1_33' title="bbox 374 4649 1041 4717; baseline 0.006 -18"><span class='ocrx_word' id='word_1_279' title='bbox 374 4649 401 4714; x_wconf 60' lang='grc' dir='ltr'>(Ἴ</span> <span class='ocrx_word' id='word_1_280' title='bbox 417 4650 448 4700; x_wconf 79' lang='grc' dir='ltr'>Β.</span> <span class='ocrx_word' id='word_1_281' title='bbox 465 4650 539 4700; x_wconf 79' lang='lat' dir='ltr'>uum</span> <span class='ocrx_word' id='word_1_282' title='bbox 555 4650 701 4701; x_wconf 77' lang='lat' dir='ltr'>mirabilem</span> <span class='ocrx_word' id='word_1_283' title='bbox 717 4655 744 4702; x_wconf 81' lang='lat' dir='ltr'>ct</span> <span class='ocrx_word' id='word_1_284' title='bbox 759 4665 817 4717; x_wconf 72' lang='lat' dir='ltr'>qun</span> <span class='ocrx_word' id='word_1_285' title='bbox 834 4651 900 4703; x_wconf 79' lang='lat' dir='ltr'>bunc</span> <span class='ocrx_word' id='word_1_286' title='bbox 915 4652 1041 4716; x_wconf 74' lang='lat' dir='ltr'>nequitur.</span> 
     </span>
    </p>

    <p class='ocr_par' dir='ltr' id='par_1_7' title="bbox 375 4724 1307 4792">
     <span class='ocr_line' id='line_1_34' title="bbox 375 4724 1307 4792; baseline 0.006 -16"><span class='ocrx_word' id='word_1_287' title='bbox 375 4725 402 4788; x_wconf 62' lang='grc' dir='ltr'>(Ἴ</span> <span class='ocrx_word' id='word_1_288' title='bbox 420 4726 448 4777; x_wconf 66' lang='lat' dir='ltr'>ln</span> <span class='ocrx_word' id='word_1_289' title='bbox 465 4724 564 4776; x_wconf 73' lang='lat' dir='ltr'>allusio.</span> <span class='ocrx_word' id='word_1_290' title='bbox 767 4727 794 4788; x_wconf 63' lang='grc' dir='ltr'>θ)</span> <span class='ocrx_word' id='word_1_291' title='bbox 809 4731 864 4786; x_wconf 74' lang='lat' dir='ltr'>lla,</span> <span class='ocrx_word' id='word_1_292' title='bbox 881 4727 995 4779; x_wconf 77' lang='lat' dir='ltr'>riulullo.</span> <span class='ocrx_word' id='word_1_293' title='bbox 1150 4730 1178 4792; x_wconf 81' lang='lat'>(⁸)</span> <span class='ocrx_word' id='word_1_294' title='bbox 1194 4730 1225 4781; x_wconf 70' lang='lat' dir='ltr'>lt</span> <span class='ocrx_word' id='word_1_295' title='bbox 1242 4730 1307 4782; x_wconf 83' lang='lat' dir='ltr'>dira.</span> 
     </span>
    </p>

    <p class='ocr_par' dir='ltr' id='par_1_8' title="bbox 375 4801 991 4863">
     <span class='ocr_line' id='line_1_35' title="bbox 375 4801 991 4863; baseline 0.005 -12"><span class='ocrx_word' id='word_1_296' title='bbox 375 4801 402 4862; x_wconf 79' lang='lat'>(⁸)</span> <span class='ocrx_word' id='word_1_297' title='bbox 418 4802 448 4851; x_wconf 82' lang='lat' dir='ltr'>E.</span> <span class='ocrx_word' id='word_1_298' title='bbox 466 4802 586 4852; x_wconf 76' lang='lat' dir='ltr'>balneam</span> <span class='ocrx_word' id='word_1_299' title='bbox 602 4817 695 4853; x_wconf 75' lang='lat' dir='ltr'>non-</span> <span class='ocrx_word' id='word_1_300' title='bbox 705 4807 758 4863; x_wconf 78' lang='lat' dir='ltr'>llll,</span> <span class='ocrx_word' id='word_1_301' title='bbox 775 4809 801 4855; x_wconf 80' lang='lat' dir='ltr'>cl</span> <span class='ocrx_word' id='word_1_302' title='bbox 818 4804 921 4854; x_wconf 71' lang='lat' dir='ltr'>bulum</span> <span class='ocrx_word' id='word_1_303' title='bbox 937 4818 991 4855; x_wconf 80' lang='lat' dir='ltr'>nos.</span> 
     </span>
    </p>
   </div>
   <div class='ocr_carea' id='block_1_6' title="bbox 375 4877 1480 4949">
    <p class='ocr_par' dir='ltr' id='par_1_9' title="bbox 375 4877 1480 4949">
     <span class='ocr_line' id='line_1_36' title="bbox 375 4877 1480 4949; baseline 0.008 -22"><span class='ocrx_word' id='word_1_304' title='bbox 375 4877 403 4940; x_wconf 67' lang='grc' dir='ltr'>(Ἰ</span> <span class='ocrx_word' id='word_1_305' title='bbox 420 4878 450 4927; x_wconf 69' lang='lat' dir='ltr'>R</span> <span class='ocrx_word' id='word_1_306' title='bbox 466 4878 492 4928; x_wconf 87' lang='lat' dir='ltr'>in</span> <span class='ocrx_word' id='word_1_307' title='bbox 509 4877 672 4932; x_wconf 74' lang='lat' dir='ltr'>abundando.</span> <span class='ocrx_word' id='word_1_308' title='bbox 766 4878 795 4943; x_wconf 76' lang='lat'>(¹)</span> <span class='ocrx_word' id='word_1_309' title='bbox 808 4879 834 4932; x_wconf 82' lang='lat' dir='ltr'>S.</span> <span class='ocrx_word' id='word_1_310' title='bbox 849 4882 925 4931; x_wconf 76' lang='lat' dir='ltr'>latum</span> <span class='ocrx_word' id='word_1_311' title='bbox 941 4893 1052 4944; x_wconf 75' lang='lat' dir='ltr'>ponam</span> <span class='ocrx_word' id='word_1_312' title='bbox 1149 4883 1177 4946; x_wconf 77' lang='lat' dir='ltr'>l’l</span> <span class='ocrx_word' id='word_1_313' title='bbox 1193 4883 1223 4934; x_wconf 80' lang='lat' dir='ltr'>ll.</span> <span class='ocrx_word' id='word_1_314' title='bbox 1240 4883 1267 4935; x_wconf 83' lang='lat' dir='ltr'>lu</span> <span class='ocrx_word' id='word_1_315' title='bbox 1283 4884 1334 4937; x_wconf 79' lang='lat' dir='ltr'>buc</span> <span class='ocrx_word' id='word_1_316' title='bbox 1348 4882 1480 4949; x_wconf 61' lang='lat' dir='ltr'>nguine.</span> 
     </span>
    </p>
   </div>
   <div class='ocr_carea' id='block_1_7' title="bbox 0 0 2082 6546">
    <p class='ocr_par' dir='ltr' id='par_1_10' title="bbox 0 0 2082 6546">
     <span class='ocr_line' id='line_1_37' title="bbox 0 0 2082 6546; baseline 0 3"><span class='ocrx_word' id='word_1_317' title='bbox 0 0 2082 6546; x_wconf 95' lang='lat' dir='ltr'> </span> 
     </span>
    </p>
   </div>
  </div>
 </body>
</html>
