4154 6546
772 751 912 807 CANTUS
937 751 1095 808 DECIMUS
1119 752 1303 807 SEPTIMUS.
1550 740 1620 805 575

454 896 658 993 indigentiis
682 896 860 971 omnium.
895 897 1074 974 Describit
1106 896 1216 971 etiam
1246 893 1467 991 generaliter
1497 915 1626 969 omnes

452 1020 499 1093 ab
525 1017 678 1114 insignio
703 1038 788 1110 su03
815 1024 851 1091 et
876 1016 946 1091 boc
972 1018 1055 1092 lacit
1077 1028 1120 1093 ut
1144 1015 1321 1105 ostendat,
1342 1014 1442 1106 quod
1461 1013 1516 1087 isti
1538 1035 1625 1109 pro·

452 1139 603 1214 fitentur
633 1143 760 1233 sponte
786 1144 823 1211 et
847 1136 991 1232 publice
1018 1144 1055 1211 et
1081 1135 1327 1211 inverecunde
1352 1156 1461 1207 suum
1490 1134 1624 1208 infame

453 1260 629 1353 officium,
655 1258 845 1332 manifeste
863 1258 1019 1332 tenendo
1045 1259 1204 1332 bancum
1233 1263 1270 1332 et
1295 1254 1522 1330 extendendo
1544 1254 1624 1329 vela

390 1461 393 1466 ,
453 1380 661 1476 insignum
691 1378 790 1453 artis.
822 1378 900 1453 lmo
931 1379 1068 1453 iaciunt
1098 1377 1242 1474 publice
1272 1376 1508 1473 praeconizari
1538 1375 1625 1470 quid

451 1500 573 1576 lacere
598 1500 795 1593 intendant,
813 1499 897 1575 licet
917 1499 1025 1573 bodie
1048 1501 1171 1594 plures
1196 1499 1266 1571 sint
1292 1496 1452 1571 usurarii
1477 1496 1620 1591 occulti,

452 1642 564 1715 quam
591 1619 781 1713 manifesti,
816 1620 903 1713 quia
936 1641 1050 1694 usura
1080 1619 1246 1694 transivit
1270 1618 1396 1692 diebus
1421 1616 1552 1692 nostris
1577 1616 1622 1691 ad

378 1819 381 1825 ,
451 1759 672 1835 campsores,
698 1746 934 1834 mercatores,
961 1746 999 1814 et
1023 1739 1205 1834 artifices3
1232 1738 1319 1834 imo,
1345 1738 1443 1830 qnod
1474 1745 1529 1811 est
1553 1758 1624 1833 pu·

451 1861 654 1935 dibundum
679 1860 813 1953 dicere,
838 1860 885 1934 ad
910 1861 1092 1954 praelatos,
1117 1860 1334 1953 sacerdotes,
1362 1871 1399 1935 et
1424 1859 1623 1933 iratres.—

455 1985 530 2071 our'.
557 1982 622 2056 Hic
647 1981 803 2056 finaliter
828 1987 937 2055 autor
962 1981 1134 2056 claudens
1148 1975 1184 2074 (¹)
1205 1981 1309 2056 istam
1328 1980 1521 2054 materiam
1542 1986 1624 2053 tan-

450 2103 503 2198 git
530 2124 645 2175 unum
672 2102 874 2198 malignum
900 2109 1024 2176 actum
1041 2093 1077 2194 θ)
1106 2102 1200 2176 illius
1223 2100 1464 2195 loeneratoriS,
1482 2101 1621 2174 dicens:

450 2226 521 2316 qui,
539 2222 684 2315 scilicet,
703 2221 798 2297 lacto
820 2221 891 2296 fine
916 2221 1037 2296 verbis
1061 2222 1147 2315 suis,
1175 2221 1234 2295 bic
1252 2221 1460 2298 transvertit
1478 2220 1621 2314 faciem,

450 2365 469 2415 a
493 2348 606 2415 trusae
629 2343 668 2413 di
687 2345 749 2436 sor
773 2344 811 2414 lo
836 2345 969 2432 linquo,
995 2341 1213 2434 bestialiter3
1235 2341 1317 2415 ideo
1346 2341 1430 2416 dicit
1454 2362 1477 2414 a
1502 2339 1621 2433 simili,

450 2482 546 2536 come
565 2463 619 2534 bo’
631 2464 690 2535 cte
702 2465 729 2535 'l
742 2483 830 2535 noso
851 2465 963 2535 lecrbi.
985 2462 1087 2535 Unde
1107 2461 1198 2535 scias
1219 2461 1317 2554 quod
1336 2461 1402 2537 iste
1419 2461 1619 2536 ioenerator

449 2583 559 2656 habet
573 2573 610 2674 (³)
636 2603 682 2656 ex
709 2603 823 2676 prava
848 2582 1112 2656 consuetudine
1128 2583 1238 2659 istum
1256 2582 1444 2656 bestialem
1463 2601 1619 2676 morem,

450 2705 549 2799 quod
574 2725 671 2799 saepe
696 2724 783 2777 cum
800 2704 944 2780 dixerat
962 2704 1085 2798 aliqua
1103 2705 1217 2779 verba
1235 2725 1320 2779 cum
1342 2704 1477 2799 aliquo,
1505 2702 1621 2798 turpi-

451 2836 507 2900 ter
533 2825 749 2900 extrahebat
774 2825 937 2920 linguam
956 2846 1084 2900 versus
1102 2847 1251 2919 nasum;
1270 2824 1352 2899 licot
1373 2825 1483 2899 etiam
1509 2835 1618 2901 autor

450 2945 560 3039 possit
585 2944 777 3020 ostendere
802 2966 868 3040 per
893 2945 1004 3018 istum
1021 2952 1146 3019 actum
1166 2945 1425 3039 particularem
1448 2951 1619 3018 naturam

450 3085 685 3139 communem
712 3065 990 3160 loeneratorum,
1019 3064 1081 3159 qui
1108 3051 1374 3160 utplurimum
1401 3065 1536 3140 babent
1557 3065 1622 3137 tri·

448 3197 521 3262 stes
546 3206 681 3279 mores,
702 3192 739 3260 et
758 3193 844 3260 sunt
867 3187 946 3261 sine
970 3186 1070 3261 omui
1088 3186 1184 3261 bona
1206 3184 1376 3260 civilitate
1389 3173 1427 3278 (⁸)
1455 3192 1493 3259 et
1518 3186 1622 3280 quasi

449 3306 539 3378 nulli
565 3305 659 3380 bene
684 3306 917 3380 conveniunt.

523 3431 568 3498 Et
589 3429 624 3498 io
650 3429 815 3500 lemano.
842 3427 913 3499 lsta
939 3434 994 3500 est
1019 3426 1125 3503 tertia
1151 3447 1236 3520 pars
1261 3425 1407 3521 capituli
1424 3416 1459 3518 (⁵)
1486 3425 1621 3520 inqua

449 3552 570 3640 autor,
588 3545 754 3640 expedita
782 3546 882 3619 totali
898 3536 934 3636 (ὃ)
963 3547 1116 3621 materia
1137 3545 1330 3640 violentie,
1347 3567 1446 3620 nunc
1471 3546 1622 3622 intendit

449 3666 604 3741 transire
628 3666 673 3739 ad
701 3665 893 3739 materiam
920 3665 1184 3741 fraudulentiae.
1212 3666 1256 3738 Et
1284 3666 1404 3761 primo
1435 3667 1621 3762 praemittit

446 3808 553 3861 suam
581 3787 829 3862 reversionem
844 3775 881 3878 (⁷)
899 3786 945 3861 ad
971 3787 1175 3883 Virgilium,
1193 3785 1336 3861 dicens:
1355 3795 1388 3860 et
1410 3790 1445 3860 a'o
1465 3792 1620 3862 mnwado

446 3910 505 3980 ael
527 3903 591 3999 pid
622 3915 699 3980 stur
730 3911 916 3998 nudasse,
946 3906 1039 3982 idest
1069 3907 1235 3982 turbaret
1267 3917 1305 3983 et
1332 3915 1549 4002 provocaret
1572 3907 1619 3982 ad

446 4027 554 4121 iram,
578 4030 640 4119 lui,
667 4027 802 4101 scilicet
821 4027 1024 4122 Virgilium,
1042 4029 1102 4099 olto
1124 4031 1269 4101 m'ooeo
1286 4031 1474 4102 omnmnito
1491 4030 1528 4103 dt
1543 4037 1621 4102 ator

443 4168 546 4239 poco,
572 4154 614 4220 ut
639 4147 755 4241 patuit
780 4147 817 4219 in
842 4146 1017 4241 principio
1050 4148 1162 4242 partis
1192 4149 1439 4244 praecedentis,
1470 4160 1507 4225 et
1536 4149 1619 4223 alibi

446 4267 578 4361 saepius
604 4266 741 4341 dictum
768 4273 824 4341 est
848 4273 886 4340 et
909 4265 1063 4361 dicetur,
1090 4268 1248 4361 qualiter
1278 4269 1449 4365 Virgilius
1475 4290 1620 4366 semper

447 4387 516 4465 luit
538 4393 684 4461 amator
709 4385 909 4481 brevitatis,
927 4394 964 4460 et
988 4387 1123 4462 [lantes
1148 4408 1221 4462 uon
1238 4388 1371 4484 minus,
1390 4397 1549 4464 tornonw
1563 4393 1621 4464 in·

509 4656 537 4717 (’)
554 4657 585 4707 Ε.
602 4658 768 4709 concludens.
1122 4658 1150 4721 (¹)
1166 4660 1192 4711 S.
1208 4666 1295 4711 actum
1313 4662 1394 4712 istius.

509 4732 535 4794 l')
551 4733 582 4782 E.
600 4747 614 4782 e
631 4733 655 4783 S.
674 4734 791 4784 babebat
1121 4735 1148 4799 (⁸)
1164 4736 1195 4788 E.
1214 4738 1366 4789 curialitate.

507 4807 534 4870 (¹)
551 4810 582 4858 E.
599 4811 703 4873 capituli
721 4811 855 4875 generalis,
872 4812 898 4862 in
915 4825 974 4876 qua.
1118 4812 1144 4872 (¹)
1162 4813 1193 4863 E.
1210 4814 1333 4864 totaliter.

509 4883 535 4947 (Ἴ)
551 4885 586 4946 S,
604 4887 634 4936 ll.
651 4900 666 4936 e
683 4890 737 4946 tlt,
755 4887 928 4940 reversionem
945 4902 959 4939 s
976 4892 1052 4953 gente
1068 4889 1248 4942 usurariorum
1264 4891 1296 4941 ad
1312 4889 1461 4954 Virgilium.
