4154 6546
450 764 521 831 498
846 776 1049 830 counuruu
1075 777 1226 828 rnrnnur

448 940 612 995 arenam.
644 919 698 993 Ad
729 920 836 993 euius
867 920 1112 1015 cognitionem
1137 929 1193 995 est
1216 920 1495 1013 praenntandum
1522 921 1624 1015 quod

447 1047 557 1113 autor
582 1040 789 1114 necessario
820 1040 978 1114 babebat
1003 1040 1058 1113 ire
1083 1060 1149 1133 per
1175 1040 1280 1113 istam
1307 1060 1473 1135 arenam,
1500 1042 1530 1116 si
1554 1063 1624 1118 vo-

447 1159 545 1233 lebat
569 1179 790 1253 percurrere
815 1165 935 1232 totum
962 1159 1159 1251 infernum,
1187 1165 1225 1232 et
1250 1178 1323 1232 non
1347 1166 1493 1253 poterat
1513 1155 1621 1255 ire(⁴-)

447 1298 512 1373 per
541 1279 650 1352 aliam
682 1280 794 1372 riam,
820 1278 908 1372 quia
935 1280 1094 1352 tiammae
1118 1298 1285 1352 accensae
1309 1279 1489 1355 cadebant
1510 1281 1626 1357 desu-

446 1416 513 1493 per
543 1417 610 1491 per
638 1404 757 1471 tetum
789 1418 900 1492 super
931 1418 1083 1472 arenam
1115 1416 1200 1490 quae
1232 1404 1315 1472 erat
1343 1396 1392 1472 de
1422 1418 1475 1474 se·
1490 1400 1626 1477 arden·

447 1519 603 1612 tissima3
634 1519 715 1592 ideo
749 1518 837 1611 qnia
870 1516 1019 1592 nolebat
1052 1517 1188 1591 sentire
1221 1517 1349 1590 indum
1385 1518 1623 1596 flammarum

447 1637 582 1711 format
610 1636 677 1710 sibi
704 1637 801 1710 viam
828 1658 941 1709 unam
968 1657 1151 1730 securam,
1184 1635 1270 1728 quia
1299 1634 1403 1733 fingit
1432 1638 1531 1732 quod
1556 1659 1624 1734 per

447 1763 648 1849 utramque
686 1756 802 1850 ripam
840 1762 958 1849 potest
995 1755 1038 1827 iri
1076 1755 1155 1828 sine
1191 1755 1339 1832 laesione
1372 1756 1622 1854 flammarum,

449 1876 533 1969 quia
556 1896 669 1970 vapor
695 1877 843 1949 exaians
869 1896 915 1948 ex
941 1896 1038 1968 aqna
1066 1874 1132 1948 rivi
1161 1875 1339 1969 extinguit
1365 1876 1533 1951 dammas
1558 1898 1624 1952 ea-

448 1995 574 2069 dentes
599 2005 797 2086 antequam
823 1994 1041 2088 perveniant
1072 1993 1116 2068 ad
1151 2001 1289 2069 terram
1315 1987 1536 2088 riparum(¹)
1562 1998 1622 2074 vel

448 2114 495 2188 ad
519 2134 657 2207 aquam
683 2113 852 2186 fluminis.
880 2114 977 2208 Ergo
1002 2113 1192 2189 nantinuat
1217 2112 1311 2186 dicta
1335 2113 1512 2189 dicendis:
1530 2115 1623 2208 quia

449 2233 546 2306 enim
571 2233 715 2306 dixerat
745 2233 781 2306 in
811 2231 884 2306 tine
909 2232 1146 2327 praecedentis
1171 2231 1332 2326 capituti,
1354 2233 1457 2325 quod
1483 2235 1623 2330 margi·

449 2373 513 2427 nes
536 2351 717 2426 faciebant
742 2353 853 2445 riam,
871 2351 953 2426 ideo
979 2372 1078 2425 nunc
1103 2350 1311 2444 dicitquod
1327 2358 1506 2446 ceperunt
1524 2353 1621 2427 riam

448 2492 513 2565 per
534 2490 651 2545 unum
674 2491 825 2565 eorum3
852 2471 951 2546 unde
975 2471 1080 2544 dicit:
1101 2474 1178 2544 dam
1195 2473 1410 2560 dementat
1423 2472 1622 2566 Meuia

448 2590 584 2666 seilicet
607 2597 694 2663 sunt
719 2589 859 2684 lapidei,
887 2597 928 2662 ut
959 2588 1097 2663 dietum
1127 2596 1183 2663 est
1211 2589 1262 2666 in¹
1279 2589 1495 2683 precedenti
1518 2591 1622 2685 capi·

449 2708 541 2799 tuto,
560 2729 629 2780 mu
652 2730 715 2780 een
736 2717 856 2799 porta,
879 2708 1013 2782 scilieet
1036 2729 1102 2802 per
1117 2715 1261 2802 partem
1277 2709 1456 2803 dextram,
1473 2713 1622 2803 elsam

449 2830 507 2901 det
520 2831 646 2919 ruwet,
655 2828 756 2903 idest
772 2829 906 2903 nebula
924 2829 1073 2902 exulans
1094 2850 1139 2902 ex
1162 2830 1252 2922 rivo,
1264 2831 1423 2920 wmpr'n
1436 2832 1476 2904 di
1493 2851 1622 2924 septu,

449 2947 541 3022 idest
565 2946 762 3021 adumbrat
787 2946 954 3041 desuper,
975 2941 1005 3019 si
1029 2950 1088 3020 ete
1103 2952 1204 3021 salva
1220 2952 1398 3040 t’depuue
1417 2952 1470 3040 nti
1486 2952 1624 3041 arpent,

448 3068 539 3142 idest
549 3073 745 3141 conservat
765 3066 864 3140 illesa
883 3067 1083 3159 mimante,
1102 3070 1165 3140 dal
1185 3070 1337 3160 soem·
1349 3069 1623 3156 Quodnicau·

449 3197 507 3262 tur
524 3188 686 3262 declarat
697 3185 855 3260 sormam
870 3186 1025 3262 istorum
1038 3206 1219 3282 aggerum
1236 3208 1303 3280 per
1319 3188 1502 3283 duplicem
1516 3210 1623 3264 enm

448 3307 700 3402 parationem3
726 3312 764 3380 et
798 3305 960 3380 breviter
995 3305 1073 3377 vult
1096 3305 1230 3399 didere,
1255 3307 1356 3400 quud
1380 3326 1538 3404 aggeres
1561 3309 1621 3384 isti

448 3432 534 3500 sum
559 3427 649 3499 tates
671 3425 801 3518 qrraies
826 3423 919 3497 fiunt
943 3424 980 3497 in
1005 3423 1172 3498 Flandria
1192 3426 1301 3519 juxta
1325 3425 1509 3501 civitatem
1527 3427 1624 3501 Bra·

447 3546 517 3643 gire
541 3552 670 3619 eontra
695 3546 874 3639 impetum
896 3545 1022 3638 maris,
1040 3551 1077 3619 et
1094 3545 1221 3637 quales
1239 3544 1331 3619 fiunt
1349 3546 1387 3618 in
1404 3546 1505 3621 italia
1522 3546 1621 3642 apud

447 3665 631 3740 civitatem
657 3663 792 3738 Paduae
818 3671 945 3738 centra
972 3664 1150 3758 impetum
1181 3664 1334 3739 brente.
1363 3665 1406 3738 Et
1426 3664 1473 3739 ad
1497 3664 1623 3741 deda·-

450 3786 629 3860 ratienem
655 3783 782 3878 primae
802 3783 1082 3878 comparationis
1101 3791 1158 3858 est
1173 3784 1376 3879 sciendum,
1392 3785 1495 3878 qued
1520 3785 1623 3879 luna,

449 3924 534 3998 quae
549 3903 727 3998 ,superius
753 3912 883 3978 vocata
909 3907 963 3976 eet
990 3903 1116 3998 regina
1137 3903 1268 3977 interni
1284 3904 1333 3978 ab
1347 3910 1493 3998 autore,
1518 3904 1622 3979 (Μ’

449 4026 508 4100 die
533 4023 692 4098 natarali
717 4030 842 4097 moret
867 4022 922 4095 bis
944 4044 1062 4117 mare,
1088 4030 1127 4098 et
1158 4024 1242 4098 tacit
1275 4024 1419 4098 buxum
1443 4031 1483 4098 et
1503 4024 1624 4100 ⁴redu·

451 4166 540 4218 xnm
566 4144 604 4218 in
629 4166 716 4217 xrnv
743 4143 853 4238 boris,
879 4143 974 4217 sicut
999 4144 1066 4218 iste
1091 4151 1199 4218 autor
1226 4144 1340 4240 tangit
1364 4164 1537 4239 expresse
1557 4165 1624 4221 ca·

449 4265 564 4361 pitulo
581 4264 659 4338 XV!
675 4264 847 4339 Paradisi.
873 4265 977 4339 Luna
995 4264 1091 4339 enim
1111 4271 1166 4339 est
1188 4270 1308 4338 mater
1325 4265 1503 4360 humeris,
1525 4264 1624 4342 aioet

449 4389 503 4462 sei
528 4393 583 4460 est
607 4393 712 4480 pater
743 4384 885 4478 caloris,
914 4392 953 4459 et
981 4384 1131 4458 attrahit
1156 4405 1297 4478 aquam
1329 4384 1376 4459 de
1408 4384 1627 4482 longinque,-

448 4508 543 4582 sient
569 4525 720 4601 magnes
735 4504 1056 4581 numunianum.
1075 4505 1188 4578 istum
1206 4515 1333 4581 autem
1352 4511 1494 4580 mutum
1510 4525 1623 4600 nque

448 4629 535 4701 luna
561 4626 645 4700 iacit
670 4624 935 4699 mirabilissime
951 4615 987 4716 (³)
1006 4625 1044 4698 in
1069 4625 1267 4719 occidente,
1291 4624 1453 4701 maxime
1470 4627 1621 4719 quando

510 4876 535 4938 (¹)
554 4881 599 4927 tre
614 4890 629 4927 e
646 4879 676 4926 E.
694 4879 810 4928 transire.
889 4878 917 4938 (¹)
932 4878 963 4928 R.
980 4879 1096 4942 ubuum
1112 4878 1154 4930 ved
1170 4878 1294 4930 flumini.
1359 4878 1442 4940 (¹18.
1453 4879 1620 4931 ninbssitet.
