3990 6540
689 820 826 876 CANTUS
850 822 1026 888 QUARTUS·
1374 817 1442 882 165

274 968 467 1045 ulciscendi
500 967 545 1042 de
577 966 775 1060 l'arquinio
806 966 984 1060 Superbo,
1017 967 1081 1060 qui
1112 967 1344 1045 interfecerat
1376 973 1442 1048 sibi

271 1090 423 1165 fratrem
449 1090 539 1163 eius.
565 1089 609 1161 Et
625 1087 685 1161 hic
702 1093 786 1161 nota
805 1087 904 1180 quod
920 1093 1029 1162 autor
1047 1094 1215 1165 notanter
1232 1090 1341 1165 dicit:
1368 1098 1447 1185 quel

270 1216 382 1283 Bruto
407 1212 467 1282 cte
490 1200 606 1282 omna
637 1210 828 1299 Tarqnt'no,
846 1207 892 1281 ad
909 1206 1152 1282 differentiam
1169 1211 1328 1285 aliorum
1347 1216 1445 1289 mul-

272 1338 395 1404 torum
422 1329 635 1420 Brutorum,
661 1327 724 1421 qui
754 1327 906 1401 luerunt
938 1333 1018 1422 post
1048 1328 1171 1424 istum,
1197 1337 1236 1405 et
1261 1333 1445 1427 precipue

274 1449 467 1542 utriusque
482 1441 518 1540 (¹)
545 1447 661 1541 Bruti,
694 1447 757 1540 qui
791 1445 947 1542 prodidit
971 1448 1167 1542 cesarem,
1197 1470 1309 1543 quem
1336 1457 1445 1526 autor

274 1572 341 1643 isto
355 1559 391 1659 (¹)
420 1567 520 1663 ponit
536 1568 572 1640 in
597 1573 726 1642 centro
742 1567 875 1641 luterni
895 1567 931 1640 in
953 1587 1019 1643 ore
1035 1569 1202 1644 luciferi.
1224 1572 1316 1645 Nota
1333 1571 1444 1646 etiam

274 1687 373 1783 quod
398 1693 508 1762 autor
529 1686 713 1762 debuisset
727 1686 850 1762 dicere
872 1691 1075 1780 Torpuirdo,
1096 1690 1160 1764 sed
1184 1690 1273 1764 dixit
1288 1682 1323 1783 (Β)
1357 1698 1446 1764 Tur-

275 1811 393 1900 poino,
418 1815 498 1880 tum
524 1815 672 1902 propter
697 1808 970 1881 consonantiam
998 1810 1158 1904 rhithmi,
1183 1810 1340 1886 undeet
1364 1813 1446 1885 Vir·

274 1928 382 2024 gilius
406 1928 457 2002 sic
482 1947 569 2022 sepe
593 1926 678 1999 dicit
702 1932 851 2021 propter
875 1948 1035 2022 versum,
1054 1934 1134 2002 tum
1152 1937 1300 2027 propter
1317 1951 1446 2005 comu-

277 2069 361 2124 nem
379 2068 490 2122 usum
507 2047 690 2140 loquendi,
708 2046 796 2140 quia
818 2048 1018 2143 vulgariter
1035 2056 1074 2123 et
1089 2051 1296 2125 comuniter
1311 2051 1445 2125 dicitur

282 2171 469 2260 Turmdno.
502 2167 698 2261 Tarquinia
729 2167 826 2240 enim
857 2166 924 2239 luit
955 2168 1043 2241 olim
1078 2170 1204 2243 civitas
1232 2171 1382 2264 Tusciae,
1408 2171 1444 2244 in

276 2294 380 2383 purte
400 2287 464 2361 ubi
481 2292 537 2361 est
558 2286 664 2361 hodie
682 2294 843 2359 castrum
862 2287 983 2360 nobile
1004 2289 1153 2364 nomine
1174 2291 1374 2364 Cornetum
1394 2279 1444 2384 (ἥ,

274 2407 321 2484 dc
345 2428 421 2502 quo
445 2408 555 2503 paulo
580 2415 665 2480 ante
691 2407 784 2480 lacta
813 2413 868 2481 est
894 2409 1042 2504 mentio,
1073 2410 1120 2484 dc
1151 2432 1224 2505 qua
1249 2413 1445 2507 Tarquinia

276 2530 374 2604 venit
404 2528 492 2602 olim
523 2526 740 2620 Tarquinus,
775 2526 838 2620 qui
872 2527 989 2602 dictus
1019 2537 1076 2604 est
1108 2531 1265 2626 Priscus,
1290 2533 1355 2626 qui
1379 2532 1447 2605 luit

277 2650 426 2743 quintus
451 2666 517 2721 rex
543 2646 806 2738 Romanorum,
833 2653 870 2720 ot
895 2647 1096 2723 vocabatur
1121 2650 1269 2746 proprio
1299 2651 1447 2725 nomine

277 2770 480 2861 lucumon,
506 2767 569 2840 sed
594 2765 849 2840 denominatus
874 2773 929 2841 est
954 2769 1213 2862 Tarquiniusu
1238 2769 1334 2844 dicta
1358 2770 1447 2844 ciri-

278 2894 351 2963 tate
377 2886 571 2980 Tarquinia
587 2910 597 2979 ;
623 2906 708 2959 nam
735 2893 887 2961 venerat
901 2888 989 2961 olim
1006 2887 1052 2962 de
1067 2888 1219 2984 Graecia,
1239 2888 1447 2964 decivitate

278 3007 460 3084 Corintho.
488 3006 540 3078 Er
575 3004 754 3100 predictis
778 3006 860 3080 vide
884 3027 1002 3099 quare
1032 3014 1141 3081 autor
1172 3008 1337 3082 ordinate
1368 3013 1448 3102 post

277 3129 433 3202 Brutum
460 3125 630 3199 nominat·
647 3125 867 3219 Lucretiam,
899 3124 1045 3200 dicens:
1074 3130 1251 3199 Lucrczta.
1283 3129 1354 3200 lsta
1379 3125 1447 3199 luit

280 3268 374 3321 uror
399 3245 563 3320 Collatini
589 3244 854 3340 prenominati,
880 3244 943 3337 qui
970 3244 1089 3319 iuerat
1120 3244 1165 3319 de
1194 3264 1332 3341 genere
1357 3247 1449 3319 Tar·

278 3367 502 3462 quiniorum,
528 3364 627 3439 unde
646 3371 683 3439 et
699 3364 776 3460 ipse
800 3370 953 3439 vocatus
977 3371 1032 3440 est
1057 3366 1277 3460 tarquinius
1301 3366 1448 3440 Collati-

279 3507 359 3579 nus,
372 3486 419 3560 ab
434 3483 566 3580 oppido
579 3475 616 3575 (⁵)
635 3484 797 3579 Collatia,
816 3484 878 3557 ubi
897 3504 937 3559 se
953 3484 1131 3560 interiecit
1147 3485 1241 3560 dicta
1259 3486 1447 3578 Lucretia3

279 3608 355 3702 ipsc
378 3605 488 3679 etiarn
514 3604 651 3686 Brutus
672 3604 738 3677 luit
763 3604 809 3678 do
829 3624 968 3700 genere
984 3605 1279 3699 Tarquiniorum.
1302 3605 1446 3679 Falsum

277 3734 331 3803 est
360 3746 451 3823 ergo
482 3725 625 3820 ponitus
651 3723 750 3818 quod
774 3725 879 3799 multi
904 3725 1028 3799 dicunt
1058 3725 1155 3820 quod
1189 3727 1359 3803 Lucretia
1382 3726 1449 3800 luit

278 3846 349 3922 illia
369 3847 427 3921 rel
443 3866 539 3920 uror
552 3845 667 3938 Bruti,
680 3845 775 3919 sicut
790 3847 989 3922 Brunettus
1002 3847 1171 3941 Latinus3
1185 3848 1279 3922 hanc
1295 3849 1395 3923 enirn
1410 3838 1447 3941 (¹)

278 3966 466 4041 historiam
491 3966 614 4039 scribit
645 3966 833 4061 eleganter
864 3965 964 4040 Titus
993 3966 1115 4040 Livius
1141 3967 1233 4041 libro
1258 3967 1378 4062 primo
1402 3968 1449 4042 ab

279 4086 373 4160 urbe
397 4085 551 4160 condita.
577 4087 621 4159 Bt
646 4091 731 4160 nota
755 4084 854 4178 quod
880 4091 989 4160 autor
1006 4087 1138 4161 merito
1154 4086 1318 4162 nominat
1342 4088 1448 4162 istam

280 4205 374 4279 inter
399 4207 496 4280 viros
521 4205 689 4299 illustres,
708 4206 805 4299 quia,
827 4212 868 4279 ut
884 4206 969 4281 dicit
986 4206 1152 4280 Valerius
1169 4207 1360 4302 Maximus,
1376 4210 1451 4282 Lu·

279 4325 392 4400 cretio
421 4346 487 4419 per
515 4326 718 4421 malignum
748 4345 915 4401 errorem
948 4334 1090 4401 naturae
1119 4328 1189 4402 sub
1218 4348 1373 4427 corporo
1398 4327 1451 4403 lo-

280 4446 402 4522 minco
427 4445 554 4520 habuit
580 4446 745 4520 unimum
763 4445 905 4521 virilem
919 4436 969 4539 (⁷).
996 4447 1066 4521 Sed
1091 4455 1237 4542 contra3
1263 4447 1450 4544 quomodo

340 4640 368 4699 <u
386 4643 438 4698 ru,
456 4638 534 4688 urm.
876 4635 904 4699 (¹)
922 4643 976 4698 nr,
992 4639 1055 4703 εμο.
1263 4692 1273 4703 ,

341 4714 367 4777 3)
383 4714 409 4765 S.
426 4715 496 4765 dicit.
878 4715 904 4775 ζ’)
922 4719 976 4777 tto,
991 4714 1133 4768 &caelum
1145 4718 1220 4782 Juxta
1235 4730 1310 4769 mro
1324 4718 1357 4769 de
1373 4734 1433 4785 quo.

349 4790 367 4850 ⁸)
384 4790 414 4840 lt
431 4791 524 4853 oppido
539 4789 667 4842 Collatino
682 4791 735 4841 ull.
874 4789 902 4853 ξ’)
917 4789 944 4841 8.
960 4792 1029 4842 hnc
1044 4796 1140 4843 cutem.

340 4865 366 4925 ι’)
383 4865 405 4916 ll
422 4871 505 4916 testo:
527 4867 601 4917 cutus
615 4866 698 4917 rlrllls
713 4868 822 4927 urlnus,
840 4866 954 4931 mullum
969 4879 1062 4919 urum
1078 4867 1191 4921 fortun
1210 4868 1340 4921 nullutn
1355 4884 1451 4936 corpus

278 4942 384 4993 sortitus
398 4947 447 4993 ut.
463 4941 521 4994 Hb.
537 4941 583 5003 Vl,
599 4954 656 5007 cap.
672 4943 693 4994 l.
