4154 6546
774 785 914 841 cuneus
939 786 1085 842 eamus
1456 777 1503 845 ta

331 940 503 1010 autorem
523 933 656 1007 harum
678 930 865 1024 mortium,
883 930 1063 1005 oonvertit
1082 931 1246 1007 furorem
1263 952 1373 1007 suum
1395 952 1506 1026 super

331 1054 546 1150 Euryalum,
558 1057 598 1126 et
613 1051 778 1127 olamans
794 1044 844 1144 (¹),
858 1057 900 1123 tu
913 1051 993 1126 lues
1010 1071 1137 1145 poenas
1154 1052 1363 1145 amborum,
1375 1058 1506 1127 exten·

331 1173 441 1250 (lebat
464 1192 591 1247 ensem
618 1190 730 1266 super
754 1190 853 1245 oum.
880 1170 987 1245 Nisus
1005 1161 1041 1263 (²)
1063 1171 1185 1245 statim
1206 1172 1414 1266 exterritus,
1432 1192 1504 1247 uon

332 1294 458 1369 valeus
482 1291 639 1367 ulterius
664 1310 704 1365 se
730 1290 864 1383 celare,
889 1309 957 1365 noc
978 1296 1123 1365 tantum
1143 1281 1179 1381 (³)
1207 1289 1305 1365 terre
1328 1291 1508 1384 dolorem,

331 1410 445 1509 ooepit
466 1413 541 1488 alta
565 1431 658 1486 voce
682 1409 866 1485 clamare:

408 1578 479 1666 lte,
502 1594 569 1665 me,
594 1575 718 1647 udnsm
744 1573 803 1664 poi
822 1574 913 1667 sesi:
937 1574 976 1644 in
999 1593 1054 1644 me
1078 1575 1263 1645 convertite
1283 1577 1441 1666 smum.-

290 1820 295 1830 .
333 1787 407 1863 ego
430 1771 647 1840 sumantur
672 1766 785 1840 totius
807 1766 938 1860 culpae,
963 1763 1031 1841 iste
1056 1765 1093 1843 in
1118 1764 1229 1841 nihilo
1252 1765 1423 1859 deliquit:

488 1935 636 2003 Eanum
658 1930 827 2024 infelicem
852 1931 995 2002 niumm
1020 1930 1143 2002 ditexit
1165 1931 1339 2002 murm!

332 2127 405 2204 Sed
430 2129 501 2202 lroo
526 2148 600 2203 nou
625 2127 795 2201 obstante
819 2125 879 2201 ille
909 2126 985 2200 dux
1020 2125 1191 2201 Volsoens
1217 2126 1394 2203 transiluit
1419 2148 1507 2205 ense

331 2248 503 2344 pulcrum
538 2254 667 2342 pectus
696 2247 856 2342 Euryali,
889 2245 954 2339 qui
980 2246 1081 2320 velut
1111 2245 1178 2320 tlos
1213 2247 1375 2321 succisus
1407 2247 1507 2322 terro

331 2365 576 2443 moribundus
591 2365 739 2441 devemt
754 2366 802 2439 ad
823 2370 972 2439 terram.
985 2363 1092 2438 Nisus
1106 2353 1143 2456 (⁴)
1160 2364 1350 2459 impatiens
1366 2386 1506 2460 morae,

332 2484 482 2581 ingessit
505 2505 547 2560 se
571 2484 812 2560 furibundum
842 2485 880 2558 in
911 2485 1059 2558 turbam
1090 2483 1263 2578 hostium,
1291 2491 1329 2559 et
1361 2486 1508 2579 petebat

333 2604 452 2680 solun
480 2607 599 2700 ipsum
624 2605 758 2681 duoem
784 2604 879 2681 inter
908 2624 1049 2698 omues,
1075 2610 1113 2680 et
1143 2605 1312 2698 quamvis
1336 2606 1507 2683 omnibus

332 2723 733 2819 circumstrepentibus,
749 2724 899 2799 immisit
916 2744 1042 2800 ensem
1067 2724 1285 2799 fulmineum
1301 2724 1339 2797 in
1355 2745 1397 2800 os
1413 2724 1508 2801 illius

333 2827 575 2936 vocueransts,
600 2842 714 2918 etsie
740 2844 901 2919 moriens
926 2844 1003 2938 ipse
1033 2844 1194 2919 animam
1228 2845 1377 2919 abstrrlit
1401 2845 1505 2919 hosti

333 2960 416 3049 Quo
439 2962 535 3039 lacto
555 2963 661 3059 quasi
685 2965 791 3037 loetus
815 2963 967 3058 projecit
983 2984 1024 3039 se
1040 2984 1152 3058 super
1176 2963 1338 3039 amicum
1363 2965 1507 3060 Eurya-

332 3079 417 3155 lum
441 3083 660 3159 morieutem
686 3089 787 3157 totus
810 3083 1017 3177 periuratus
1041 3084 1089 3157 ab
1115 3084 1289 3178 hostibus,
1307 3091 1346 3159 et
1368 3085 1508 3178 placitu

336 3207 460 3277 morte
484 3202 663 3297 expiravit
687 3221 798 3296 super
823 3220 979 3295 oorpore
1000 3202 1091 3297 ejus
1109 3202 1194 3277 ldeo
1219 3203 1313 3278 bene
1339 3202 1508 3299 Virgilius

215 3337 219 3343 ·
332 3320 542 3416 prorumpit
564 3313 600 3415 (Β)
628 3320 666 3396 in
690 3321 837 3395 laudem
864 3321 1017 3395 istorum
1043 3320 1204 3395 duorum
1228 3323 1457 3397 exclamans:

408 3487 593 3605 Eortsnoti
615 3485 746 3557 umbo!
770 3486 803 3556 si
824 3486 910 3575 quid
932 3505 1011 3556 mea
1035 3487 1198 3557 ommino
1217 3493 1377 3579 possam,

408 3606 514 3678 Natta
539 3607 613 3678 dies
635 3625 801 3697 umquam
825 3607 973 3677 memori
996 3625 1060 3677 vos
1083 3608 1221 3679 mmet.
1236 3625 1321 3679 oeoo.

332 3767 396 3844 llis
414 3768 511 3845 actis
534 3769 660 3845 Rutuli
685 3769 897 3844 detulerunt
921 3789 1008 3843 eum
1024 3771 1173 3865 planctu
1192 3772 1420 3847 Volsoentem
1438 3773 1508 3851 du-

332 3909 416 3965 oem
432 3878 470 3983 (⁶)
496 3909 627 3965 sorum
655 3895 846 3963 mortuum
864 3887 910 3965 ad
925 3894 1047 3982 ,castra
1062 3877 1112 3984 (⁷),
1130 3897 1166 3963 et
1182 3889 1219 3963 in
1244 3893 1371 3966 castris
1397 3892 1506 3968 etiam

331 4029 493 4107 maguus
517 4009 683 4107 planctus
703 4014 784 4082 erat
800 4007 846 4084 de
863 4014 984 4083 morte
1004 4007 1209 4084 oouisorum
1230 4032 1253 4086 a
1272 4010 1357 4087 Niso
1378 4019 1415 4089 et
1435 4013 1509 4089 Eu-

334 4128 450 4225 ryalo·
463 4128 553 4203 Orto
569 4127 628 4203 die
644 4129 791 4202 Turnus
806 4134 973 4202 armatus
985 4128 1090 4203 duxit
1104 4129 1306 4204 exercitum
1320 4141 1507 4211 armatum

334 4255 465 4323 contra
482 4254 633 4343 terram,
655 4253 693 4322 et
714 4248 831 4343 capita
847 4237 883 4339 (⁸)
902 4246 976 4322 Nisi
994 4255 1030 4322 et
1047 4248 1196 4345 Euryali
1211 4240 1247 4341 (⁹)
1265 4251 1377 4326 affixa
1397 4255 1509 4329 hastis

398 4496 428 4559 Ρ)
444 4497 474 4550 1².
489 4498 611 4559 oismuus,
627 4499 742 4551 dtosbsts
759 4505 786 4551 tu
804 4500 867 4551 lues
993 4501 1020 4562 (¹)
1037 4503 1067 4553 E
1084 4503 1159 4555 Nisus
1176 4517 1239 4554 sero
1254 4505 1284 4556 ils
1299 4504 1446 4558 exterritus.

398 4572 473 4635 Μ»
488 4578 591 4626 tuntum
607 4575 684 4626 amiel
699 4575 800 4627 Eurisll
816 4577 936 4628 dolorem
952 4576 1030 4638 tene,
1048 4579 1134 4629 statim
1151 4579 1236 4642 coeplt.

397 4650 425 4713 (i)
441 4651 472 4702 E.
487 4652 564 4704 Nisus
580 4653 630 4704 lsoo
647 4653 791 4717 impatiens,
808 4667 882 4705 mora
898 4653 980 4706 lsouls
995 4655 1108 4719 ingessit.

399 4727 426 4788 (Ἴ
443 4727 475 4777 E.
490 4730 618 4792 prorupit.
992 4731 1019 4792 (⁸)
1035 4732 1062 4783 S.
1078 4733 1172 4785 ducem
1187 4748 1264 4786 suum
1280 4739 1425 4787 mortuum.

399 4802 426 4864 ε’)
440 4803 473 4857 E.
488 4810 581 4867 eastra,
598 4805 642 4857 unt
658 4806 745 4859 etism.
992 4808 1017 4870 Ρ)
1035 4810 1065 4860 E
1081 4816 1107 4861 et
1123 4825 1242 4875 corpora.

397 4878 426 4939 t'l
444 4882 498 4939 tlt,
515 4878 621 4946 Euryali
628 4887 739 4945 portatu
754 4886 782 4933 et
796 4888 897 4937 ostensu
912 4891 972 4938 sunt
988 4886 1141 4940 intrinsecis.
