3990 6540
827 804 966 860 CANTUS
990 805 1157 870 QUINTUS·
1511 799 1575 867 191

411 963 526 1045 terea,
542 952 572 1026 si
590 951 733 1025 nulium
750 948 849 1024 atiud
867 948 1007 1023 malum
1026 955 1247 1041 sequeretur
1265 952 1484 1044 enarratio,
1501 953 1582 1028 finis

409 1075 490 1149 eius
514 1078 570 1146 eet
594 1069 803 1163 penitentie
828 1067 930 1141 Unde
955 1068 1218 1144 Demosthenes
1241 1069 1473 1145 benedixit:
1500 1076 1582 1147 noto

408 1187 1175 1281 metempretipouiteresicutdicetur
1188 1188 1281 1262 inira
1294 1191 1579 1282 capituioXVlli.

408 1314 506 1407 Ergo
525 1311 571 1384 ad
598 1310 740 1384 literam
767 1306 966 1399 redeundo,
992 1307 1088 1382 bene
1107 1307 1191 1383 dicit
1207 1315 1317 1382 autor
1334 1310 1380 1384 de
1401 1312 1482 1386 iooo
1501 1313 1581 1400 isto,

407 1434 469 1507 ade
491 1432 632 1519 auspiia
656 1449 753 1502 rome
780 1433 823 1522 so
853 1448 935 1500 ntor
960 1441 1030 1519 per
1063 1435 1235 1520 tempesto.
1262 1430 1306 1502 Et
1339 1431 1524 1527 restringit
1543 1425 1580 1521 ι’)

407 1542 661 1643 tempestatem
687 1548 834 1623 dicens:
862 1569 898 1620 se
925 1550 974 1620 do
1004 1551 1177 1621 conam
1202 1552 1292 1621 venti
1310 1545 1335 1620 e*
1358 1552 1580 1627 cambottato.

408 1672 502 1747 sieut
525 1668 673 1764 proprie
698 1689 720 1741 a
747 1668 866 1743 Borea
891 1676 929 1741 et
953 1668 1100 1761 Austro,
1121 1668 1185 1760 qui
1203 1676 1288 1742 sunt
1306 1670 1403 1744 venti
1423 1670 1581 1751 violenu',

408 1790 573 1886 oppositi,
597 1809 759 1882 quorum
786 1808 882 1861 unus
909 1788 1050 1862 veuita
1075 1789 1334 1882 septentrione,
1354 1791 1447 1865 aiter
1463 1799 1583 1866 aare·

410 1911 516 2002 ridie;
543 1929 641 1984 uuus
667 1908 828 2003 frigidus,
854 1907 947 1982 alter
971 1907 1128 1998 calidus3
1155 1909 1207 1982 ita
1230 1928 1305 1982 una
1331 1910 1501 2004 cogitatio
1527 1911 1582 1983 in·

410 2032 575 2106 domarat
598 2029 777 2121 auruum,
803 2027 874 2102 alia
899 2027 1094 2125 infrigidat,
1119 2029 1204 2103 tacit
1233 2029 1331 2103 enim
1360 2038 1583 2125 argumenta

408 2151 553 2226 diversa
577 2168 645 2243 pro
669 2156 707 2223 et
731 2155 877 2239 oontra3
904 2153 941 2222 et
971 2153 1073 2221 certe
1105 2148 1204 2222 venti
1236 2149 1407 2222 contrarii
1434 2170 1509 2224 non
1533 2150 1582 2223 itu

409 2269 594 2359 ooltiduot,
619 2269 794 2363 frangunt
823 2274 860 2340 et
892 2267 1054 2340 lacerant
1083 2268 1216 2340 fluetus
1248 2268 1359 2342 maris
1390 2269 1582 2362 inquietos,

409 2388 502 2465 sicut
525 2387 659 2461 diversi
685 2387 865 2482 cogitatus
895 2384 1096 2479 exagitant,
1125 2386 1326 2481 oonssigunt
1350 2378 1386 2476 (²)
1420 2394 1581 2463 ruentem

408 2508 562 2584 amentis
578 2506 747 2599 amantis,
768 2512 805 2579 et
825 2505 876 2577 sic
896 2524 942 2578 en
960 2525 1036 2578 uno
1052 2514 1273 2600 argumento
1292 2507 1475 2581 transitio
1494 2527 1583 2581 con-

410 2630 565 2705 trarium
591 2634 629 2701 et
653 2626 853 2702 revertitur
877 2644 923 2699 er
951 2627 1020 2700 hoo
1044 2625 1081 2699 in
1098 2625 1195 2700 iliud.
1217 2626 1311 2713 Quid
1329 2636 1434 2720 putas
1450 2628 1583 2702 dixisse

410 2748 597 2839 nondam,
630 2745 777 2838 quando
806 2752 933 2839 captus
962 2766 1093 2821 amore
1122 2746 1314 2822 Polisseoae
1350 2749 1582 2842 putoerrimae

411 2866 493 2941 titire
513 2866 636 2958 hostis,
654 2866 713 2940 cui
732 2866 869 2940 iecerat
885 2872 939 2940 tot
955 2886 1091 2961 magna
1107 2872 1144 2941 et
1164 2867 1415 2961 irreparabilia
1434 2868 1582 2960 damna,

411 2988 505 3062 inter
531 2978 615 3081 quse
640 2985 873 3060 interieeerat
898 2987 1098 3060 flecterent
1109 2987 1233 3060 virum
1250 2988 1430 3080 optimum
1455 2988 1584 3082 Troia-

412 3110 576 3182 norum?
599 3105 694 3192 Quid
717 3105 861 3179 dicebat
887 3105 1035 3199 juvenis
1065 3106 1213 3180 nomine
1242 3107 1410 3199 Mundus,
1435 3107 1583 3198 quaudo

411 3232 600 3300 amoratus
624 3231 707 3300 erat
729 3224 777 3299 de
801 3224 952 3299 Paulina
971 3222 1200 3317 pudicissima
1222 3225 1421 3299 mulierum
1448 3225 1584 3299 Boura-

412 3348 573 3419 aarum?
597 3344 691 3431 Quid
716 3344 871 3436 Phoda,
892 3343 1040 3435 quando
1057 3350 1162 3436 capta
1179 3348 1259 3417 erat
1276 3363 1405 3418 amore
1427 3342 1581 3439 privigni

410 3464 469 3539 sui
492 3463 635 3558 tpolitit
659 3465 753 3551 Quid
778 3463 914 3538 Mirrha
938 3469 1045 3556 capta
1068 3482 1198 3537 aurore
1223 3462 1334 3556 patris
1347 3452 1384 3552 (³)
1412 3462 1582 3539 Cinaraet

410 3583 504 3671 Quid
527 3584 693 3659 derum
724 3603 790 3676 per
822 3582 1002 3675 exempta,
1035 3601 1121 3674 que
1145 3589 1230 3656 sunt
1262 3582 1433 3655 infinirat
1461 3581 1584 3656 Unus-

411 3704 569 3798 quisque
593 3709 736 3795 quaerat
761 3702 974 3795 exemplum
998 3702 1036 3775 in
1059 3722 1100 3776 se
1125 3702 1212 3795 ipso,
1238 3703 1269 3776 si
1286 3723 1452 3795 unquam
1468 3702 1580 3776 sensit

411 3824 613 3918 passionem
639 3823 789 3897 amoris.
819 3823 862 3895 Et
891 3822 999 3897 dicit:
1031 3827 1084 3896 La
1113 3824 1249 3914 bellem
1280 3825 1467 3915 tesnardo
1491 3820 1583 3896 idest

411 3945 614 4037 impetuosa
639 3942 832 4016 insufflatio
852 3931 902 4034 (⁴),
928 3942 1015 4034 quia
1040 3942 1187 4016 luxuria
1212 3949 1267 4015 est
1292 3941 1582 4017 velocissimae

411 4063 627 4156 impetuosa,
652 4066 713 4136 eae
735 4065 809 4135 mai
831 4083 903 4135 non
926 4063 1235 4152 restaurarentur
1256 4070 1312 4136 ert
1332 4082 1426 4155 pena
1447 4081 1582 4157 magua

410 4184 576 4272 amantis,
603 4183 667 4274 qui
692 4189 747 4257 ert
771 4181 903 4274 quietis
928 4182 1130 4275 inpatiens,
1155 4189 1195 4257 et
1218 4182 1297 4257 eius
1317 4181 1462 4255 errimus
1487 4202 1583 4255 nun·

472 4381 501 4517 g
517 4382 730 4521 intsfflffint
746 4463 773 4507 et
789 4457 905 4520 affligant
920 4462 1036 4508 mutum
1052 4459 1162 4508 mir
1176 4458 1294 4508 naoth.
1310 4456 1414 4507 usius
1428 4455 1500 4506 dur
1513 4454 1583 4506 tuter

409 4547 468 4584 surr
483 4534 613 4597 unguatur
628 4533 702 4584 dicit:
720 4536 792 4584 sator
805 4533 927 4596 juvenilis
942 4533 1086 4595 impellens,
1103 4535 1148 4596 qui
1165 4547 1216 4583 nou
1233 4534 1332 4596 patitur
1347 4532 1470 4590 tronum,
1482 4531 1582 4594 pulcri·

409 4608 473 4659 todo
493 4612 584 4658 amata
604 4607 728 4663 alliciens.
750 4622 809 4671 quo
825 4613 943 4658 rueretur
958 4607 991 4655 ab
1006 4607 1154 4658 hominibus
1169 4610 1260 4667 amari,
1277 4607 1413 4671 oompeiiit
1427 4612 1454 4657 te
1470 4618 1582 4670 sperare

410 4684 432 4734 E
448 4690 540 4735 eontra
555 4690 644 4734 rotem
660 4685 748 4749 arguit
762 4697 791 4737 se
804 4691 832 4736 et
847 4685 925 4737 datr:
941 4697 1026 4735 nonne
1042 4685 1184 4747 imparitas,
1201 4685 1332 4747 portetur.
1342 4683 1487 4735 reserando
1497 4682 1583 4735 bono·

409 4763 453 4820 ris,
474 4762 554 4812 timor
576 4762 670 4813 morth
691 4762 814 4826 dejiciam
831 4768 858 4815 te
873 4763 900 4813 in
915 4761 1137 4823 desperetionemr
1154 4761 1189 4812 Et
1203 4762 1241 4813 rio
1256 4761 1371 4812 breviter
1386 4771 1419 4811 ex
1435 4771 1488 4809 uuo
1502 4771 1583 4823 ugu-

409 4842 498 4888 meuto
514 4839 607 4889 transit
622 4839 648 4890 ta
664 4840 826 4891 contrarius
842 4845 893 4889 etr.

472 4913 499 4975 (⁸)
515 4913 541 4965 S.
559 4916 639 4977 patris
654 4916 694 4966 rut
710 4916 817 4967 Cinara.
1068 4915 1095 4976 (⁸)
1112 4914 1142 4964 li.
1158 4914 1266 4964 neruo.
