4154 6546
449 803 518 871 196
841 808 1045 866 ecmannum
1071 809 1222 864 manum

446 962 530 1034 llaec
555 956 767 1031 Semiramis
792 956 1016 1032 Babiloniam
1042 956 1199 1031 condidit
1224 963 1262 1030 et
1291 956 1472 1033 altissimis
1499 962 1617 1037 muris

446 1079 569 1172 cinxit,
595 1085 633 1153 et
658 1080 775 1153 multa
800 1079 870 1153 alia
895 1078 1054 1174 gloriosa
1077 1077 1186 1170 tecit3
1216 1097 1315 1171 uam,
1345 1099 1418 1153 nou
1449 1089 1618 1157 comenia

448 1198 612 1272 terminis
638 1197 741 1294 regni
766 1197 951 1293 acquisitis
975 1197 1096 1272 ovino
1112 1216 1194 1291 suo,
1211 1197 1321 1271 etum
1340 1200 1455 1274 movit
1479 1202 1618 1277 bellum

446 1317 566 1412 indie,
596 1338 709 1411 quarn
736 1339 926 1411 nunquam
952 1318 1110 1412 quisque
1140 1317 1288 1392 intravit
1313 1326 1447 1413 praeter
1472 1340 1555 1395 eam
1581 1330 1619 1398 et

447 1438 694 1512 Alexandrum
721 1458 910 1535 maguum.
937 1437 1070 1513 Ultimo
1095 1456 1181 1513 cum
1207 1436 1354 1531 petisset
1378 1440 1617 1515 concubitum

449 1556 509 1630 tilii
525 1557 595 1650 sui,
620 1558 667 1631 ab
685 1578 731 1631 eo
747 1558 938 1633 interiecta
955 1558 1034 1651 luit,
1051 1564 1089 1633 et
1106 1558 1250 1649 merito,
1271 1564 1465 1651 postquam
1487 1581 1621 1658 regna-

448 1685 551 1751 verat
576 1697 642 1771 per
668 1679 758 1751 XLll
783 1700 908 1754 annos.
935 1678 988 1751 td
1016 1678 1240 1773 propositum
1267 1697 1359 1774 ergo
1390 1686 1501 1754 autor
1525 1701 1620 1775 prae·

448 1796 556 1870 mittit
580 1795 812 1871 Semiramim
838 1798 980 1892 ceteris,
1007 1797 1094 1891 quia
1120 1796 1187 1869 luit
1213 1817 1347 1893 magua
1366 1806 1484 1875 mater
1510 1801 1619 1873 luxu·

449 1917 529 2010 riae3
544 1917 674 2011 primo,
688 1918 775 2012 quia
789 1918 856 1991 luit
871 1917 987 2012 prima
1001 1916 1135 1991 lemine
1154 1916 1367 2011 imperatrix
1380 1926 1418 1992 et
1431 1919 1619 2015 regnatrix

448 2038 483 2110 in
508 2036 666 2131 Oriente,
693 2037 755 2110 ubi
780 2037 879 2132 vigel
903 2036 1061 2109 luxuria.
1088 2035 1256 2110 Secundo
1283 2036 1369 2128 quia
1394 2038 1522 2112 babuit
1548 2039 1620 2111 im-

440 2157 591 2250 perium
618 2157 654 2230 in
676 2157 873 2250 Babilouia,
891 2177 975 2249 qua·
992 2155 1060 2229 luit
1076 2162 1196 2230 mater
1216 2154 1462 2230 fornicationis
1479 2179 1501 2231 a
1518 2157 1619 2252 prin-

448 2276 541 2372 cipio
566 2297 687 2372 usque
708 2277 745 2350 iu
764 2277 873 2351 tinem
889 2300 899 2370 3
917 2296 1003 2349 nam
1020 2296 1042 2349 a
1059 2274 1233 2370 principio
1250 2274 1317 2348 luit
1331 2267 1368 2367 (¹)
1386 2276 1617 2351 Semiramim

448 2397 672 2491 predictam,
698 2397 735 2470 in
761 2397 832 2472 fine
856 2396 985 2471 babuit
1001 2395 1288 2488 Sardanapalum
1306 2414 1433 2490 regem
1451 2395 1618 2470 omnium

449 2516 638 2588 bominum
670 2516 1002 2590 luxuriosissimum
1028 2505 1081 2607 (²),
1115 2513 1161 2587 de
1191 2533 1266 2607 quo
1298 2513 1429 2588 dicitur
1460 2515 1619 2590 Paradisi

449 2633 608 2726 capitulo
625 2635 699 2705 XV.
726 2634 860 2727 Tertio,
887 2634 973 2726 quia
1000 2632 1106 2706 nimis
1131 2632 1333 2708 enormiter
1357 2633 1424 2707 luit
1443 2640 1619 2730 corrupta

449 2750 608 2844 luxuria,
623 2758 665 2823 ut
682 2757 780 2845 patet
797 2771 843 2824 ex
860 2750 963 2824 dictis
980 2759 1018 2825 et
1034 2751 1202 2825 dicendis.
1221 2752 1283 2825 llis
1298 2753 1504 2848 praemissis,
1523 2771 1620 2845 nuuc

450 2859 588 2961 veniri)
614 2869 661 2943 ad
685 2870 841 2964 literam,
867 2891 981 2964 quam
1002 2872 1129 2944 ordina
1145 2872 1219 2946 sic:
1243 2875 1370 2964 Qucsd,
1388 2873 1521 2948 scilieet
1538 2873 1621 2946 Vir-

449 2990 569 3087 gilius,
595 2992 643 3061 nu'
666 2992 757 3062 disse
780 2992 902 3081 molto,
929 2990 1020 3065 idest
1045 2997 1144 3084 tuuc,
1169 2993 1207 3063 la
1226 2996 1348 3083 primu
1374 2996 1411 3067 di
1436 2997 1547 3084 color,
1579 2995 1617 3066 di

449 3113 505 3182 cui
529 3117 564 3182 tu
590 3113 671 3183 odoi
693 3130 799 3202 super
823 3113 968 3201 novelle,
991 3114 1032 3204 stt
1055 3112 1332 3203 imperatricem
1357 3116 1458 3185 molle
1480 3115 1617 3207 soocde,

449 3229 536 3323 quia
561 3229 688 3302 babuit
713 3231 849 3303 multas
874 3231 1038 3304 nationes
1066 3230 1136 3303 sub
1161 3250 1224 3324 se,
1251 3232 1309 3305 vel
1336 3234 1406 3306 boc
1422 3231 1508 3308 dicit
1532 3231 1619 3325 quia

450 3348 497 3422 ibi
523 3354 578 3422 est
603 3348 697 3422 iacta
721 3348 849 3424 divisio
875 3350 1103 3445 linguarum,
1130 3350 1228 3423 unde
1260 3350 1410 3425 Babilon
1441 3351 1621 3445 interpre-

451 3474 550 3541 tatur
574 3472 743 3563 coosusio,
768 3469 815 3543 dc
841 3491 914 3561 qua
945 3467 1159 3542 contusione
1187 3469 1330 3546 dicotur
1363 3470 1456 3544 inira
1487 3471 1621 3545 luterni

449 3588 608 3683 capitulo
638 3589 764 3662 XXXI.
791 3589 835 3660 Et
869 3589 926 3661 bic
957 3594 1054 3680 nota,
1085 3595 1128 3660 ut
1159 3588 1282 3662 videas
1310 3590 1426 3663 altum
1452 3590 1620 3662 animum

449 3708 558 3782 unius
583 3708 739 3802 iemiuae,
765 3707 864 3801 quod
889 3706 1099 3780 Semiramis
1125 3705 1209 3780 lecit
1241 3707 1311 3781 tria
1344 3706 1521 3801 miranda,
1552 3728 1619 3802 per

449 3849 533 3928 quae
558 3828 760 3903 ostenditur
785 3826 1067 3923 magnanimitas
1092 3833 1129 3901 et
1155 3826 1424 3922 magnificentia
1440 3847 1518 3901 sua.
1538 3827 1619 3900 Pri-

450 3965 566 4042 mum,
592 3948 680 4041 quia
705 3947 862 4024 condidit
886 3946 1090 4020 mirabilem
1117 3944 1341 4041 Babilonem,
1357 3953 1401 4020 ut
1425 3945 1537 4040 aliqui
1554 3967 1621 4021 vo-

451 4067 541 4160 lunt,
568 4074 605 4141 et
630 4088 712 4142 eam
730 4067 842 4143 cinxit
858 4087 969 4139 muro
985 4065 1220 4160 amplissimo,
1237 4066 1337 4159 quod
1359 4066 1481 4138 nullus
1499 4073 1620 4164 negat.

450 4187 673 4282 Secundum,
704 4187 790 4283 quia
824 4187 900 4283 ipsa
931 4186 1044 4260 traxit
1078 4184 1214 4283 Tigrim
1246 4191 1283 4259 et
1316 4184 1518 4280 Eufratem,
1546 4185 1622 4261 duo

452 4308 612 4382 maxima
644 4309 808 4402 flumina,
838 4308 884 4381 ad
921 4307 1089 4404 regiones
1126 4325 1213 4379 suas
1237 4292 1276 4396 (⁸)
1308 4305 1432 4401 siccas,
1464 4314 1505 4380 ut
1536 4307 1622 4382 dicit

451 4428 671 4523 Pomponius
696 4429 810 4504 Mella.
837 4427 1013 4522 Tertium,
1039 4425 1137 4521 quia,
1160 4436 1202 4502 ut
1221 4425 1344 4503 scribit
1359 4424 1538 4521 Valerius,
1556 4426 1622 4502 Se-

451 4548 616 4622 miramis
639 4548 988 4625 auditarebellioue
1003 4538 1039 4639 (⁵)
1067 4543 1258 4639 babilonis,
1284 4564 1372 4621 eum
1395 4545 1532 4623 laceret
1556 4544 1622 4620 sibi

454 4696 619 4704 ....-—..--
634 4696 833 4704 .-.——.-
1146 4694 1273 4703 -—--—
1278 4694 1621 4703 ——-—-——-...—-·—-

513 4773 540 4835 (¹)
557 4776 586 4825 B.
603 4789 618 4824 e
634 4775 660 4824 S.
677 4776 766 4825 babuit
781 4776 987 4827 Semirimidem.
1043 4784 1046 4790 '
1113 4775 1140 4836 ξ’)
1156 4775 1182 4827 S.
1201 4775 1409 4827 luxuriosiorem.

512 4850 539 4912 (⁸)
556 4851 581 4900 S·
598 4864 613 4901 θ
630 4851 660 4900 Β·
678 4851 762 4900 venio·
1110 4851 1137 4913 (⁴)
1152 4851 1179 4902 S.
1195 4866 1211 4903 c
1230 4856 1283 4914 tto,
1300 4864 1358 4902 urar
1374 4851 1437 4902 otim
1453 4851 1542 4902 decas.

512 4927 539 4991 (Ἴ
557 4931 610 4987 tlt,
628 4924 805 4977 rebellatione.
