4154 6546
453 806 522 874 192
842 807 1047 878 COMENTUH
1072 807 1224 863 fumum

450 980 563 1054 quam
590 956 755 1052 quiescit,
780 961 818 1030 et
842 973 976 1049 oorpus
1001 959 1057 1028 est
1072 971 1219 1048 semper
1234 953 1272 1027 in
1291 960 1406 1026 motu.
1424 953 1509 1029 ldeo
1525 954 1622 1031 bene

449 1079 556 1154 dicit:
583 1097 686 1150 marro
711 1078 736 1149 ti
758 1077 861 1168 spirti
884 1094 951 1147 con
975 1076 1013 1146 lo
1035 1092 1102 1146 sno
1122 1076 1267 1167 rupino,
1285 1072 1372 1166 quia
1391 1073 1526 1149 scilicet
1541 1074 1621 1150 rio-

450 1199 567 1273 lenter
593 1195 686 1290 rapit
711 1202 748 1269 et
773 1193 885 1267 trabit
908 1212 983 1268 eos.
1002 1192 1319 1287 uternensem
1336 1195 1514 1285 cudendo,
1531 1194 1619 1287 quia

450 1319 585 1391 iterum
612 1314 754 1389 reducit
780 1332 855 1407 eos,
880 1312 956 1387 imo
979 1312 1160 1407 infinities,
1177 1311 1224 1386 nd
1244 1310 1418 1386 eumdem
1443 1312 1621 1388 locumet

448 1437 495 1510 ad
524 1436 620 1510 idem
656 1434 875 1529 periculum,
905 1452 975 1507 nec
991 1431 1117 1507 ¹timor
1137 1425 1174 1524 (¹)
1205 1432 1283 1526 bei,
1318 1451 1388 1506 nec
1416 1431 1623 1509 reverentia

449 1556 609 1648 bonoris,
636 1575 704 1629 nec
735 1553 882 1628 infamia
913 1553 1117 1646 bominum,
1142 1567 1212 1627 uec
1240 1572 1400 1648 expensa
1432 1553 1527 1646 aeris,
1552 1572 1623 1628 uec

450 1676 553 1749 labor
579 1675 636 1750 vel
656 1671 862 1769 periculum
880 1691 1057 1768 persone,
1075 1693 1144 1747 nec
1159 1693 1273 1767 mors,
1290 1693 1403 1766 quam
1422 1672 1520 1747 videt
1535 1679 1623 1748 ante

449 1796 588 1888 oculos,
618 1794 770 1869 retrahit
801 1799 839 1868 et
871 1799 1021 1867 revocat
1054 1799 1240 1868 amantem
1276 1794 1324 1867 ab
1359 1799 1494 1868 amata.
1528 1792 1622 1868 Dicit

450 1916 560 1990 etium
580 1906 631 2008 (²),
651 1915 876 2006 percotendo,
901 1913 988 2005 quia
1008 1933 1096 2006 sepe
1112 1913 1264 1987 veniunt
1279 1912 1327 1987 ad
1344 1933 1461 2006 arma,
1482 1920 1521 1988 et
1536 1932 1623 2008 per·

449 2035 591 2107 cutiunt
616 2052 656 2107 se
672 2031 809 2129 gladiis.
827 2031 871 2104 lit
887 2031 1008 2105 subdit
1024 2031 1124 2125 quod
1140 2051 1227 2105 cum
1249 2032 1467 2127 perveniunt
1488 2032 1534 2106 ad
1552 2032 1621 2106 ista
1657 2090 1660 2096 .

448 2152 618 2229 scandula
643 2152 703 2226 vel
727 2157 877 2243 mortes,
903 2150 1027 2224 dolent
1042 2157 1080 2224 et
1096 2150 1145 2224 ita
1168 2151 1411 2226 exardescunt
1436 2151 1502 2244 ira,
1519 2151 1620 2244 quod

446 2273 664 2348 blasfemant
688 2272 818 2346 Deum.
845 2270 948 2344 Unde
975 2270 1084 2344 dicit:
1117 2265 1271 2362 provide
1299 2273 1328 2344 it
1357 2273 1621 2363 compicnto,te

448 2397 562 2466 strido
586 2396 650 2466 e'l
673 2396 836 2483 lonwnw,
861 2391 948 2483 quia
972 2411 1102 2464 amaus
1125 2391 1357 2487 complangit,
1374 2391 1567 2484 conquerit
1581 2382 1618 2482 (³)

450 2513 657 2604 deamata,
682 2511 742 2585 cui
767 2529 853 2604 sepe
877 2516 1024 2584 secatur
1053 2511 1153 2606 gula,
1187 2517 1225 2585 ot
1254 2530 1344 2607 ergo
1363 2501 1399 2604 (⁴)
1426 2517 1550 2584 amata
1574 2511 1621 2585 de

448 2638 584 2722 amato,
610 2631 673 2721 qui
699 2630 902 2702 trucidatur
927 2636 1075 2723 propter
1100 2649 1196 2724 eam,
1213 2633 1355 2722 quondo
1374 2635 1531 2722 pwnpon
1553 2633 1621 2704 do-

450 2754 546 2823 oontr'
569 2770 593 2821 o
618 2753 655 2821 lo
673 2752 793 2838 ruina,
810 2748 911 2841 idest,
930 2750 1077 2841 quando
1094 2751 1293 2825 deveniunt
1310 2751 1356 2826 ad
1374 2750 1617 2826 miserabilem

445 2873 642 2966 jacturam,
668 2867 761 2941 sicut
785 2887 871 2961 sepe
897 2867 1074 2962 videmus,
1099 2876 1191 2962 quot
1215 2870 1396 2945 dodemnt
1420 2871 1487 2945 sibi
1516 2889 1620 2944 mor·

449 2998 524 3064 tem
550 2988 586 3060 vi
610 2986 759 3079 amoris,
784 2987 847 3080 qui
870 2987 978 3060 nullis
994 2995 1111 3082 potest
1128 2987 1271 3085 legibus
1287 2991 1451 3065 coerceri
1466 2977 1516 3083 (ὅ).
1534 2990 1620 3064 ldeo

449 3109 559 3183 dicit:
584 3108 775 3180 documen
800 3109 894 3197 quiri
916 3110 954 3180 ta
979 3105 1076 3182 verbi
1100 3112 1234 3201 dono,
1259 3110 1394 3185 scilicet
1419 3130 1465 3185 ex
1491 3110 1621 3204 despe-

451 3228 603 3321 ratione,
628 3226 715 3319 quia
740 3247 827 3321 sepe
851 3229 1076 3322 suspendunt
1096 3248 1136 3304 se
1161 3231 1306 3324 laqueo,
1324 3231 1572 3327 transfingunt
1580 3220 1618 3322 (⁸)

449 3349 581 3445 gladio,
593 3354 658 3423 aut
671 3347 901 3422 trucidantur
913 3350 961 3423 ab
973 3349 1236 3424 aliis-Intcsi.
1252 3351 1317 3425 llic
1333 3359 1443 3426 autor
1460 3352 1620 3426 declarat

450 3470 513 3562 qui
543 3474 628 3541 sunt
663 3467 720 3541 isti
754 3467 913 3542 infelices
948 3475 1023 3541 tam
1059 3469 1156 3542 male
1194 3470 1304 3562 ducti,
1343 3470 1490 3545 dicens:
1521 3473 1621 3544 bricci

449 3591 709 3681 cd'r'peccotor
733 3589 885 3676 carnoti,
912 3585 1003 3661 idest
1034 3588 1225 3680 luxuriosi,
1256 3588 1321 3681 qui
1347 3595 1487 3682 ponunt
1511 3609 1619 3662 suam

451 3709 655 3783 felicitatem
682 3707 719 3779 in
745 3706 865 3780 carnis
895 3706 1128 3800 resolutione,
1158 3710 1218 3780 cde
1245 3715 1413 3781 sometton
1442 3712 1478 3781 tc
1507 3729 1619 3781 rusori

450 3832 490 3901 ol
512 3832 651 3918 muto,
668 3825 760 3901 idest
776 3825 963 3921 appetitui,
986 3826 1074 3919 quia
1090 3825 1225 3901 scilicet
1242 3833 1425 3922 reguntur
1441 3826 1620 3921 passione,

450 3968 524 4021 non
549 3947 702 4039 ratione,
727 3967 793 4018 son
817 3948 966 4018 dunrmti
989 3966 1013 4017 o
1037 3938 1108 4018 cosi
1121 3949 1210 4039 sotto
1227 3953 1409 4037 mmmm,
1436 3946 1527 4021 idest
1543 3952 1618 4019 tum

451 4070 683 4139 amaro-ll
696 4085 801 4138 come.
820 4064 885 4139 llic
901 4072 1011 4139 autor
1028 4065 1198 4140 describit
1215 4065 1372 4139 formam
1390 4072 1516 4160 raptus
1531 4065 1622 4140 isto·

453 4207 535 4260 rum
551 4175 588 4276 17)
615 4205 681 4280 per
706 4185 1017 4279 comparationem
1044 4186 1187 4291 volatus
1211 4191 1438 4260 sturnorum.
1464 4186 1509 4259 ut
1533 4187 1620 4280 quia

451 4306 629 4383 sententia
655 4313 708 4380 est
733 4307 844 4400 clara,
870 4306 997 4380 ordina
1023 4305 1074 4379 sic
1098 4306 1265 4380 literam:
1291 4298 1400 4378 ecosi
1424 4310 1502 4398 puel
1521 4309 1620 4398 ficto,

451 4429 542 4502 idest
573 4428 632 4501 ille
662 4432 793 4501 ventus
825 4425 999 4519 luxuriae,
1026 4433 1136 4517 porto
1164 4429 1189 4500 t·
1216 4427 1331 4517 spiriti
1358 4427 1456 4517 mac,
1487 4424 1621 4499 scilicet

513 4701 542 4761 (¹)
559 4702 589 4751 Ε.
607 4708 694 4752 terror
710 4703 765 4753 liet.
978 4703 979 4706 ’
1109 4702 1139 4763 (⁸)
1157 4706 1210 4763 111,
1228 4703 1296 4753 Illcit
1311 4715 1383 4766 ergo.

513 4775 540 4838 (¹)
557 4776 586 4824 Ε.
604 4789 619 4825 e
637 4778 690 4835 111,
708 4779 886 4841 conquerltur.
1111 4777 1138 4839 (⁸)
1156 4781 1211 4836 111,
1227 4791 1242 4828 e
1258 4789 1384 4828 nonnemo
1400 4780 1493 4826 ernau.

512 4851 539 4912 (⁸)
557 4856 610 4911 111,
627 4852 786 4902 cobnrort
1109 4852 1210 4914 (18.1
1227 4857 1281 4915 111,
1300 4853 1461 4919 tnnsflgunt.

513 4927 540 4991 (¹)
557 4930 611 4988 111,
627 4940 731 4978 eorum.
1470 4931 1473 4934 ’
