4154 6546
367 743 438 811 256
765 755 969 811 coununuu
994 756 1145 847 mnsam

366 898 507 973 excedit
536 897 733 973 avariciam
760 904 1007 993 ceterorum
1033 898 1116 974 ideo
1145 898 1242 974 bene
1269 897 1366 973 Zeno
1394 896 1536 993 ennea-

364 1040 433 1114 pus
454 1019 666 1095 veronensis
690 1018 775 1093 dieit
799 1018 835 1092 ln
861 1038 934 1094 suo
954 1018 1047 1094 libro
1070 1018 1118 1094 de
1141 1016 1311 1111 aveneio,
1329 1015 1429 1111 qnod
1444 1036 1534 1093 ava·

365 1139 453 1214 ricla
477 1161 501 1214 a
526 1139 665 1242 mundo
689 1159 757 1234 pro
783 1137 937 1214 crimine
962 1160 1035 1213 uon
1060 1139 1229 1232 babetur,
1254 1137 1343 1231 quia
1375 1157 1448 1211 non
1478 1136 1534 1210 in·

366 1258 463 1334 venit
481 1251 518 1350 (¹)
545 1279 568 1332 a
594 1278 670 1352 quo
695 1257 996 1353 reprebendatur.
1022 1258 1067 1332 Et
1092 1257 1151 1332 bic
1176 1263 1262 1332 nota
1287 1257 1402 1332 lector
1435 1254 1534 1349 qnod

364 1385 473 1452 autor
498 1378 661 1472 loquitur
685 1377 745 1452 bie
769 1385 845 1453 tam
870 1385 998 1471 aperte
1022 1397 1069 1453 ex
1094 1376 1352 1474 indignatione,
1377 1376 1468 1469 quin
1492 1374 1531 1449 in

368 1498 441 1570 istis
465 1498 565 1571 nulla
590 1497 735 1572 videtur
760 1517 871 1572 causa
896 1498 1089 1573 avaricia:
1115 1498 1235 1593 primo
1264 1496 1350 1590 quia
1380 1501 1422 1570 ut
1454 1494 1535 1591 pln-

369 1617 506 1691 rimum
530 1618 608 1691 sine
634 1636 770 1713 magno
794 1617 922 1693 labore
946 1617 1165 1713 perveniunt
1187 1617 1235 1692 ad
1260 1617 1328 1691 ista
1358 1614 1534 1691 beneficia

369 1743 406 1809 et
429 1736 525 1811 bona
550 1735 776 1830 temporalia,
803 1742 840 1810 et
865 1756 933 1810 nos
952 1736 1121 1812 videmus
1137 1736 1236 1829 quod
1252 1735 1316 1829 qui
1333 1734 1534 1810 succedunt

366 1856 402 1929 in
428 1854 556 1930 alienis
581 1854 718 1947 diviciis
735 1854 813 1929 sine
830 1855 957 1930 labore
972 1875 1042 1929 sno
1058 1854 1306 1929 communiter
1321 1855 1439 1929 solent
1453 1872 1535 1928 ease

368 1974 527 2072 prodigi3
547 1975 720 2069 secundo,
746 1975 833 2070 quia
857 1975 916 2049 isti
940 1996 1014 2051 nou
1039 1975 1174 2050 babent
1198 1995 1335 2049 uxores
1361 1974 1536 2050 vallilias

368 2114 435 2186 pro
460 2094 594 2188 quibus
618 2094 864 2188 accumulent,
890 2100 928 2168 et
952 2094 981 2167 si
1004 2093 1152 2188 babent,
1171 2115 1243 2168 non
1260 2093 1396 2168 audent
1412 2091 1535 2167 dicare

368 2215 467 2306 quod
491 2213 563 2287 sint
586 2213 668 2307 sui3
694 2220 732 2287 et
756 2212 925 2306 quamvis
948 2220 1058 2287 autor
1089 2212 1256 2288 videatur
1289 2211 1400 2286 lauisse
1428 2210 1535 2285 nimis

368 2334 502 2427 audax,
529 2340 653 2408 tamen
671 2332 776 2407 multi
792 2331 852 2406 alii
870 2332 1078 2407 babuerunt
1095 2333 1189 2406 hanc
1205 2332 1422 2426 libertatem,
1438 2330 1533 2407 siem

371 2453 580 2526 Bernartius
605 2452 669 2546 qui
694 2452 801 2526 dicit:
827 2457 893 2524 Vos
916 2459 1031 2524 autem
1053 2453 1251 2524 sacerdotes
1273 2453 1401 2544 secuda
1423 2453 1535 2524 Deum

367 2571 525 2662 sobolom
549 2573 678 2642 modi.
698 2569 769 2643 Sed
793 2577 894 2645 certe
919 2571 1042 2645 nescio
1059 2571 1184 2646 videre
1200 2591 1348 2645 causam
1366 2569 1534 2645 avunoioe

367 2689 405 2761 in
429 2688 588 2782 prelatis,
614 2687 682 2760 nisi
707 2686 801 2762 lorte
825 2687 913 2781 quia
937 2688 1130 2783 probibitio
1145 2696 1258 2784 auget
1275 2688 1534 2784 eoncupisoan·

366 2807 465 2881 tiam.
497 2807 590 2880 Nota
622 2806 732 2882 otiam
767 2807 867 2901 quod
895 2815 1006 2883 autor
1035 2809 1199 2902 loquitur
1230 2809 1462 2884 solummodo
1489 2809 1535 2883 de

365 2916 553 3017 viciosisl²l
567 2931 604 2999 et
619 2924 771 2999 omnino
787 2926 1036 3001 laborantibus
1054 2927 1121 3002 isto
1139 2928 1281 3004 morbo.
1292 2933 1395 3003 -at
1406 2930 1453 3002 io.
1469 2927 1536 3003 llio

365 3051 476 3118 antor
507 3044 661 3119 ostendit
692 3065 733 3120 se
762 3045 912 3120 avidum
949 3067 997 3122 ex
1034 3047 1214 3143 praediolis
1250 3047 1404 3123 faciendi
1432 3066 1536 3123 men·

369 3165 505 3240 tionem
530 3163 577 3239 de
600 3165 724 3260 aliquo
750 3166 890 3241 lamoso
919 3167 1015 3243 inter
1038 3168 1138 3262 istos,
1165 3167 1262 3242 unde
1289 3167 1397 3242 dicit:
1427 3174 1462 3241 et
1485 3168 1535 3259 io,

366 3284 494 3379 supple
517 3282 615 3357 dixi:
641 3305 663 3357 o
689 3290 858 3377 naono,
882 3289 918 3359 io
941 3289 1061 3360 doore'
1074 3289 1138 3360 beo
1162 3307 1387 3361 recouosoare
1405 3288 1535 3376 αιαιιιὲ,

365 3403 411 3478 de
436 3403 570 3497 quibus
594 3424 739 3499 possem
766 3405 888 3480 lacere
912 3407 1132 3481 memoriam
1146 3397 1208 3499 (³);
1244 3410 1304 3480 ete
1329 3410 1437 3500 litero
1467 3409 1536 3480 ito-

366 3525 486 3595 monadi
518 3525 556 3595 di
583 3527 700 3597 celesti
723 3527 821 3615 moli,
850 3523 942 3598 idest
971 3524 1035 3619 qni
1069 3524 1220 3598 luerunt
1254 3525 1427 3600 maculati
1457 3525 1533 3599 istis

366 3641 477 3736 viciis,
503 3649 561 3715 tro
584 3645 692 3735 quot
714 3645 830 3733 uoluti,
856 3642 948 3718 idest
971 3644 1066 3719 inter
1090 3644 1177 3718 istos
1201 3644 1372 3740 prodigos
1386 3650 1426 3718 et
1443 3663 1533 3719 ava-

367 3781 437 3836 ros.
465 3763 509 3836 Et
533 3761 653 3836 subdit
682 3763 953 3857 responsionem
980 3763 1129 3859 Virgilii,
1158 3763 1223 3856 qui
1259 3763 1379 3859 primo
1416 3763 1532 3860 tangit

365 3881 650 3957 diffamationem
675 3882 759 3956 vitae
783 3882 928 3958 dioens:
946 3891 981 3956 et
994 3886 1052 3958 etti
1067 3905 1091 3956 a
1108 3904 1174 3975 me,
1200 3883 1337 3959 scilieet
1362 3883 1533 3982 Virgilius

368 4002 572 4095 respondit:
591 4023 684 4075 omno
694 4005 858 4095 pomino
877 4006 1000 4095 αάιιιιὲ,
1017 4003 1108 4080 idest
1128 4004 1262 4078 lrustra
1281 4003 1421 4102 ιιοςίιιιι
1442 4003 1534 4079 dam

365 4120 501 4195 lamam
532 4121 617 4216 istis,
650 4123 736 4216 qnia
766 4123 915 4199 luerunt
949 4131 1024 4199 tam
1039 4112 1076 4217 (⁸)
1108 4125 1232 4200 miseri
1264 4125 1364 4218 quod
1392 4125 1531 4200 nnllam

365 4248 572 4316 moerentur
596 4241 745 4336 lamam,
772 4242 869 4318 unde
885 4242 993 4318 dicit:
1011 4248 1048 4317 lo
1063 4252 1281 4317 aoorwooente
1304 4247 1376 4318 otto
1399 4247 1460 4318 ote
1480 4249 1536 4340 seo

365 4363 476 4449 sonzi,
494 4359 585 4435 idest
609 4382 694 4454 quae
720 4361 768 4437 ila
792 4362 996 4459 denigravit
1020 4383 1084 4438 eos
1109 4362 1269 4456 miamin,
1287 4363 1374 4457 quia
1399 4363 1534 4438 militet

365 4480 401 4551 in
433 4480 506 4554 vita
538 4481 772 4557 nesciverunt
802 4483 855 4557 uti
885 4483 1146 4577 temporalibus
1160 4474 1197 4574 (⁵)
1230 4482 1361 4557 vilibus
1399 4482 1534 4578 quibus

428 4704 455 4765 (¹)
472 4705 502 4755 E·
517 4719 570 4756 tlon
586 4708 690 4770 noemi.
1002 4707 1028 4768 (¹)
1045 4708 1075 4759 E.
1093 4708 1124 4758 da
1139 4708 1230 4758 araris.

427 4778 454 4839 ι’)
470 4780 500 4830 Ε.
517 4782 683 4833 mendenen.
1001 4785 1027 4845 ιι)
1045 4789 1099 4846 ιιι,
1115 4784 1150 4834 ιιι
1165 4784 1260 4835 mano.

427 4856 454 4920 (¹)
471 4856 502 4907 E.
519 4858 558 4907 nti
573 4860 765 4922 temporalibus,
782 4862 883 4926 quibus
