4154 6546
875 786 1015 841 caurus
1039 786 1182 840 sarnus.
1540 777 1609 844 237

447 938 525 1003 tum
553 930 638 1022 quia
663 930 882 1022 loquebatur
907 931 952 1003 de
978 931 1132 1005 materia
1159 931 1349 1004 lacrimosa
1368 938 1547 1023 quantum
1566 935 1611 1007 ad

445 1048 562 1142 ipsum
581 1054 618 1122 at
635 1055 923 1122 autorem-Et
936 1053 982 1121 ro.
1004 1049 1108 1122 Nunc
1128 1042 1165 1139 (¹)
1191 1055 1299 1122 autor
1325 1049 1419 1122 dioto
1448 1050 1494 1123 de
1517 1057 1610 1123 statu

446 1167 637 1242 Florentia
662 1167 699 1240 in
724 1168 886 1263 generali
910 1169 1000 1262 petit
1019 1189 1042 1241 a
1059 1168 1153 1241 dioto
1171 1168 1303 1242 Ciacbo
1327 1168 1373 1242 do
1398 1176 1495 1242 statu
1519 1191 1612 1264 quo

448 1286 617 1359 rumdam
651 1288 837 1361 clarorum
868 1287 1034 1360 virorum
1072 1285 1281 1379 particulari
1301 1277 1352 1379 (²),
1388 1295 1429 1359 ut
1462 1288 1524 1361 det
1561 1290 1612 1362 eis

448 1406 618 1480 meritam
644 1407 798 1499 lamam3
829 1407 927 1480 undo
955 1406 1062 1480 dicit:
1089 1413 1121 1476 et
1148 1409 1183 1476 io
1214 1426 1238 1475 o
1270 1409 1329 1495 lai,
1361 1408 1487 1500 supple
1518 1406 1610 1479 dini:

447 1525 615 1617 quamvis
627 1524 675 1597 sis
690 1531 866 1620 gravatus
880 1532 916 1599 et
930 1513 1205 1616 ont-mdiatusffil,
1223 1544 1333 1596 ortoor
1352 1528 1472 1597 vo'clu
1490 1547 1542 1596 me
1559 1529 1611 1595 'o-

446 1648 557 1736 seqni,
582 1644 684 1737 quasi
709 1643 828 1716 dicat:
854 1643 972 1716 dixisti
998 1644 1085 1715 mibi
1110 1643 1245 1735 aliquid
1269 1644 1315 1718 de
1346 1644 1488 1737 tuturis,
1515 1665 1611 1716 nunc

447 1766 557 1839 velim
576 1753 612 1853 (⁸)
641 1763 737 1857 quod
762 1762 860 1837 dicas
886 1764 973 1836 mibi
997 1762 1131 1854 aliquid
1149 1762 1194 1835 do
1210 1762 1391 1856 aliquibus
1409 1765 1610 1858 pratentis,

448 1904 467 1954 e
490 1885 550 1955 obe
573 1885 611 1954 di
630 1877 692 1972 piri
711 1885 844 1973 portur·
869 1886 917 1954 uu'
937 1885 1029 1975 [uoti
1053 1884 1159 1970 dono,
1180 1881 1271 1954 idest
1288 1881 1396 1955 iacias
1417 1882 1503 1956 mibi
1521 1883 1611 1956 libo-

448 2003 571 2077 ralitor
601 2001 756 2097 gratiam
788 2003 959 2096 loquendi
992 2002 1112 2076 adbuc
1143 2022 1290 2075 mecum
1324 2022 1467 2096 parum,
1498 2024 1608 2099 ergo:
1672 2033 1673 2036 Ν

447 2128 581 2196 Dtrnme
614 2144 771 2195 aneson
800 2125 972 2195 nonnata
997 2125 1057 2194 e'l
1085 2124 1255 2212 Teqtimb.
1291 2123 1343 2195 lta
1376 2123 1483 2197 debet
1514 2124 1611 2197 ordi·

447 2245 526 2318 nan
551 2245 655 2318 utera
684 2250 723 2317 ut
752 2243 836 2317 rect:
867 2241 1034 2315 narrum
1067 2241 1134 2314 runt
1159 2243 1414 2336 magnanimus
1439 2244 1541 2317 mines
1566 2217 1625 2316 a&

447 2363 588 2437 Ubertis
612 2361 659 2436 da
685 2361 865 2436 Florentia
891 2362 1056 2455 princeps
1081 2361 1193 2456 partis
1212 2361 1420 2455 Gbibelinae‚
1438 2363 1483 2436 de
1508 2364 1612 2435 cuius

445 2482 581 2554 virtuto
606 2488 643 2555 ot
667 2487 773 2576 gestu
793 2472 828 2570 (⁵)
856 2480 997 2554 dicotur
1022 2479 1128 2572 plene
1153 2479 1310 2572 capitulo
1327 2480 1360 2551 x
1377 2481 1486 2553 buius
1502 2481 1609 2552 Libri.

446 2601 663 2697 'lbegbiaius
681 2591 718 2690 (ὅ)
745 2600 873 2672 nobilis
898 2607 935 2672 ot
959 2599 1118 2693 prudens
1140 2598 1243 2672 milas
1262 2599 1308 2672 de
1333 2600 1540 2693 adimarus
1566 2600 1611 2674 do

446 2723 552 2795 cuius
576 2720 723 2794 consilio
747 2718 889 2791 dioetur
907 2718 998 2790 inlra
1016 2718 1173 2811 capitulo
1191 2718 1269 2791 XVI
1289 2719 1432 2812 Inferni,
1451 2726 1488 2795 et
1503 2721 1628 2816 dicitq

338 2882 354 2903 .
448 2843 584 2930 altason
601 2831 630 2909 si
649 2840 763 2930 daonii,
774 2836 913 2916 ,scilicet
933 2837 1073 2911 bonore
1089 2843 1126 2911 et
1144 2837 1260 2911 lauda.
1276 2839 1319 2911 Et
1337 2839 1394 2911 bic
1411 2845 1495 2912 nota
1513 2841 1610 2933 quod

447 2957 558 3049 aliqui
578 2946 613 3047 (⁷)
639 2956 764 3030 dicunt
789 2956 886 3048 quod
906 2964 1014 3029 autor
1034 2947 1070 3047 (⁸)
1097 2957 1259 3048 loquitur
1276 2958 1423 3050 ironice,
1441 2961 1538 3052 quod
1555 2968 1610 3034 ost

446 3075 590 3170 ponitus
621 3075 772 3167 salsum3
799 3074 883 3166 quia
912 3076 994 3148 licet
1028 3075 1098 3147 sint
1128 3076 1287 3148 damnati
1318 3086 1465 3169 propter
1490 3078 1609 3169 aliqua

446 3196 539 3269 vicia
563 3193 739 3286 enormia,
766 3199 887 3265 umen
913 3199 998 3266 sunt
1023 3193 1221 3266 laudabiles
1247 3200 1283 3268 et
1308 3194 1435 3268 famosi
1462 3195 1608 3270 mundo.

448 3315 549 3388 Unde
583 3318 692 3386 autor
727 3312 811 3397 iacit
851 3331 1022 3407 magnam
1057 3311 1372 3387 comendationem
1404 3312 1450 3386 da
1485 3313 1537 3386 ois
1575 3316 1609 3386 in

445 3433 520 3505 suis
545 3431 641 3505 locis.
667 3435 800 3523 Jooopo
824 3434 1022 3504 Rusticana.
1054 3432 1124 3504 lsta
1155 3431 1222 3503 tuit
1254 3432 1357 3506 milas
1386 3433 1545 3527 prudens
1574 3441 1610 3507 ot

446 3551 611 3644 liberalis,
630 3570 703 3624 non
720 3556 844 3624 tamen
862 3549 989 3623 nobilis
1006 3550 1069 3623 sod
1086 3550 1247 3643 plebeius
1264 3550 1309 3624 de
1322 3551 1450 3624 humili
1462 3571 1609 3646 genere,

446 3690 521 3762 quo
532 3661 567 3761 (⁹)
582 3669 722 3743 dicatur
736 3668 829 3742 inira
842 3668 1002 3761 capitulo
1014 3668 1102 3740 XVl.
1117 3668 1275 3760 *Arriqo
1291 3663 1355 3760 (¹⁰).
1370 3671 1480 3743 lstum
1501 3655 1620 3741 num?¹

445 3808 558 3881 quam
572 3787 771 3862 nominabit
788 3785 943 3879 amplius
952 3777 1023 3878 (¹¹);
1037 3786 1145 3861 debet
1158 3788 1265 3862 tacite
1278 3788 1362 3882 poni
1375 3809 1460 3862 oum
1474 3778 1608 3882 Musca,

446 3908 533 4000 quia
545 3907 611 3979 luit
628 3926 755 3980 sonum
768 3906 804 3979 in
822 3905 951 3978 eadem
969 3906 1086 3998 culpa3
1105 3906 1172 3978 luit
1185 3906 1282 3979 onim
1297 3906 1423 3978 nobilis
1435 3906 1481 3980 de
1493 3906 1610 3979 Silan-

446 4025 552 4118 tibus,
565 4025 615 4097 *e
633 4029 659 4097 'l
674 4030 803 4098 Mosco.
823 4024 892 4098 lsto
912 4023 979 4096 luit
1005 4024 1132 4097 nobilis
1157 4024 1260 4098 miles
1285 4023 1330 4097 do
1343 4025 1545 4099 Lambortis
1565 4026 1621 4133 ἀς

447 4144 639 4236 Florentia,
655 4143 702 4218 do
719 4163 794 4236 quo
809 4141 952 4216 diootur
968 4144 1102 4217 lnlorni
1119 4145 1277 4237 capitulo
1294 4143 1435 4217 xxvltl
1452 4151 1489 4218 ot
1505 4145 1606 4217 dicit:

507 4347 536 4403 (¹)
550 4345 577 4395 8.
592 4346 642 4395 illo
657 4350 733 4395 autor
749 4351 837 4394 nostor
853 4345 931 4394 dloto.
1134 4345 1160 4404 (¹)
1177 4346 1207 4396 E.
1223 4349 1250 4396 ln
1267 4347 1425 4410 particulari.

508 4421 533 4482 (⁸)
549 4422 574 4472 S.
591 4421 799 4473 munius-1³.
815 4423 950 4471 utedlatur.
1133 4421 1159 4482 ι’)
1176 4422 1201 4470 S.
1220 4422 1287 4473 tolo.

506 4496 534 4557 (¹)
548 4497 584 4557 8.,
600 4502 646 4548 tto
661 4510 677 4547 e
694 4497 724 4546 a.
741 4498 827 4560 quun

507 4572 533 4633 (⁸)
548 4572 574 4622 8.
592 4573 730 4636 Tboqiaius
745 4572 795 4623 tntt
810 4573 951 4623 nobilio-
964 4578 1016 4632 tta,
1036 4573 1173 4635 Tboqiaius
1189 4577 1276 4622 autem
1292 4575 1392 4623 nobilis.

505 4647 533 4707 (l)
548 4647 579 4697 B.
596 4648 676 4711 uthul
692 4648 735 4699 blo
751 4649 848 4698 dlonnt.
1130 4646 1157 4706 (¹)
1174 4648 1199 4696 S.
1215 4652 1292 4696 autor
1307 4648 1357 4698 bio.

506 4722 535 4783 θ)
550 4723 577 4775 8.
593 4738 609 4775 ο
624 4723 655 4773 Β.
673 4724 706 4774 do
720 4738 781 4787 quo.

494 4800 533 4862 (o)
547 4801 640 4851 unc·
656 4801 699 4850 nol
714 4800 806 4850 Codice
823 4800 929 4851 Eatenus
945 4805 1042 4864 quanto
1058 4805 1073 4851 t
1089 4800 1224 4850 rumbium
1240 4799 1280 4849 tra
1296 4801 1304 4849 l
1320 4801 1372 4851 dna
1386 4802 1526 4851 mtoriaebl.

498 4877 537 4939 ('¹)
552 4877 579 4926 S.
595 4877 714 4940 molius,
730 4878 774 4928 nod
791 4878 873 4928 debat.
