4154 6546
454 800 523 866 188
851 807 1054 862 commun
1078 807 1229 860 luridum

452 974 596 1050 semper
621 954 730 1028 habet
750 953 918 1048 judicare
942 960 980 1027 et
1003 951 1259 1026 condemnare.
1285 950 1371 1027 ldeo
1395 953 1617 1031 benedicit:

453 1096 569 1148 vanno
595 1095 619 1146 a
644 1076 788 1146 meando
812 1075 977 1145 ommno
1006 1075 1045 1145 ul
1070 1074 1234 1163 mentio,
1263 1073 1408 1167 scilicet,
1438 1095 1513 1149 una
1538 1081 1618 1170 post

313 1277 318 1288 ,
449 1195 559 1269 aliam
584 1193 809 1286 successive;
835 1198 873 1266 et
898 1192 1104 1284 benedicit,
1123 1193 1209 1286 quia
1225 1193 1399 1267 continuo
1416 1195 1520 1270 multi
1538 1215 1620 1267 mo-

450 1316 598 1390 riuntur
623 1320 659 1387 et
680 1311 818 1386 vadunt
835 1311 881 1386 ad
898 1310 1090 1386 lnlernum'
1102 1312 1341 1410 essentialiter
1360 1323 1398 1388 et
1418 1314 1618 1405 moraliter,

450 1444 487 1509 et
511 1453 577 1527 per
602 1451 831 1524 consequens
843 1431 1055 1526 judicantur
1080 1452 1103 1505 a
1128 1431 1358 1506 conscientia.
1384 1432 1486 1507 Unde
1511 1433 1616 1507 dicit:

450 1556 566 1641 deon,
600 1552 738 1646 supple,
776 1552 918 1644 animae,
954 1552 1078 1625 dicunt
1108 1571 1240 1626 earum
1274 1553 1410 1646 culpas,
1443 1573 1462 1624 e
1490 1555 1617 1643 odom,

450 1673 585 1747 scilicet
605 1672 784 1767 judicium
811 1678 848 1746 et
873 1672 1069 1747 sententias
1089 1665 1138 1764 (¹),
1161 1675 1223 1764 poi
1246 1693 1312 1745 son
1335 1667 1395 1762 pol
1420 1676 1520 1764 volo,
1550 1673 1620 1746 sci·

450 1794 533 1866 licet
552 1792 598 1865 ad
618 1811 751 1885 penam
773 1789 1097 1867 destinatam-O
1113 1797 1157 1862 tu.
1177 1790 1253 1882 llic,
1270 1798 1416 1865 ostenso
1434 1791 1619 1884 quomodo

450 1914 562 1986 Minos
574 1931 615 1986 se
628 1910 785 1986 habebat
800 1910 845 1983 ad
860 1909 938 1984 illas
953 1910 1095 1983 animas
1110 1909 1345 2004 damnandas,
1373 1932 1472 1984 nunc
1496 1922 1620 1987 osten·
1681 1933 1694 1949 ·

449 2035 500 2110 dit
520 2030 706 2125 quomodo
722 2050 763 2103 se
779 2029 949 2105 habuerit
963 2020 999 2119 (²)
1018 2049 1107 2124 erga
1123 2029 1242 2123 ipsum
1260 2039 1442 2122 autorem,
1460 2041 1498 2105 et
1514 2031 1617 2125 lingit

449 2153 547 2247 quod
579 2142 750 2225 inclamet
780 2140 815 2241 (³)
853 2149 918 2222 sibi
952 2148 1071 2247 dando
1103 2149 1241 2221 bonum
1276 2150 1478 2223 consilium.
1514 2152 1616 2225 Unde

447 2274 554 2348 dicit:
581 2275 671 2345 disse
695 2273 810 2343 Minos
835 2290 859 2341 a
883 2290 936 2340 me
961 2271 1102 2359 mondo
1127 2283 1180 2340 me
1205 2271 1295 2359 uide,
1319 2270 1466 2364 scilicet,
1488 2271 1614 2344 vivum

448 2393 652 2466 venientem
680 2391 726 2463 ad
751 2410 927 2464 examen:
953 2410 975 2460 o
1001 2396 1035 2460 tu
1052 2391 1112 2460 cde
1127 2390 1218 2461 υίεηί
1236 2392 1274 2461 ol
1288 2391 1454 2461 doloroso
1471 2393 1613 2482 ospr'tto,

446 2513 546 2601 idest,
577 2531 601 2583 ο
633 2521 672 2586 tu
707 2511 852 2601 Dentes,
888 2509 951 2600 qui
985 2509 1086 2581 venis
1119 2507 1164 2580 ad
1196 2507 1394 2600 lnlernum,
1429 2509 1526 2601 quod
1561 2518 1615 2583 est

447 2628 648 2722 hospicium
675 2628 839 2721 perpetui
866 2626 1000 2699 doloris
1024 2629 1167 2716 uuordo
1191 2630 1277 2698 com'
1292 2631 1393 2718 enni,
1419 2628 1555 2704 scilicet
1578 2629 1614 2702 in

447 2746 646 2839 internum,
672 2745 775 2838 quasi
801 2745 915 2816 dicat:
942 2763 1032 2817 cave
1057 2731 1242 2836 quomodo
1272 2746 1385 2820 intres
1417 2748 1522 2824 istam
1550 2747 1615 2821 de-

449 2866 681 2960 scriptionem
707 2865 925 2956 lnlerorum,
951 2868 987 2936 et
1012 2882 1114 2956 cave,
1140 2867 1177 2936 di
1200 2868 1257 2937 cui
1286 2873 1322 2937 tu
1354 2869 1380 2938 ti
1405 2869 1488 2958 fide,
1514 2867 1616 2959 idest,

449 2998 576 3063 utrum
600 2983 771 3078 Virgilius
796 2982 841 3057 sit
866 2981 1051 3054 sufficiens
1075 2981 1121 3055 ad
1145 2982 1355 3057 ducendum
1381 2992 1441 3078 te,
1459 2987 1546 3079 quia
1571 2987 1616 3060 de

450 3106 502 3180 rei
527 3106 681 3179 veritate
705 3103 876 3198 Virgilius
901 3123 974 3176 non
999 3114 1079 3180 erat
1102 3103 1286 3178 sufficiens
1302 3105 1389 3197 dux,
1408 3107 1475 3180 nisi
1493 3127 1617 3181 mora-

449 3226 530 3302 liter
555 3224 750 3319 loquendo,
776 3222 862 3316 quia
882 3211 917 3313 (⁴)
944 3223 1116 3317 Virgilius
1142 3224 1322 3320 ignoravit
1345 3225 1531 3300 lnlernum
1557 3248 1617 3302 es·

299 3349 300 3352 '
448 3346 649 3437 sentialem,
674 3344 720 3418 de
746 3363 821 3436 quo
846 3343 1009 3435 loquitur
1034 3344 1228 3419 christiana
1254 3345 1353 3438 lides,
1380 3352 1420 3419 ut
1433 3347 1510 3440 jam
1523 3337 1615 3424 'satis

447 3466 673 3539 declaratum
700 3475 755 3538 est
779 3462 898 3556 primo
923 3462 1090 3556 capitulo.
1116 3464 1160 3536 Et
1184 3463 1384 3556 dicitquod
1409 3466 1522 3540 Minos
1539 3469 1616 3540 hac

446 3584 545 3677 dixit,
572 3585 738 3656 lassando
763 3585 786 3653 l’
799 3588 871 3653 otto
896 3584 934 3653 di
957 3588 1094 3654 rotomo
1118 3584 1241 3672 officio,
1259 3583 1405 3676 scilicet,
1426 3587 1617 3659 examina·

449 3707 583 3781 tionem
603 3696 639 3795 (⁸)
666 3713 704 3777 et
734 3700 1074 3774 condemnationem
1106 3701 1252 3774 illarum
1286 3703 1507 3774 animarum.
1539 3703 1615 3776 lloc

446 3824 642 3919 aliquando
658 3821 832 3916 contingit
849 3821 886 3892 in
903 3819 1041 3894 mundo
1058 3830 1194 3914 nostro,
1212 3821 1310 3913 quod
1327 3823 1449 3916 lromo,
1467 3823 1615 3897 dimisso

447 3946 593 4039 proprio
627 3943 758 4034 ollicio,
791 3960 877 4034 sepe
908 3940 1061 4014 consulit
1090 3940 1205 4015 alteri.
1241 3940 1285 4015 Et
1314 3941 1434 4014 subdit
1464 3961 1613 4017 causam

448 4064 560 4137 Minos
586 4082 702 4156 quare
726 4071 835 4137 autor
854 4050 889 4151 (⁶)
918 4080 990 4133 non
1016 4059 1146 4135 debeat
1166 4066 1308 4134 temere
1327 4060 1490 4155 introire,
1516 4062 1614 4154 quia,

448 4185 531 4260 licet
555 4183 722 4258 introitus
747 4180 792 4257 sit
816 4179 928 4253 lacilis
962 4179 999 4251 in
1027 4179 1225 4270 inlernurn,
1256 4185 1379 4253 tamen
1409 4180 1530 4254 exitus
1562 4193 1615 4257 est

448 4303 678 4377 difficillimus
700 4290 749 4392 (⁷).
780 4301 877 4374 Leve
905 4299 1003 4372 enim
1033 4309 1088 4375 est
1119 4299 1256 4371 intrare
1291 4299 1386 4372 viam
1423 4300 1614 4392 viciorum,

447 4423 511 4497 sed
540 4422 647 4495 nimis
679 4420 816 4493 durum
849 4426 903 4492 est
933 4418 1059 4512 exire;
1092 4424 1128 4492 et
1162 4419 1210 4491 ita
1245 4418 1350 4492 lacilc
1379 4425 1434 4493 est
1463 4419 1614 4516 aggredi

508 4611 535 4672 (¹)
551 4612 582 4662 E·
598 4612 760 4663 animuum.
1128 4610 1155 4673 (ἢ
1171 4611 1201 4662 lt
1218 4624 1245 4662 re
1261 4611 1358 4663 lurtum

508 4686 535 4749 (¹)
550 4686 575 4737 S.
592 4687 696 4737 inclinet
714 4688 770 4737 sibl.
1026 4685 1031 4696 '
1128 4685 1155 4748 ζ’)
1170 4686 1197 4737 S.
1213 4689 1273 4751 qula
1289 4688 1424 4752 ignorarit.

508 4765 536 4827 (¹)
553 4768 607 4824 llo,
622 4765 837 4816 examinationem
853 4766 959 4816 illarum
975 4765 1129 4814 animarum.

507 4839 534 4900 (⁸)
551 4840 581 4889 n
597 4845 673 4889 autor
688 4839 780 4889 debut
796 4841 890 4889 timere
906 4840 1015 4889 introire
1032 4845 1139 4898 lomere,
1156 4841 1223 4903 quia.

509 4914 537 4978 (Ἰ
554 4920 608 4976 llo,
625 4913 741 4965 dlllloilla
