4154 6546
455 778 525 845 426
845 787 1047 844 conrnrrnr
1072 790 1223 843 insanin

452 932 569 1027 miles,
594 934 749 1004 clt’anno
778 935 816 1005 in
840 935 921 1005 odio
949 936 964 1004 i
988 936 1104 1025 tuopte·
1126 936 1219 1025 cotti,
1245 935 1338 1008 sicut
1368 941 1425 1008 est
1453 936 1625 1011 naturale

452 1053 550 1146 quod
568 1052 652 1128 talia
678 1052 849 1127 animalia
866 1052 1011 1148 lugiunt
1037 1060 1216 1147 quantum
1238 1060 1390 1148 possunt
1414 1054 1493 1129 loca
1519 1054 1626 1129 labo-

452 1181 542 1268 rata,
560 1173 768 1267 domestica,
787 1173 958 1265 habitata,
977 1195 1061 1268 quae
1087 1180 1171 1248 sunt
1198 1174 1343 1249 inimica
1369 1175 1446 1269 sihi,
1473 1182 1532 1248 tra
1559 1181 1625 1248 σε·

451 1297 531 1366 circa
555 1316 574 1366 e
594 1298 753 1384 cerreta,
780 1313 863 1386 quae
889 1304 974 1370 sunt
999 1294 1082 1367 duae
1108 1301 1217 1368 terrae
1243 1294 1279 1367 in
1305 1294 1502 1389 maritima,
1528 1295 1624 1370 inter

341 1486 344 1491 .
451 1436 544 1507 quas
564 1421 650 1487 sunt
670 1434 821 1488 nemora
848 1413 1070 1488 densissima.
1090 1415 1302 1508 Cornetnm,
1320 1414 1367 1489 de
1392 1436 1466 1509 quo
1482 1415 1622 1490 dictum

452 1533 558 1607 estin
583 1533 741 1627 capitulo
765 1532 995 1627 praecedenti,
1015 1540 1070 1607 est
1094 1533 1357 1607 nobilissimum
1375 1541 1537 1608 castrum
1556 1557 1622 1610 su-

450 1676 517 1749 pra
543 1654 634 1729 mari
662 1661 765 1727 tusco
791 1654 1060 1728 circumdatum
1086 1653 1215 1748 triplici
1241 1674 1368 1748 mnr03
1387 1654 1485 1730 unde
1502 1654 1621 1730 credi·

451 1781 513 1848 tur
538 1774 625 1848 olim
651 1774 762 1848 fuisse
790 1774 981 1848 Dardanus
1006 1774 1147 1868 primus
1172 1780 1282 1848 autor
1309 1774 1426 1849 Troiae
1443 1769 1495 1870 (¹),
1525 1777 1622 1852 sicut

450 1895 587 1969 dictum
615 1902 671 1969 est
694 1895 731 1967 in
758 1894 803 1968 lV
827 1895 998 1990 capitulo,
1024 1916 1096 1967 non
1120 1897 1191 1967 ian
1215 1888 1246 1967 sl
1270 1898 1370 1986 cspn‘
1392 1899 1500 1989 sterpt
1523 1891 1621 1972 nasi

447 2020 536 2110 solli,
565 2016 603 2089 in
632 2016 741 2112 sylvis
766 2014 851 2110 suis,
881 2014 986 2109 sicut,
1005 2016 1142 2110 supple,
1160 2015 1293 2088 animae
1309 2016 1464 2090 istorum
1489 2018 1620 2113 despe-

450 2143 616 2210 ratorum
642 2137 778 2211 hahent
808 2137 937 2232 stirpes
962 2157 1122 2230 asperos,
1148 2135 1291 2230 spissas,
1316 2136 1430 2211 duros
1462 2145 1500 2212 et
1523 2159 1620 2232 pun-

448 2262 586 2352 gentes.
611 2256 654 2333 Et
679 2256 736 2330 hic
761 2264 847 2331 nota
873 2263 1052 2351 quantum
1079 2256 1304 2350 comparatio
1330 2257 1396 2333 ista
1422 2258 1468 2331 sit
1492 2260 1619 2352 pulcra

449 2382 486 2449 et
510 2376 668 2470 propria,
694 2377 780 2470 qnia
806 2377 904 2450 nulla
931 2383 986 2450 est
1011 2377 1097 2450 laera
1124 2376 1307 2471 sylvestris
1332 2376 1507 2451 infelicior
1531 2377 1618 2472 istis,

449 2496 512 2588 qui
539 2496 713 2591 sugerunt
739 2498 818 2569 loca
844 2495 1003 2569 habitata
1027 2495 1075 2569 ab
1105 2494 1323 2587 hominibus,
1348 2502 1387 2569 et
1409 2495 1557 2570 iverunt
1582 2497 1619 2570 in

450 2621 586 2688 terram
613 2616 659 2689 ad
683 2615 936 2710 generandum
950 2606 987 2706 (²)
1009 2615 1142 2690 herbas
1168 2615 1225 2689 vel
1250 2615 1421 2708 arbores3
1440 2623 1477 2689 et
1501 2616 1537 2688 in
1565 2617 1618 2691 rei

449 2736 603 2812 veritate
620 2738 729 2808 nnllae
754 2736 850 2808 iaerae
868 2736 1002 2810 liabent
1026 2735 1178 2809 arbores
1194 2735 1244 2808 ita
1270 2736 1465 2831 sylvestres
1490 2736 1528 2810 in
1551 2738 1619 2811 ha-

452 2855 624 2929 bitatione
649 2877 716 2928 sua
742 2855 836 2928 sicut
861 2854 937 2928 istae
961 2855 1107 2946 animae,
1124 2855 1209 2947 quin
1238 2855 1336 2929 laerae
1361 2855 1456 2931 inter
1472 2845 1509 2948 (³)
1529 2855 1619 2930 alias

448 2974 600 3048 arbores
626 2974 760 3048 habent
785 2994 962 3048 cavernas
987 2981 1126 3047 suaset
1151 2974 1334 3068 stationes,
1351 2975 1484 3068 quibus
1509 2984 1617 3050 natu-

449 3095 573 3169 raliter
605 3094 832 3168 delectantur
863 3099 900 3166 et
932 3094 1026 3167 inter
1057 3114 1148 3186 quas
1179 3094 1292 3168 libere
1322 3104 1503 3190 vagantur
1539 3096 1618 3171 sine

448 3237 566 3311 poena.
585 3215 725 3289 Animae
742 3235 832 3289 vero
851 3214 1001 3287 istorum
1030 3214 1164 3287 habent
1184 3213 1242 3287 hic
1267 3234 1434 3288 carceres
1457 3235 1616 3308 amaros,

448 3336 581 3430 quibus
605 3336 858 3408 innaturaliter
872 3323 908 3426 (⁸)
929 3334 1177 3425 involvuntur,
1195 3339 1233 3408 et
1257 3334 1431 3408 continuo
1450 3335 1618 3409 laceran-

450 3463 510 3528 tur
527 3465 564 3530 et
588 3454 816 3545 cruciantur3
835 3475 926 3548 ergo
950 3453 1006 3527 isti
1033 3459 1118 3526 sunt
1142 3454 1332 3528 deterioris
1347 3446 1382 3545 (⁵)
1402 3453 1616 3529 conditionis

448 3596 560 3669 quarn
586 3575 664 3647 aliae
689 3574 976 3661 iaerae.-()nivt.
1003 3572 1108 3647 Nunc
1137 3580 1257 3667 auter,
1291 3574 1470 3668 descripta
1496 3543 1626 3669 poena,q

447 3694 616 3769 describit
632 3693 816 3766 ministros
832 3714 962 3788 poena,
979 3692 1114 3767 scilicet
1131 3694 1275 3788 harpias
1290 3684 1342 3787 (⁶);
1361 3702 1398 3768 et
1414 3695 1501 3787 quia
1522 3694 1617 3767 istud

448 3823 502 3890 est
535 3814 778 3888 tristissimum
811 3835 955 3906 nemus,
987 3813 1067 3887 ideo
1100 3814 1195 3887 bene
1228 3815 1289 3887 dat
1322 3815 1357 3888 ei
1397 3814 1617 3890 tristissimas

447 3957 544 4011 aves.
571 3934 624 4009 Ad
648 3934 834 4009 sciendum
861 3940 987 4006 autern
1015 3953 1098 4026 quae
1114 3923 1150 4024 (⁷)
1177 3933 1248 4006 sint
1274 3934 1362 4025 iste,
1381 3942 1437 4008 est
1456 3934 1617 4008 breviter

448 4056 647 4149 sciendum,
665 4054 762 4148 quod
789 4054 881 4126 sicut
906 4059 1024 4146 potest
1050 4053 1169 4148 colligi
1195 4073 1241 4126 ex
1268 4053 1416 4148 Virgilio
1440 4054 1486 4124 lll
1511 4054 1619 4128 Enei·

447 4178 535 4251 dos:
574 4176 715 4270 Harpiae
751 4180 837 4247 sunt
874 4194 962 4247 aves
1001 4173 1243 4266 rapacissimae
1280 4173 1456 4247 habentes
1493 4174 1617 4247 vultus

448 4297 641 4393 virgineos,
659 4301 823 4369 ventrem
844 4293 1102 4389 ingluviosunr,
1116 4292 1353 4366 foedissimum
1369 4283 1418 4387 (⁸),
1436 4314 1502 4369 cra
1519 4314 1617 4368 senr-

447 4438 512 4511 per
529 4416 658 4511 pallida
675 4416 783 4507 lame,
802 4436 933 4488 manus
953 4434 1147 4505 recurvas3
1166 4434 1326 4506 quarum
1352 4413 1513 4488 officium
1536 4421 1618 4489 erat
1661 4411 1664 4414 ’

508 4598 537 4663 (¹)
549 4601 579 4650 E.
595 4601 695 4650 ltomn.
1119 4598 1147 4661 (Ἴ
1164 4602 1219 4656 tlt,
1236 4599 1408 4662 generandam
1425 4599 1541 4650 berbm.

510 4678 535 4738 (¹)
552 4678 577 4727 S.
594 4690 609 4726 e
627 4677 657 4725 E.
674 4677 741 4725 inter
757 4676 814 4725 illas
831 4677 936 4726 arbores
952 4677 1047 4726 habent
1064 4689 1185 4727 cavernas
1202 4683 1229 4726 et
1245 4677 1373 4725 stationes

508 4752 534 4813 (⁸)
550 4754 580 4802 Ε.
597 4752 757 4802 naturaliter.
1118 4753 1145 4815 (Ἴ
1163 4758 1216 4812 trs,
1234 4753 1386 4803 deteriores.

507 4828 534 4889 θ)
550 4827 581 4878 ll.
597 4830 712 4891 harpias:
729 4829 788 4892 quia
805 4842 867 4879 vero
884 4829 961 4879 istud.
1118 4830 1145 4892 (¹)
1160 4829 1186 4879 S.
1202 4835 1266 4894 quot
1282 4834 1343 4879 sunt
1360 4830 1427 4880 ista.

507 4905 533 4967 (¹)
550 4907 580 4957 lt.
597 4906 736 4958 toediuima
752 4919 807 4964 ora,
825 4919 935 4970 semper.
