4154 6546
456 791 526 859 loo
853 803 1233 885 concumulandam
1284 874 1286 878 ‚

455 948 673 1043 spoliatum:
699 959 780 1024 erat
804 947 903 1023 euim
927 950 1041 1023 arbor
1065 951 1208 1025 novella
1233 950 1270 1024 in
1296 949 1449 1024 modum
1482 947 1629 1045 cespitis

455 1069 590 1144 berbae.
617 1067 688 1142 Sed
712 1068 771 1141 bic
793 1067 901 1162 dices,
916 1068 1042 1163 lector,
1055 1069 1149 1142 sicut
1165 1089 1262 1164 saepe
1287 1068 1395 1142 multi
1418 1067 1630 1164 petiverunt

455 1208 573 1262 amc:
593 1188 640 1262 ad
660 1187 748 1281 quid
771 1194 882 1262 autor
908 1187 1011 1283 fingit
1026 1187 1138 1262 istum
1156 1188 1323 1283 spiritum
1342 1188 1511 1282 repetere
1526 1186 1628 1261 iron-

455 1307 519 1382 des
536 1312 652 1380 suast
676 1308 784 1384 Certe
810 1329 883 1382 non
909 1308 987 1383 sine
1007 1328 1143 1403 magno
1163 1308 1365 1383 ministerio
1389 1299 1629 1399 boc‘lacitd).

453 1427 539 1500 Vult
563 1428 660 1502 enim
689 1428 834 1503 dicere:
868 1428 1020 1503 adverte
1045 1429 1169 1521 homo,
1195 1428 1259 1522 qui
1283 1426 1480 1520 aliquando
1505 1426 1631 1521 abquo

454 1566 544 1622 casu
571 1548 708 1643 cogitas
733 1547 1035 1642 desperationem,
1062 1547 1161 1641 quod
1195 1547 1275 1641 iste,
1301 1546 1365 1641 qui
1393 1565 1475 1621 esse
1508 1545 1631 1622 nobile

454 1671 492 1739 et
516 1666 674 1740 amabile
699 1675 827 1762 sponte
852 1666 983 1741 abiecit
1007 1667 1044 1740 in
1068 1667 1156 1760 vita,
1181 1670 1280 1740 nunc
1310 1686 1393 1741 csse
1416 1665 1500 1759 vile,
1525 1665 1629 1740 odio-

453 1806 548 1880 sum,
580 1788 783 1861 laceratum
813 1808 836 1860 a
865 1787 1016 1862 canibus
1047 1793 1175 1881 sponte
1212 1769 1396 1882 repetiti
1427 1786 1494 1861 sibi
1525 1784 1627 1861 reddi

453 1910 490 1979 et
508 1905 743 2000 reintegrari3
769 1906 874 2000 quasi
900 1906 995 1980 dicat
1021 1905 1152 1980 tacite:
1179 1906 1288 1981 etiam
1314 1905 1364 1979 illi
1390 1904 1454 1999 qui
1479 1904 1628 1978 suntin

452 2023 594 2098 inferno
615 2025 710 2101 inter
727 2031 780 2101 tol
797 2031 979 2099 tormenta
1005 2045 1199 2120 poenarum
1221 2025 1358 2099 nollent
1375 2044 1448 2098 non
1465 2024 1555 2098 osse
1566 2043 1628 2099 se·

452 2143 615 2217 cundum
641 2144 842 2239 appetitum
868 2145 1096 2238 naturalem3
1122 2150 1159 2218 et
1184 2152 1225 2217 tu
1251 2163 1343 2236 esse,
1364 2163 1440 2236 quo
1458 2143 1546 2216 nibil
1570 2149 1626 2218 ed

453 2264 621 2358 nobilius,
653 2285 699 2339 ex
730 2265 785 2339 ira
816 2265 875 2340 vel
909 2264 1155 2360 indignatione
1188 2283 1313 2359 parvae
1344 2263 1398 2337 rei
1427 2253 1626 2356 abiiciesl³i

451 2394 590 2477 sponte.
605 2390 708 2457 -lo
725 2389 787 2478 sui.
807 2385 911 2458 Nunc
937 2385 1003 2459 iste
1028 2383 1175 2479 spiritus
1200 2381 1447 2456 innominatus
1474 2401 1627 2478 respon·

452 2503 584 2578 datad
611 2505 819 2597 quaesitum,
846 2515 887 2580 ut
916 2504 1044 2577 reddat
1071 2510 1241 2577 autorem
1269 2502 1371 2596 pium
1398 2501 1445 2576 ad
1469 2521 1628 2598 congre-

452 2623 589 2718 gandas
615 2624 760 2697 frondes
785 2643 939 2717 sparsas,
966 2623 1059 2697 sicut
1090 2628 1214 2717 postea
1244 2621 1361 2697 laciet.
1388 2622 1433 2698 Et
1456 2620 1627 2696 describit

452 2761 493 2815 se
522 2762 546 2815 a
576 2742 705 2836 patria,
731 2752 768 2818 el
797 2743 915 2837 culpa,
946 2748 982 2816 et
1013 2741 1273 2816 sententialiter
1306 2741 1489 2834 usquein
1514 2739 1626 2816 linem

452 2881 525 2935 non
551 2862 631 2934 vult
655 2861 754 2934 aliud
779 2860 901 2935 dicere
927 2860 1006 2954 nisi,
1023 2860 1122 2953 quod
1146 2860 1212 2933 luit
1233 2860 1446 2939 llorentinus
1463 2860 1623 2953 natione,

450 2991 489 3058 et
513 2981 612 3075 quod
637 2981 823 3076 suspendit
848 3002 887 3055 se
908 2983 1051 3075 laqueo.
1071 2980 1124 3055 la
1142 2980 1241 3075 quod
1257 2969 1507 3074 scienduml‘),
1525 2956 1652 3073 quod*

451 3121 526 3175 non
555 3107 675 3196 potest
704 3102 798 3175 benc
827 3101 1083 3194 coniecturali,
1118 3100 1272 3193 dequo
1305 3104 1416 3173 autor
1450 3099 1626 3192 loquatur

450 3221 520 3314 bic,
547 3221 632 3314 quia
658 3221 764 3297 multi
796 3221 947 3295 luerunt
977 3221 1168 3312 llorentini,
1196 3220 1259 3314 qui
1290 3219 1562 3315 suspenderunt
1586 3239 1629 3295 se

451 3343 585 3437 laqueo
610 3343 740 3417 eodem
766 3349 943 3437 tempore,
962 3343 1056 3417 sicut
1081 3341 1229 3436 quidam
1257 3341 1303 3415 de
1328 3339 1452 3414 blodiis
1477 3339 1628 3415 nomine

451 3462 612 3554 llucbus,
630 3470 667 3537 et
689 3462 838 3555 quidam
864 3462 1035 3535 dominus
1051 3461 1188 3535 Lotbus
1212 3459 1259 3535 de
1275 3460 1375 3555 Aglis
1395 3459 1540 3553 jurista,
1561 3456 1625 3552 qui

450 3583 534 3659 data
561 3604 634 3656 una
660 3582 837 3659 sententia
870 3583 960 3655 falsa
988 3581 1053 3655 ivit
1082 3580 1247 3674 domum,
1273 3586 1310 3655 et
1339 3580 1461 3655 statim
1491 3598 1532 3655 se
1562 3598 1629 3652 su·

449 3703 613 3797 spendit3
640 3713 677 3778 et
703 3703 807 3776 multi
833 3703 904 3796 alii,
931 3723 1091 3796 quorum
1119 3701 1266 3775 nomina
1293 3722 1366 3774 non
1392 3699 1555 3774 memini.
1580 3699 1628 3777 El

449 3822 570 3913 crede,
604 3821 701 3915 quod
740 3827 849 3895 autor
887 3822 933 3896 de
966 3821 1142 3895 industria
1174 3821 1226 3894 sic
1256 3819 1393 3913 lecerit,
1425 3826 1468 3892 ut
1505 3824 1637 3914 posset·

448 3942 598 4038 intelligi
624 3941 669 4015 de
694 3962 922 4035 unoquoque
949 3940 1088 4034 talium,
1109 3942 1193 4015 licet
1217 3942 1311 4015 lortc
1337 3939 1449 4035 possit
1473 3937 1626 4035 inteligi

448 4062 569 4158 potius
594 4061 640 4135 de
659 4060 794 4154 judice,
812 4061 898 4153 quia
925 4066 1005 4134 erat
1030 4061 1179 4134 maioris
1200 4061 1316 4154 pretii,
1334 4070 1372 4135 et
1391 4058 1543 4156 gratius
1559 4057 1641 4160 de7

448 4182 562 4276 liquit.
589 4180 681 4254 llicit
706 4200 796 4276 ergo
823 4180 882 4254 ille
902 4180 1048 4274 spiritus
1069 4181 1276 4255 describens
1298 4179 1452 4274 patriam
1475 4197 1622 4252 suama

448 4301 716 4397 protectoribus
741 4299 839 4373 suis:
858 4305 899 4372 lo
922 4303 975 4393 sut
999 4303 1092 4373 della
1116 4291 1210 4391 ctttd,
1234 4299 1327 4374 idest
1355 4298 1402 4373 de
1427 4296 1624 4390 Florentia,

448 4424 507 4494 cie
537 4414 629 4492 mulli
659 4423 686 4492 u
707 4424 827 4511 prinm
848 4423 1024 4511 pedrosa,
1051 4419 1186 4495 scilicet
1211 4421 1364 4493 Martem
1390 4421 1448 4490 uel
1472 4419 1623 4507 Buloto,

449 4542 541 4616 idest
564 4541 767 4614 iohannem
795 4540 1003 4634 Baptistam,
1031 4540 1094 4634 qui
1126 4551 1182 4616 est
1206 4539 1314 4614 bodie
1338 4546 1515 4633 patronus
1540 4535 1626 4610 Flo-

450 4660 585 4733 rentiae.
604 4661 648 4732 Et
663 4660 710 4733 ad
727 4660 837 4732 buius
854 4659 1127 4755 intelligentiam
1152 4671 1206 4735 est
1231 4659 1434 4751 sciendum,
1451 4656 1552 4751 quod
1569 4632 1643 4730 ei>

509 4833 535 4893 ll
551 4832 582 4882 E·
600 4832 668 4882 fecit·
1123 4833 1151 4894 ρ)
1170 4837 1224 4892 us,
1241 4834 1339 4895 uppem
1354 4832 1408 4881 uu.

509 4908 536 4971 t¹l
554 4911 607 4969 ¹¹⁶,
623 4909 745 4960 abiectus.
1120 4909 1147 4973 (⁸)
1163 4911 1189 4960 s.
1205 4910 1339 4961 mnndum
1353 4914 1401 4960 est.
