4154 6546
562 778 610 847 lt
958 786 1162 842 oouuuruu
1188 786 1341 840 rursum

560 933 694 1008 llorere
722 932 792 1005 suh
821 931 999 1027 Augusto,
1031 935 1073 1003 ut
1102 948 1199 1023 saepe
1227 934 1327 1024 patet
1356 927 1393 1001 in
1424 928 1619 1025 Bucolica,
1649 929 1735 1005 dicit

563 1054 662 1129 enim
687 1052 761 1126 ibi:

707 1192 873 1259 Pastorcs
897 1186 1027 1256 hedmo
1052 1189 1246 1255 nmcenoem
1271 1189 1396 1254 ornate
1414 1188 1567 1275 poetam.
1691 1206 1694 1213 ·

561 1353 606 1425 ut
630 1351 824 1447 exponitur
848 1356 1056 1440 noscentem,
1082 1347 1173 1422 idest
1203 1348 1336 1422 llorere
1366 1348 1621 1443 incipientem3
1654 1357 1735 1424 erat

562 1471 660 1547 euim
677 1470 847 1566 Virgilius
865 1469 992 1543 llllVll
1008 1489 1204 1562 annorum,
1218 1468 1363 1561 quando
1381 1468 1500 1563 primo
1518 1469 1627 1564 coepit
1644 1468 1735 1542 scri·

563 1593 653 1666 bere
677 1591 896 1665 Bucolicam.
934 1589 1005 1663 Sed
1032 1581 1068 1679 (¹)
1102 1588 1302 1663 notandum
1333 1595 1388 1663 ost
1413 1591 1471 1664 hic
1496 1589 1595 1683 quod
1619 1589 1735 1663 Julius

564 1711 681 1785 dictus
707 1716 762 1783 est
785 1730 808 1782 a
833 1709 928 1783 lulio
952 1708 1117 1801 Ascanio,
1144 1708 1216 1782 lilio
1241 1708 1362 1803 lineae,
1389 1715 1430 1783 ut
1454 1709 1540 1783 dicit
1565 1709 1735 1806 Virgilius

565 1831 718 1906 ibidem:

711 1968 822 2038 Julius
846 1984 870 2035 a
895 1984 1025 2053 moqrw
1050 1966 1227 2036 dimissum
1252 1984 1377 2036 ironico
1401 1969 1493 2038 Iulo.

564 2134 748 2206 Praeterea
774 2128 974 2202 notandum
991 2133 1047 2201 est
1063 2128 1162 2220 quod
1178 2128 1237 2201 hic
1254 2149 1412 2224 magnus
1437 2129 1558 2203 Gaesar
1583 2135 1737 2202 vocatus

564 2258 619 2327 est
635 2252 747 2346 Gajus
763 2249 879 2323 Julius
897 2249 1017 2323 Caesar
1034 2247 1205 2341 Dictator,
1220 2256 1257 2322 et
1273 2248 1389 2322 dictus
1406 2255 1462 2323 est
1479 2249 1591 2322 Divus
1608 2249 1736 2342 Julius,

563 2379 607 2446 ut
630 2391 726 2466 saepc
752 2376 850 2465 patet
875 2370 971 2464 apud
997 2369 1153 2442 Plinium
1187 2369 1223 2441 in
1257 2370 1414 2443 naturali
1440 2371 1611 2446 historia:
1638 2371 1736 2464 quod

565 2513 632 2588 pro
659 2497 759 2565 tanto
784 2490 951 2584 dixerim,
969 2489 1055 2582 quia
1072 2488 1177 2561 multi
1195 2488 1344 2563 luerunt
1364 2489 1537 2583 Caesares,
1554 2490 1648 2563 sicut
1664 2492 1738 2564 Lu-

564 2615 643 2688 cius
668 2613 801 2702 Caesar,
836 2616 940 2703 pater
970 2609 1071 2682 istius
1105 2609 1228 2704 magni
1262 2608 1345 2682 Julii
1382 2610 1545 2704 Caesaris,
1580 2617 1621 2684 ut
1652 2611 1738 2685 dicit

566 2731 704 2805 Tullius
730 2730 848 2824 primo
873 2728 1112 2821 Officiorum3
1138 2729 1225 2802 item
1255 2729 1410 2816 Quintus
1441 2731 1574 2824 Caesar,
1604 2731 1738 2805 Sextus
1783 2799 1790 2811 .

566 2851 699 2942 Gaesar,
725 2847 847 2922 etalii
873 2847 989 2941 multi,
1015 2867 1108 2941 quos
1133 2867 1230 2941 saepe
1255 2848 1419 2921 nominat
1440 2850 1572 2943 Livius,
1591 2851 1737 2944 Plinius,

567 2968 743 3061 Valerius,
769 2974 807 3041 et
843 2968 967 3061 plures
1002 2967 1073 3041 alii.
1100 2968 1143 3039 Et
1180 2967 1301 3041 subdit
1337 2975 1464 3042 autor:
1502 2991 1614 3043 oncor
1647 2975 1741 3064 sorec

567 3091 672 3162 tardi.
700 3088 763 3161 llic
788 3088 906 3161 oritur
931 3086 1030 3159 aliud
1060 3107 1238 3183 magnum
1269 3086 1444 3181 dubium3
1472 3089 1616 3164 videtur
1641 3090 1738 3164 enim

566 3215 675 3284 autor
700 3207 822 3281 dicere
848 3207 884 3279 in
910 3206 1040 3281 eodem
1066 3207 1247 3281 versiculo
1278 3208 1376 3282 aliud
1407 3208 1563 3303 laisum3
1595 3231 1679 3283 nam
1711 3210 1740 3283 si

570 3328 769 3421 loquamur
794 3326 974 3419 historice,
996 3326 1166 3422 Virgilius
1184 3347 1257 3400 nou
1277 3334 1332 3400 est
1350 3333 1457 3401 natus
1475 3328 1589 3422 tarde,
1607 3329 1742 3403 scilicet

567 3447 664 3521 circa
690 3452 856 3539 tempora
882 3451 1048 3519 extrema
1082 3446 1166 3518 Julii
1197 3446 1360 3538 Caesaris,
1393 3447 1486 3519 sicut
1515 3447 1627 3539 aliqui
1652 3447 1742 3522 salso

569 3572 769 3660 exponunt,
796 3566 870 3639 imo
896 3572 1003 3638 natus
1029 3572 1084 3638 est
1109 3557 1147 3657 (²)
1178 3572 1263 3638 ante
1295 3565 1525 3638 consulatum
1556 3571 1594 3638 et
1624 3565 1741 3659 impe-

570 3685 667 3759 rium
705 3686 794 3779 ejus.
830 3684 894 3758 Vel
928 3684 958 3756 si
991 3684 1188 3776 loquamur
1225 3684 1437 3779 allegorice,
1467 3684 1560 3757 sicut
1594 3685 1655 3759 alii
1687 3685 1743 3758 di·

569 3812 669 3899 cunt,
694 3805 829 3878 scilicet
853 3803 952 3896 quod
978 3810 1084 3876 natus
1115 3810 1170 3875 est
1199 3802 1301 3876 tarde
1332 3802 1419 3895 quia
1454 3822 1526 3875 non
1551 3802 1619 3876 luit
1643 3804 1743 3878 chri·

568 3925 719 4018 stianus,
744 3923 972 3999 contrarium
998 3923 1152 4017 videtur,
1178 3923 1264 4016 quia
1290 3922 1424 3997 scilieet
1449 3928 1536 3996 tuuc
1558 3930 1742 4000 natusest

570 4045 677 4118 nimis
703 4043 939 4138 tempestive,
966 4043 1063 4117 unde
1088 4043 1118 4116 si
1146 4048 1254 4117 natus
1279 4043 1405 4116 luisset
1436 4043 1585 4136 tardius,
1616 4043 1744 4118 luisset

571 4171 737 4257 tempore
754 4164 895 4258 Christi,
910 4163 972 4257 qui
991 4169 1098 4236 natus
1115 4170 1170 4237 est
1182 4163 1251 4236 suh
1264 4163 1442 4258 Augusto,
1461 4163 1529 4235 sub
1547 4182 1622 4256 quo
1639 4181 1742 4238 mor-

571 4291 657 4357 tuus
682 4290 737 4356 est
758 4284 834 4378 ipse
851 4283 1031 4379 Virgilius.
1055 4282 1256 4357 Dicendum
1277 4272 1313 4375 (³)
1337 4282 1498 4356 breviter
1514 4283 1613 4375 quod
1633 4291 1744 4358 autor

569 4403 773 4479 benedicit
798 4410 835 4478 ct
860 4424 969 4496 vere;
987 4423 1073 4476 nam
1099 4402 1129 4476 si
1153 4403 1353 4496 loquamur
1373 4401 1553 4495 historice,
1572 4402 1745 4498 Virgilius

572 4530 678 4596 uatus
703 4529 758 4598 est
783 4523 886 4597 tarde
912 4531 1092 4617 quantum
1110 4522 1156 4596 ad
1173 4523 1315 4616 aliquos
1331 4527 1457 4616 poetas
1483 4521 1629 4615 multos,
1657 4522 1743 4615 quia

571 4642 655 4715 licet
685 4641 839 4733 dicatur,
865 4649 901 4714 et
926 4643 971 4714 sit
996 4644 1162 4735 princeps
1196 4649 1387 4735 poetarum
1424 4640 1633 4734 latinorum,
1672 4661 1743 4714 non

636 4829 668 4888 (¹)
686 4827 715 4875 Ε.
734 4825 783 4875 Sed
800 4826 878 4875 etiam
895 4827 936 4875 hir
952 4826 1093 4876 notandum
1109 4826 1179 4889 quod
1194 4826 1279 4876 lulius
1295 4828 1431 4878 descensus
1446 4831 1485 4876 est
1500 4824 1620 4875 Ascanio.

641 4904 670 4965 (¹)
688 4907 741 4964 llo,
758 4903 800 4952 diu
818 4908 886 4962 ante,
903 4902 1001 4952 scllicel
1017 4907 1085 4952 ante.
1210 4901 1236 4964 Ρ)
1253 4903 1282 4953 Ε.
1299 4904 1442 4955 Dicendum
1457 4915 1522 4966 ergo
1537 4902 1657 4952 breviter.
