4154 6546
770 778 909 831 caurus
935 778 1091 833 orciuos
1117 778 1309 834 saoouoos.
1555 765 1625 835 383

455 925 559 999 Nunc
585 923 711 998 ordina
737 923 788 997 sic
813 922 980 998 literam:
1007 929 1044 997 to
1067 945 1166 997 soesa
1190 927 1227 996 ro·
1248 927 1328 1015 quet
1351 925 1512 1015 borroto,
1537 925 1628 998 idest

454 1046 650 1121 dosoausus
675 1044 768 1117 illius
794 1043 921 1118 circuli
946 1044 1010 1138 otri
1036 1052 1117 1119 orat
1142 1046 1332 1118 burattum
1351 1038 1401 1138 (¹),
1415 1046 1552 1118 burum
1572 1045 1629 1118 vot

453 1167 634 1258 clausum,
659 1164 705 1237 ad
721 1155 758 1255 (²)
784 1184 897 1256 quam
912 1184 998 1245 ,ηοη
1024 1163 1147 1239 ibatur
1172 1165 1238 1237 nisi
1264 1164 1456 1258 parisiam
1482 1166 1626 1238 faucem

454 1284 675 1380 praedictam,
701 1305 765 1355 ero
791 1286 843 1355 tol
865 1286 950 1374 quot
974 1287 1088 1374 quello
1112 1288 1219 1357 raino
1243 1287 1303 1356 cte
1315 1306 1477 1376 percosse
1498 1287 1627 1358 t’adice

448 1409 490 1480 oi
514 1427 585 1498 qao
608 1408 656 1478 do
686 1410 824 1495 tronto,
852 1402 986 1480 scilicet
1008 1403 1185 1479 veniendo
1202 1425 1224 1478 a
1242 1403 1412 1478 Trideuto
1429 1404 1625 1497 Veronam,

451 1530 510 1599 not
529 1529 659 1618 fionoo,
686 1525 776 1599 idost
802 1525 837 1597 iu
859 1526 975 1600 latore
1001 1525 1100 1619 ripae.
1127 1526 1171 1598 Et
1195 1533 1281 1600 uota
1299 1527 1397 1619 quod
1414 1527 1510 1600 istud
1530 1547 1626 1621 prae-

452 1646 614 1740 cipitium
641 1656 794 1723 vocatur
819 1644 926 1719 bodie
955 1645 1138 1719 slaviuum
1168 1647 1216 1719 ab
1247 1646 1383 1740 incolis,
1418 1653 1455 1720 et
1488 1646 1536 1720 ibi
1570 1654 1626 1721 ost

455 1788 571 1840 unum
598 1767 788 1841 castalium
814 1765 913 1859 quod
932 1775 1085 1842 vocatur
1102 1768 1284 1860 Marcum3
1302 1774 1339 1841 at
1360 1768 1519 1864 assignat
1536 1789 1626 1842 cau-

453 1907 532 1960 sam
551 1885 785 1961 verisimilem
812 1886 940 1979 ruinae,
958 1886 1100 1961 dicens:
1119 1908 1141 1958 o
1157 1908 1223 1978 per
1240 1894 1384 1960 tremoto
1401 1909 1503 1979 oper
1518 1896 1626 1960 soste-

451 2026 524 2096 ρηη
536 2026 672 2098 manao,
683 2005 775 2080 idast
786 2005 1006 2080 datootivum
1021 2012 1169 2101 proptor
1183 2007 1430 2081 corrosionem
1441 1997 1478 2098 (³)
1493 2006 1624 2080 iactam

453 2146 500 2200 ox
526 2125 665 2220 impetu
690 2146 798 2218 aquae
823 2146 889 2219 por
916 2126 1031 2199 multa
1057 2128 1201 2200 saecuta.
1221 2127 1264 2198 Et
1285 2127 1345 2201 bio
1360 2134 1446 2200 uota
1463 2127 1562 2219 quod
1578 2127 1626 2200 de

452 2246 521 2321 ista
535 2246 642 2320 ruina
660 2245 817 2319 mirabili
834 2245 919 2319 tacit
932 2245 1155 2320 montionem
1173 2247 1342 2321 Albortus
1360 2267 1515 2343 magnus
1533 2248 1625 2320 libro

452 2368 741 2456 Motbaurorum‚
759 2371 797 2438 at
813 2364 972 2460 assignat
990 2365 1075 2439 istas
1091 2386 1220 2440 causas
1239 2366 1381 2440 diceus:
1399 2367 1498 2459 quod
1512 2386 1618 2439 mou-

452 2492 510 2560 tes
522 2490 647 2576 ruunt,
662 2485 719 2558 voi
734 2483 821 2577 quia
839 2484 977 2559 radices
994 2506 1125 2558 eorum
1138 2485 1400 2579 abradiuutur;
1418 2493 1455 2559 et
1472 2484 1618 2559 [audam

453 2604 537 2698 quia
571 2602 808 2678 fundamenta
838 2625 911 2678 ηοη
946 2605 1080 2679 habant
1106 2612 1230 2698 ruunt,
1256 2604 1449 2698 aliquando
1463 2592 1500 2696 (⁴)
1527 2605 1622 2678 sciu-

451 2725 591 2798 duntur
619 2745 754 2819 magno
786 2731 899 2798 motu.
927 2725 970 2798 Et
995 2726 1116 2799 subdit
1141 2726 1239 2819 quod
1264 2727 1334 2800 boo
1361 2725 1469 2800 modo
1494 2725 1623 2800 caoidit

453 2864 560 2918 mons
584 2865 741 2941 magnus
766 2844 861 2919 iuter
885 2844 1098 2918 Tridentum
1117 2852 1154 2919 at
1171 2846 1352 2919 Veronam
1372 2845 1533 2921 civitates
1550 2849 1622 2922 lta-

454 2964 511 3038 tiae
545 2984 656 3059 super
686 2965 802 3059 ripam
835 2965 976 3038 Athesis
1006 2965 1174 3060 fluminis,
1194 2971 1231 3039 ot
1256 2966 1431 3060 oppressit
1457 2965 1559 3040 villas
1584 2973 1621 3040 ot

453 3084 619 3159 hominos
652 3105 717 3179 por
749 3086 864 3159 multa
890 3084 1011 3158 miliia.
1040 3086 1083 3158 Et
1107 3085 1289 3181 specificat
1321 3086 1478 3160 sormam
1516 3085 1618 3160 istius

451 3204 567 3277 ruinae
594 3225 681 3278 curn
708 3204 852 3278 subdit:
878 3206 938 3276 obe
963 3207 1000 3276 to
1023 3208 1156 3295 roccio,
1183 3205 1272 3280 idest
1303 3207 1379 3301 ripa
1405 3207 1464 3281 vol
1490 3226 1620 3300 reporr-

450 3323 498 3399 tia
514 3315 551 3415 (⁵)
583 3324 727 3417 montis,
758 3321 795 3398 e'e
824 3316 855 3397 si
882 3326 1087 3419 daemoeso,
1122 3324 1212 3399 idest
1248 3324 1361 3399 divisa
1377 3316 1426 3418 (⁶),
1451 3327 1500 3398 do
1532 3328 1624 3399 omo

448 3446 506 3517 det
527 3452 654 3535 monte,
679 3446 770 3518 orode
794 3448 826 3519 si
849 3466 974 3537 mosae,
1000 3445 1091 3520 idest
1116 3434 1195 3538 a(⁷)
1223 3445 1396 3540 principio
1423 3447 1486 3520 ubi
1516 3447 1622 3522 ruina

448 3563 569 3657 ooepit,
596 3566 635 3636 ol
652 3567 777 3656 piano,
812 3565 903 3638 idest
933 3565 1123 3657 usquead
1156 3565 1287 3639 vallem
1315 3571 1352 3639 et
1376 3565 1523 3640 atreum
1550 3569 1620 3639 tlu-

448 3683 565 3777 minis‚
578 3687 638 3757 cbo
654 3685 948 3758 domate-ateana
964 3689 1022 3759 oio
1040 3706 1064 3758 α
1080 3687 1136 3758 cot
1154 3707 1194 3758 so
1208 3689 1321 3778 sosse;
1338 3684 1473 3759 scilicet
1489 3685 1536 3759 ad
1555 3686 1621 3761 da-

446 3803 694 3878 scondendum
709 3804 802 3879 iutra
815 3805 861 3878 ad
874 3805 1023 3898 flumen,
1038 3805 1141 3897 quasi
1155 3804 1264 3878 dicat:
1280 3803 1417 3897 quodsi
1431 3805 1513 3898 quis
1525 3818 1621 3882 asset
1746 3884 1749 3891 ,

446 3923 493 3997 ibi
508 3930 629 4018 posset
642 3922 769 3997 venire
782 3923 967 4018 deorsum,
979 3923 1061 3997 licet
1075 3944 1148 3997 uon
1160 3924 1238 3998 sine
1250 3924 1387 4016 laboro,
1397 3930 1433 3997 at
1447 3924 1527 3997 tatis
1539 3931 1620 3998 arat

446 4042 513 4116 ista
540 4043 598 4116 via
624 4042 767 4117 luterni.
795 4044 838 4116 Et
863 4049 948 4117 uota
969 4051 1150 4136 quantum
1171 4043 1265 4116 diota
1283 4042 1508 4137 comparatio
1526 4044 1619 4118 bauo

446 4162 582 4237 serviat
610 4160 796 4237 intentioni
823 4163 986 4256 autoris3
1014 4184 1100 4237 nam
1126 4162 1219 4237 sicut
1244 4168 1298 4236 ost
1324 4161 1381 4236 via
1408 4161 1556 4236 ruinosa
1582 4163 1619 4235 iu
1718 4165 1723 4174 '

444 4281 517 4356 alta
535 4282 614 4376 ripa
631 4282 791 4356 fluminis
807 4283 985 4378 *Athesis
1004 4283 1052 4357 ita
1071 4283 1129 4357 bic
1146 4284 1182 4356 iu
1199 4284 1272 4357 alta
1290 4283 1368 4377 ripa
1386 4275 1617 4377 tlumiuis*(⁸)

445 4403 716 4499 Phlogotoutis3
742 4411 779 4478 ot
799 4403 893 4479 siout
918 4412 973 4480 ost
999 4404 1046 4478 ibi
1072 4405 1166 4478 tacta
1192 4404 1249 4479 via
1266 4424 1332 4499 per
1351 4410 1618 4499 terraemotum,

507 4597 535 4657 (¹)
551 4596 582 4647 11.
599 4596 732 4648 baratrum
752 4598 842 4649 butum
860 4604 887 4650 at
904 4599 1031 4650 abusum.
1187 4597 1216 4660 (¹)
1231 4598 1257 4650 S.
1273 4601 1305 4650 ad
1321 4600 1392 4663 quod
1408 4613 1460 4651 ηοη
1475 4600 1570 4651 ibatur.

509 4671 536 4735 ι’)
552 4673 578 4722 S·
594 4675 784 4727 oorroritatom.
1185 4678 1212 4739 (⁸)
1228 4678 1259 4726 Ε.
1274 4683 1301 4728 ot
1317 4677 1464 4741 aliquando.

507 4749 536 4811 (¹)
552 4750 584 4801 E.
604 4753 747 4814 romono.
1121 4795 1123 4800 ,
1185 4754 1213 4817 (⁸)
1229 4759 1283 4814 tto,
1299 4755 1365 4805 idest
1380 4756 1546 4818 paciano.

510 4825 537 4886 (1)
553 4826 578 4875 S.
598 4826 624 4875 1η
640 4828 766 4891 principio
782 4829 874 4880 ubi-
886 4834 939 4889 tto,
956 4831 981 4880 in
998 4830 1123 4892 principio
1139 4832 1217 4882 uuida.

508 4900 538 4963 θ)
553 4901 591 4951 1ae
604 4903 695 4964 worn
711 4902 751 4953 ira
766 4904 777 4952 1
791 4904 843 4955 duo
858 4905 990 4957 utoriaobi
1006 4919 1070 4955 ωηο
1086 4905 1127 4956 dei
1142 4905 1229 4957 Codici
1245 4905 1351 4957 Batauo
1365 4919 1382 4956 ο
1398 4910 1453 4958 tto.
