4154 6546
583 785 654 857 294
972 793 1174 850 commu
1199 796 1350 849 lfifflllll

584 946 723 1013 terram
749 945 836 1013 ante
860 947 1003 1031 portam
1028 937 1192 1031 civitatis,
1218 939 1281 1011 ubi
1307 945 1388 1012 erat
1413 948 1540 1033 portus
1564 938 1659 1012 illius
1684 959 1749 1012 na-

583 1058 679 1154 vigii,
704 1060 793 1132 dove
808 1061 834 1130 't
855 1059 1016 1131 nooobcr
1045 1062 1151 1152 sorte,
1183 1057 1318 1132 scilicet
1348 1058 1515 1153 Pblegias
1542 1059 1748 1153 superbus:

581 1170 706 1268 prrtld:
722 1180 869 1268 mattos,
887 1177 979 1252 idest
1002 1177 1101 1253 exite
1124 1176 1171 1250 de
1195 1177 1291 1270 nari,
1310 1177 1420 1270 quia:
1438 1181 1498 1268 put
1516 1171 1553 1250 de
1569 1180 1748 1266 emnam,

584 1304 622 1370 et
645 1298 740 1371 bene
765 1297 973 1390 dicitquod
999 1297 1182 1390 clamavit,
1207 1296 1294 1389 quia
1317 1316 1406 1370 cum
1431 1317 1566 1393 magna
1585 1298 1751 1393 indigua-

584 1415 682 1490 tione
706 1424 744 1491 et
767 1417 825 1491 ira
848 1416 1015 1512 deposuit
1037 1436 1102 1491 eos
1127 1415 1174 1490 ad
1198 1423 1349 1491 terram.
1376 1417 1520 1494 Sciebat
1535 1417 1634 1491 enim
1653 1418 1751 1511 quod

581 1542 688 1610 eraut
714 1537 845 1612 facturi
871 1556 1048 1632 maguum
1079 1536 1255 1610 damnum
1290 1535 1436 1629 civitati,
1469 1543 1507 1610 et
1539 1536 1646 1610 dicit:
1677 1557 1751 1639 non

581 1675 689 1729 senza
710 1659 775 1749 sur
796 1659 880 1749 prta
903 1658 1041 1748 morde
1064 1654 1334 1747 nouasque
1360 1674 1432 1728 non
1457 1654 1535 1730 sine
1560 1655 1670 1750 longo
1693 1655 1750 1728 di·

581 1794 713 1849 scursu
739 1776 889 1850 rationis
908 1783 945 1850 et
963 1794 1098 1870 magno
1114 1774 1241 1848 labore
1259 1773 1515 1868 speculationis
1529 1774 1648 1869 potuit
1663 1794 1748 1868 per-

583 1894 709 1969 venire
733 1896 780 1968 ad
805 1895 912 1969 istam
947 1894 1152 1968 materiam
1184 1893 1228 1966 Et
1257 1893 1316 1966 bic
1345 1893 1475 1979 ultimo
1505 1900 1591 1969 nota
1621 1895 1748 1987 lector,

582 2012 681 2106 quod
705 2021 807 2108 potes
832 2014 960 2087 mirari
985 2020 1022 2088 et
1045 2013 1225 2105 dubitare,
1250 2031 1372 2086 nonne
1395 2022 1505 2088 autor
1531 2019 1655 2087 noster
1683 2011 1750 2088 de-

445 2206 452 2223 ,
581 2132 722 2226 scripsit
746 2154 858 2226 supra
890 2132 1074 2206 civitatem
1103 2130 1330 2225 infernalem,
1360 2131 1422 2203 ubi
1453 2131 1561 2205 tertio
1590 2131 1749 2225 capitulo

581 2251 695 2326 dixit:
716 2258 788 2326 Per
812 2275 867 2327 mc
882 2256 914 2326 ri
930 2273 976 2326 vo
992 2255 1085 2326 nella
1100 2240 1182 2324 nod
1196 2252 1353 2323 dolente!
1370 2249 1537 2324 similiter
1561 2248 1748 2345 descripsit

585 2372 792 2446 Cbamnem
818 2380 969 2446 nautam
994 2371 1059 2464 qui
1089 2374 1309 2462 transportat
1337 2387 1465 2442 omues
1494 2369 1635 2443 animas
1664 2391 1749 2463 pra-

583 2511 717 2565 rorum
743 2492 780 2565 iu
797 2492 984 2565 lnferuum
1008 2510 1077 2584 per
1101 2489 1254 2563 fluvium
1271 2489 1501 2582 Acherontis3
1520 2509 1637 2582 quare
1657 2510 1748 2585 ergo

586 2630 685 2684 nunc
709 2609 879 2684 describit
901 2609 1012 2683 aliam
1033 2607 1216 2682 civitatem
1242 2616 1280 2683 et
1304 2608 1418 2683 alium
1435 2616 1598 2702 nautam,
1616 2610 1749 2685 scilicet

588 2728 774 2823 Pblegiam
800 2727 864 2820 qui
890 2726 1061 2801 transfert
1086 2726 1230 2800 animas
1254 2728 1301 2801 de
1325 2728 1420 2802 valle
1449 2729 1495 2802 ad
1526 2729 1634 2802 istam
1662 2730 1751 2802 ciri-

586 2849 730 2921 tatem?
755 2846 842 2920 Ilico
855 2840 891 2937 (¹)
918 2845 1080 2919 breviter
1105 2844 1205 2937 quod
1228 2852 1339 2919 autor
1364 2867 1437 2920 uon
1461 2854 1518 2921 est
1541 2849 1600 2923 hic
1618 2869 1749 2942 super·

583 2967 692 3060 fluns,
717 2966 792 3041 imo
816 2965 997 3040 subtiliter
1020 2964 1105 3039 lacit
1129 2950 1390 3059 pulcerrimum
1414 2966 1620 3060 fictionem
1644 2968 1748 3064 fingit

581 3086 681 3160 enim
708 3086 806 3180 quod
830 3086 899 3159 ista
925 3104 1060 3180 magun
1084 3092 1122 3160 et
1145 3086 1297 3180 antiqua
1321 3087 1449 3162 civitas
1474 3087 1608 3162 babent
1624 3089 1695 3163 tria
1712 3097 1749 3164 et

581 3206 725 3281 diversa
747 3206 920 3299 fortilitia,
947 3205 1041 3279 sicut
1063 3205 1181 3301 gratia
1207 3207 1365 3300 exempli
1382 3207 1491 3281 babet
1507 3207 1633 3281 civitas
1654 3207 1748 3282 anti-

580 3347 656 3420 qua
680 3324 804 3400 Padua
830 3325 866 3399 in
891 3324 1002 3399 ltalia.
1028 3324 1133 3400 blodo
1154 3326 1191 3398 in
1212 3326 1329 3419 primo
1355 3327 1514 3402 fortilitio
1529 3319 1566 3418 (²)
1593 3329 1746 3421 maiore,

582 3447 644 3520 ubi
662 3467 735 3520 non
760 3445 801 3520 fit
825 3465 960 3540 magna
975 3444 1151 3537 curstodia,
1170 3445 1332 3519 habitant
1349 3446 1399 3519 illi
1415 3446 1479 3538 qui
1499 3454 1748 3540 peccaverunt

582 3586 648 3659 per
665 3564 974 3639 incontinentiam.
992 3563 1033 3636 lu
1048 3563 1210 3637 secundo
1226 3563 1407 3639 strictiore
1424 3564 1487 3637 ubi
1504 3564 1543 3638 lit
1560 3585 1692 3660 magna
1708 3556 1745 3654 (³)

581 3685 748 3761 custodia
777 3684 941 3758 habitant
973 3682 1023 3756 illi
1051 3681 1118 3775 qui
1152 3691 1397 3776 peccaverunt
1428 3704 1494 3777 per
1525 3683 1746 3758 violentiam.

580 3793 673 3897 lnl‘)
700 3803 808 3878 tertio
832 3800 993 3876 fortilitio
1017 3799 1243 3875 strictissimo
1267 3801 1431 3878 habitant
1454 3802 1504 3876 illi
1530 3802 1593 3895 qui
1617 3822 1752 3896 pecca·

583 3929 716 3999 verunt
740 3942 806 4016 per
831 3918 1114 3996 fraudulentiam
1127 3911 1179 4013 (⁶),
1204 3919 1269 3993 ubi
1293 3920 1478 3998 iuvenitur
1505 3921 1637 3997 tertius
1662 3941 1749 4015 por·

582 4045 667 4119 titor
680 4034 718 4135 (⁸)
745 4042 956 4117 animarum
991 4038 1095 4134 peior
1124 4046 1164 4115 et
1192 4040 1401 4115 horribilior
1430 4042 1582 4136 ueteris,
1613 4042 1751 4119 scilicet

581 4163 736 4255 Gerion;
752 4169 791 4237 et
813 4160 945 4236 ultimo
969 4158 1007 4233 in
1032 4166 1159 4234 centro
1179 4160 1332 4234 civitatis
1351 4167 1406 4235 est
1422 4181 1549 4236 carcer
1566 4160 1751 4235 obscuris-

580 4284 707 4377 simus,
733 4282 867 4357 scilicet
892 4287 1026 4375 puteus
1048 4280 1085 4353 in
1110 4300 1186 4373 quo
1211 4280 1415 4374 puniuntur
1437 4281 1654 4376 proditores.

655 4409 696 4479 fo
721 4405 794 4477 vidi
813 4396 876 4494 ptrl
901 4405 940 4475 dt
963 4404 1064 4474 ntitte
1090 4401 1161 4474 lsta
1185 4407 1242 4473 est
1269 4407 1403 4493 quarta
1435 4408 1474 4476 et
1503 4402 1635 4475 ultima
1665 4421 1750 4496 pars

580 4523 772 4615 generalis,
799 4521 934 4614 inqua
963 4527 1073 4595 autor
1098 4519 1254 4594 ostendit
1279 4520 1479 4594 maximam
1507 4519 1748 4595 resistentiam

642 4739 671 4802 (¹)
687 4742 712 4791 S.
730 4743 794 4792 Ilico
810 4742 879 4807 quod
895 4747 980 4792 autor.
1180 4738 1207 4800 (¹)
1223 4738 1253 4788 B.
1270 4738 1397 4798 fortilttlo,
1413 4739 1467 4790 ulti.

642 4816 815 4878 osella,
832 4818 925 4868 molor.
1179 4814 1467 4876 (blisedlutertis.

644 4893 670 4954 (⁸)
684 4893 715 4944 E.
732 4893 858 4944 fraudem.
1179 4893 1205 4955 (Ἴ
1222 4896 1276 4953 rto,
1293 4897 1420 4956 portator.
