4154 6546
591 798 661 863 100
988 807 1191 863 coueurunr
1216 810 1370 862 mrnnru

587 952 626 1025 in
650 950 808 1045 capitulo
833 949 1063 1045 precedenti.
1091 951 1135 1023 Et
1158 951 1265 1025 dicit:
1291 973 1333 1025 su
1362 955 1399 1024 lo
1422 954 1596 1044 domnam,
1627 951 1763 1028 scilicet

586 1071 801 1146 Acherontis
818 1070 988 1164 fluminis,
1001 1070 1048 1144 de
1064 1091 1139 1165 quo
1156 1064 1334 1162 diciturl¹t
1354 1071 1392 1145 in
1408 1071 1566 1166 capitulo
1583 1073 1761 1165 sequenti.

587 1191 681 1265 Nam
707 1191 801 1264 sicut
827 1210 893 1285 per
918 1189 1051 1264 vallem
1076 1190 1193 1264 currit
1216 1191 1367 1284 flumen,
1383 1190 1434 1263 ita
1450 1191 1631 1285 perviam
1652 1190 1764 1266 ricio-

587 1331 673 1382 rum
700 1309 870 1383 discurrit
895 1308 968 1381 vita
993 1309 1168 1402 humana,
1194 1308 1308 1382 labilis
1332 1308 1434 1383 velut
1457 1329 1566 1403 aqua.
1593 1310 1637 1382 Et
1661 1308 1762 1382 dicit:

587 1432 678 1503 ande
693 1432 719 1502 ’l
742 1450 823 1501 mar
847 1449 920 1500 non
944 1431 992 1501 lta
1017 1436 1135 1520 mato,
1162 1429 1249 1523 quia
1274 1429 1416 1503 nullum
1447 1449 1552 1505 mare
1581 1436 1637 1504 est
1660 1449 1769 1515 ama<

587 1549 676 1643 rius,
701 1555 767 1641 aut
792 1549 1074 1643 tempestuosius
1099 1550 1250 1624 llumine
1269 1549 1350 1644 isto,
1369 1549 1419 1622 ita
1439 1548 1539 1642 quod
1563 1568 1669 1623 mare
1689 1568 1764 1623 non

587 1674 704 1761 potest
735 1688 776 1741 se
805 1669 948 1762 jactare
980 1675 1045 1742 aut
1080 1668 1229 1764 gloriari
1264 1667 1364 1761 quod
1391 1668 1437 1740 sit
1465 1670 1569 1763 pejus
1602 1668 1665 1742 tali
1694 1669 1764 1741 tiu-

588 1788 698 1882 mine‚
718 1788 764 1860 ad
790 1788 895 1861 cuius
920 1788 1105 1882 riperiam,
1123 1788 1213 1862 idest
1239 1789 1369 1882 ripam,
1389 1788 1610 1863 conveniunt
1627 1788 1760 1862 animae

587 1906 755 1980 omnium
772 1905 1065 1980 damnandorum
1079 1898 1128 1998 (²).
1147 1906 1212 1981 Vel
1228 1907 1342 1982 dicas:
1368 1910 1458 1981 onds
1474 1910 1500 1981 'l
1522 1928 1603 1980 mar
1619 1929 1692 1980 non
1714 1909 1763 1980 lta

586 2032 705 2115 vane,
731 2024 819 2117 quia
843 2045 949 2100 mare
974 2045 1047 2098 non
1072 2030 1190 2119 potest
1214 2025 1363 2122 gloriari
1380 2026 1479 2120 quod
1501 2026 1597 2100 istud
1623 2027 1762 2100 tlumen

587 2152 699 2240 ponat
723 2151 835 2240 caput
857 2145 905 2218 ad
929 2145 1062 2240 ipsum,
1087 2145 1181 2219 sicut
1204 2146 1328 2219 omnia
1352 2145 1503 2219 llumina
1529 2152 1685 2220 terrena.
1715 2150 1764 2221 At

586 2267 725 2338 mondo.
744 2264 809 2338 llic
826 2264 974 2339 Beatrix
992 2270 1118 2339 narrat
1131 2265 1289 2339 celerem
1305 2265 1559 2340 executionem
1577 2266 1762 2361 precepti,

586 2384 669 2458 iacti
692 2385 758 2458 sibi
783 2405 805 2458 a
825 2385 948 2479 Lucia,
966 2405 1033 2481 per
1050 2406 1163 2459 unam
1179 2376 1215 2476 (³)
1233 2385 1543 2479 comparationem
1563 2387 1701 2459 claram
1721 2395 1759 2462 at

586 2504 771 2597 propriam
798 2503 943 2577 dicens:
971 2507 1010 2576 al
1032 2507 1161 2576 mondo
1185 2525 1258 2576 non
1277 2509 1364 2597 seor
1392 2507 1466 2576 mai
1482 2526 1633 2596 peram
1657 2514 1761 2597 rode,

586 2623 678 2697 idest
707 2622 850 2713 veloces
881 2629 918 2696 et
950 2622 1101 2716 festinae,
1126 2645 1151 2695 a
1176 2628 1240 2716 [ar
1265 2627 1321 2696 lor
1344 2646 1416 2716 pro
1447 2627 1491 2697 ed
1513 2646 1538 2696 a
1559 2628 1681 2718 saepis
1706 2628 1762 2697 lor

586 2743 719 2831 danim,
745 2740 832 2833 quia
857 2740 925 2813 ista
949 2740 1023 2814 duo
1050 2741 1210 2815 maxime
1227 2742 1365 2815 iaciunt
1385 2742 1569 2817 hominem
1588 2743 1759 2818 lentinum

587 2865 624 2934 et
644 2858 821 2952 velocem,
837 2861 965 2949 com'io
983 2863 1097 2951 venai,
1115 2860 1254 2953 supple,
1273 2866 1379 2953 ratto,
1399 2882 1424 2932 a
1448 2868 1491 2952 te,
1512 2881 1581 2953 pua
1599 2857 1672 2954 pta,
1689 2862 1758 2937 sci·

586 2977 670 3052 licet
703 2976 909 3072 Internum,
940 2980 1022 3069 depo
1053 2982 1144 3051 cotm'
1170 2982 1297 3071 parole
1325 2985 1420 3073 [otte.
1454 2980 1499 3052 Et
1531 2981 1761 3074 benedicit,

588 3097 674 3190 quia
707 3096 805 3171 nulla
839 3096 1005 3171 celeritas
1041 3098 1233 3170 hominum
1268 3105 1612 3193 quantumcumque
1646 3100 1693 3173 sit
1723 3101 1760 3174 in

588 3234 825 3310 quocumque
849 3235 949 3308 casu,
974 3222 1093 3309 potest
1117 3219 1324 3311 comparari
1353 3218 1528 3293 celeritati
1552 3220 1760 3313 beatorum,

587 3335 651 3428 qui
675 3340 790 3430 agunt
814 3333 892 3408 sine
917 3334 1162 3410 instrumento
1188 3343 1225 3410 et
1249 3356 1389 3433 organo
1414 3338 1606 3431 corporali,
1626 3345 1663 3412 et
1682 3337 1761 3413 sine

586 3456 709 3548 aliquo
740 3453 870 3528 medio.
909 3455 954 3526 Et
989 3454 1026 3527 in
1058 3455 1126 3528 ista
1158 3456 1432 3549 comparatione
1466 3456 1621 3530 ostendit
1651 3463 1760 3531 autor

587 3595 760 3670 magnam
785 3571 1015 3647 allectionem
1039 3574 1212 3648 Beatricis
1229 3575 1275 3647 ad
1291 3595 1344 3668 se,
1360 3574 1507 3668 quando
1524 3594 1609 3649 cum
1627 3577 1760 3670 majori

586 3692 790 3767 festinantia
814 3691 978 3765 cucurrit
993 3691 1040 3766 ad
1057 3692 1295 3766 salvationem
1312 3693 1506 3787 amiciam,
1523 3713 1634 3787 quam
1653 3695 1761 3769 saciat

586 3813 698 3886 homo
724 3811 770 3884 ad
794 3811 950 3884 salutem
972 3810 1169 3906 propriam.
1187 3810 1255 3883 lvit
1277 3830 1368 3907 ergo
1386 3811 1465 3886 sine
1482 3832 1587 3885 mora
1602 3812 1649 3885 ad
1668 3812 1760 3888 libe-

588 3932 744 4007 randum
765 3936 935 4004 autorem
951 3930 999 4003 ab
1020 3930 1222 4005 imminenti
1239 3936 1370 4024 morte
1390 3931 1436 4003 ad
1452 3919 1489 4023 (⁸)
1507 3931 1757 4007 reducendum

587 4050 634 4123 ad
659 4050 770 4123 vitam
788 4055 825 4124 et
840 4049 995 4146 gloriam
1022 4070 1216 4144 magnam3
1234 4054 1271 4124 et
1287 4049 1338 4123 sic
1355 4050 1437 4124 vido
1453 4051 1639 4143 quomodo
1656 4072 1758 4125 oom-

587 4168 728 4263 paratio
753 4175 807 4242 est
832 4168 988 4263 propria.
1012 4169 1055 4241 Et
1079 4167 1183 4248 dicit:
1210 4171 1268 4243 del
1289 4171 1359 4242 mio
1375 4170 1475 4242 teuto
1490 4191 1637 4261 scamw,
1653 4171 1757 4266 idest,

586 4287 673 4364 sede
697 4287 755 4363 vel
779 4288 898 4385 gradu
923 4288 1140 4384 supradicto.
1172 4288 1216 4360 Et
1246 4287 1352 4363 dicit:
1381 4291 1582 4380 fidendome
1609 4295 1668 4365 aet
1699 4300 1757 4367 tto

584 4411 714 4500 partor
743 4410 893 4480 nmo.
920 4409 964 4481 Et
992 4408 1051 4483 hic
1074 4414 1160 4482 nota
1184 4407 1284 4501 quod
1307 4414 1417 4483 autor
1441 4409 1479 4482 in
1503 4410 1573 4484 hoc
1603 4412 1759 4487 ostendit

587 4527 661 4600 vim
678 4518 714 4619 (⁵)
741 4532 778 4601 et
803 4528 977 4602 virtutem
1003 4527 1232 4622 eloquentia,
1253 4548 1339 4621 que
1362 4534 1481 4622 potest
1505 4537 1670 4607 errantes
1696 4553 1759 4607 re-

571 4774 575 4783 .
650 4742 680 4804 (¹)
696 4741 727 4791 ll.
743 4754 759 4791 a
773 4740 800 4791 S.
816 4741 916 4791 dicetur
932 4742 959 4791 ln
975 4749 1061 4792 cantu.
1206 4745 1234 4807 (¹)
1251 4749 1305 4803 lit,
1322 4744 1349 4794 S.
1365 4757 1380 4794 a
1396 4745 1427 4795 E.
1443 4745 1634 4798 mutorum.

649 4816 717 4880 (Ἶῦ.
733 4829 781 4880 per
796 4817 942 4880 qnamdam.
1208 4821 1234 4882 β)
1252 4825 1306 4880 tlt,
1322 4819 1348 4871 S.
1364 4835 1379 4872 a
1395 4821 1426 4872 ll.
1442 4826 1469 4872 et
1485 4822 1670 4887 mumdum.

651 4892 679 4956 (¹)
694 4892 721 4943 s.
737 4905 856 4956 magnam
872 4894 932 4943 rim
