4154 6546
772 806 910 860 caurus
938 806 1091 860 necinus
1117 806 1308 860 secuunus.
1551 793 1620 860 403

452 949 502 1022 ita
521 949 723 1043 indiscrete,
736 959 935 1044 antequam
950 972 1148 1048 cognoscas
1161 944 1384 1044 homines(¹),
1398 954 1526 1047 Nesse3
1542 953 1623 1026 ideo

451 1089 524 1142 non
541 1069 677 1164 dignati
695 1071 845 1144 luerunt
862 1092 974 1166 supra
991 1071 1212 1165 respondere
1230 1070 1312 1143 tibi:
1331 1078 1369 1144 et
1387 1073 1464 1144 haec
1479 1064 1516 1162 (²)
1535 1072 1624 1145 dixit
1728 1112 1732 1118 -

451 1188 595 1281 Chiron,
614 1192 755 1279 quando
780 1193 809 1262 s'
822 1191 902 1262 ebbe
919 1197 1079 1281 scopato
1105 1194 1141 1262 lu
1161 1211 1257 1280 prun
1280 1191 1399 1282 bocca,
1421 1211 1505 1284 quae
1523 1192 1624 1286 prius

451 1315 532 1381 erat
556 1317 704 1402 coperta
732 1331 866 1405 magna
892 1318 929 1383 et
954 1310 1065 1384 densa
1091 1310 1216 1384 barba.
1235 1311 1279 1382 Et
1300 1311 1421 1383 subdit
1437 1319 1545 1385 autur
1563 1331 1624 1384 re-

452 1429 682 1521 sponsionem
716 1430 864 1525 Virgilii,
895 1430 943 1504 ita
974 1429 1073 1523 quod
1107 1430 1169 1522 qni
1202 1430 1372 1502 noluerat
1403 1431 1623 1525 respondere

450 1547 574 1641 Nesso,
590 1570 688 1622 nunc
714 1548 906 1642 respondet
928 1548 1087 1641 Chironi,
1108 1549 1201 1623 sicut
1218 1570 1329 1643 supra
1351 1550 1570 1642 promiserat
1584 1540 1620 1639 (³)

447 1689 489 1742 se
514 1670 712 1742 iacturum.
737 1669 828 1742 Dicit
853 1690 962 1764 ergo:
989 1673 1021 1741 et
1045 1673 1114 1741 ricto
1138 1671 1230 1741 ouon
1254 1673 1359 1761 duco,
1380 1670 1516 1743 scilicet
1542 1669 1623 1741 Vir-

449 1788 558 1882 gilius
581 1789 737 1882 sapienS,
762 1792 822 1860 clio
844 1778 906 1878 pici
929 1791 979 1878 gli
1003 1810 1067 1860 cru
1084 1791 1124 1861 ut
1132 1797 1239 1880 petto,
1258 1788 1349 1862 idest
1365 1789 1428 1881 qui
1445 1788 1517 1863 iam
1536 1810 1622 1882 per-

451 1916 603 1982 venerat
628 1910 675 1983 ad
700 1917 828 2004 pectus
853 1909 952 2002 eqni,
974 1909 1023 1984 ita
1044 1909 1143 2002 quod
1168 1930 1254 1983 cum
1281 1908 1397 2004 capite
1422 1909 1621 2004 attingebat

450 2037 578 2124 pectus
604 2031 701 2124 equi,
726 2034 814 2104 douc
846 2034 877 2103 le
905 2033 971 2102 due
999 2037 1137 2120 numne,
1162 2031 1297 2105 scilicet
1321 2031 1455 2123 equina
1484 2036 1522 2103 et
1551 2031 1622 2102 liu-

452 2170 573 2244 mana,
599 2172 665 2223 son
693 2153 859 2242 conuerti,
885 2149 976 2223 idest
1004 2149 1218 2243 coniunctae,
1243 2150 1292 2222 ita
1323 2149 1421 2242 quod
1452 2148 1622 2244 Virgilius

453 2277 534 2344 erat
550 2272 678 2345 bassus
696 2272 765 2345 sub
782 2271 951 2363 Chirone,
968 2274 1121 2360 n'spose:
1137 2271 1202 2342 ben
1218 2264 1255 2343 ἐι»
1274 2272 1366 2360 otoo,
1383 2269 1487 2363 quasi
1504 2268 1619 2342 dicat:

454 2379 593 2480 verel⁴l
619 2391 708 2465 vivit
732 2397 769 2464 et
794 2390 912 2482 beate,
938 2389 1025 2481 quia
1055 2389 1144 2461 nulli
1175 2390 1307 2482 quaerit
1336 2409 1482 2482 nocere,
1508 2388 1621 2462 immo

452 2512 623 2585 omnibus
648 2511 838 2604 prodesse3
864 2530 937 2582 non
953 2501 989 2601 (⁵)
1018 2516 1072 2583 est
1103 2511 1158 2582 vir
1191 2510 1411 2606 sanguinum
1437 2510 1531 2583 sicut
1557 2530 1622 2583 vos

452 2632 578 2725 fuistis,
596 2639 633 2706 et
658 2652 743 2705 ecce
769 2649 886 2724 quare
910 2630 1094 2703 venimus:
1121 2651 1194 2703 non
1219 2630 1266 2703 ad
1292 2630 1511 2722 martirium,
1528 2629 1622 2702 sicut

451 2752 585 2825 Nessus
610 2751 755 2845 petebat
780 2751 889 2843 paulo
914 2756 1010 2844 ante,
1024 2750 1098 2824 imo
1125 2757 1165 2824 ut
1190 2750 1311 2824 videat
1326 2741 1362 2842 (⁶)
1382 2771 1508 2845 poenas
1529 2749 1621 2822 alio-

451 2893 554 2965 rum;
581 2872 672 2965 idco,
691 2894 709 2943 e
731 2863 896 2944 sisoletto
907 2875 960 2944 mi
985 2875 1010 2943 a·
1033 2875 1177 2944 connino
1194 2879 1349 2945 mostrur
1366 2874 1402 2943 lu
1420 2875 1510 2944 valle
1525 2872 1620 2962 buia,

450 2992 585 3065 scilicet
614 2992 798 3065 infernum
828 2992 1047 3084 obscurum;
1081 3001 1119 3067 et
1150 2991 1235 3065 dicit
1267 2991 1315 3064 ad
1344 2992 1619 3065 excusationem

449 3111 605 3184 autoris:
634 3101 850 3184 necessitati
873 3114 1054 3201 coronasse,
1071 3132 1143 3182 uon
1167 3113 1295 3201 dieto,
1312 3111 1407 3184 sicut
1431 3117 1619 3184 ostensum

451 3236 506 3304 est
519 3220 557 3321 (⁷)
573 3231 732 3326 capitulo
749 3232 774 3324 l,
801 3231 887 3324 quia
912 3231 1048 3304 scilicet
1065 3250 1131 3325 pro
1148 3230 1266 3305 salute
1291 3250 1371 3323 sua,
1396 3229 1620 3304 concedente

450 3348 570 3423 divina
593 3351 730 3444 gratia3
758 3350 855 3424 unde
878 3350 980 3423 dicit:
998 3353 1050 3422 tul
1071 3371 1108 3422 se
1129 3341 1226 3441 parti
1250 3352 1299 3422 du
1323 3357 1449 3421 cuntur
1467 3352 1620 3439 alleluiu,

449 3468 542 3542 idest
566 3470 725 3562 Beatrix,
751 3488 835 3562 quae
861 3475 983 3543 cantat
1008 3468 1154 3543 alleluia
1179 3469 1215 3542 in
1244 3469 1397 3544 ecclesia
1423 3476 1497 3542 tam
1526 3468 1621 3541 mili-

449 3589 539 3663 tanti
565 3611 677 3682 quam
705 3590 952 3685 triumphanti.
983 3590 1136 3664 Alleluia
1167 3590 1265 3664 enim
1300 3596 1355 3664 est
1381 3610 1517 3664 nomen
1554 3590 1620 3662 he-

450 3710 592 3783 braeum
618 3699 704 3801 et(⁸)
734 3717 876 3786 tantum
909 3711 1008 3784 valet
1040 3718 1221 3802 quantum
1259 3715 1369 3783 Curuo
1402 3712 1540 3784 medem
1571 3712 1621 3782 ud

450 3831 637 3902 Dominum
661 3831 865 3904 secundum
891 3851 1004 3904 unam
1031 3831 1306 3925 expositionem,
1324 3831 1406 3905 lice
1430 3830 1490 3904 alii
1515 3830 1619 3903 aliter

449 3955 642 4043 exponant,
667 3952 727 4021 cite
751 3953 800 4023 mi
822 3954 984 4023 comnnse
1003 3954 1226 4046 questofficto
1245 3971 1375 4043 nuovo,
1392 3951 1486 4025 sicul
1504 3950 1620 4044 patuit

315 4075 320 4086 '
448 4069 477 4140 ll
511 4069 680 4164 capitulo,
710 4070 844 4144 scilicet
878 4091 1099 4145 succurrere
1128 4072 1342 4166 periclitanti
1371 4072 1408 4145 in
1438 4072 1542 4146 vitiis.
1577 4072 1620 4143 Et

448 4191 543 4264 bene
568 4196 623 4265 est
646 4212 739 4286 opus
765 4212 903 4264 novum
921 4191 1029 4285 istud,
1047 4199 1084 4266 et
1101 4192 1183 4267 ideo
1199 4213 1274 4266 non
1290 4192 1468 4267 debemus
1494 4211 1618 4265 rema·

448 4330 538 4385 nere
562 4311 620 4384 hic
646 4330 714 4385 nec
738 4311 823 4384 alibi
847 4311 885 4383 in
910 4311 976 4386 ista
1002 4311 1160 4405 civitate,
1186 4312 1272 4405 quia
1301 4312 1377 4407 ipse
1405 4333 1477 4384 nun
1501 4304 1539 4384 δε
1563 4315 1619 4384 lu-

447 4433 553 4521 dron,
566 4427 612 4504 nc*
625 4433 660 4502 io
677 4433 798 4503 cauma
812 4433 902 4524 sidu,
917 4431 1020 4523 quasi
1039 4430 1153 4504 dicat:
1171 4452 1239 4506 nec
1256 4431 1333 4525 ipse
1353 4438 1408 4505 est
1426 4431 1618 4524 violentus,

510 4683 538 4743 (¹)
554 4683 585 4733 B.
602 4684 736 4745 hominen
752 4685 810 4735 ideo
829 4684 960 4747 indignati.
1119 4680 1147 4743 (¹)
1166 4687 1220 4744 llo,
1236 4687 1263 4733 et
1279 4683 1330 4733 lior
1346 4683 1417 4733 (licit.

508 4759 535 4821 (Ἴ
555 4760 581 4810 8.
599 4762 779 4824 spoponderat.
797 4761 865 4812 llicit
880 4774 952 4825 ergo.
1119 4760 1147 4823 (⁸)
1161 4760 1193 4810 Ε.
1210 4760 1276 4811 burc
1292 4761 1363 4811 vivit.

509 4836 536 4898 (⁸)
553 4836 584 4886 ll.
599 4851 653 4888 non
668 4839 737 4888 cuim
752 4844 800 4889 cst.
1117 4836 1144 4897 (⁸)
1161 4841 1216 4898 llo,
1232 4841 1263 4887 nt
1278 4836 1418 4887 ritanus.

508 4910 536 4974 (Ἴ
552 4912 583 4962 B.
599 4919 639 4964 cst
653 4928 733 4978 snpra
748 4917 861 4979 capitulo
876 4916 897 4966 l.
1116 4912 1144 4975 (¹)
1161 4912 1192 4964 B.
1208 4913 1279 4977 quoii
1295 4917 1405 4965 unum.
