<?xml version="1.0" encoding="UTF-8"?>
<!DOCTYPE html PUBLIC "-//W3C//DTD XHTML 1.0 Transitional//EN"
    "http://www.w3.org/TR/xhtml1/DTD/xhtml1-transitional.dtd">
<html xmlns="http://www.w3.org/1999/xhtml" xml:lang="en" lang="en">
 <head>
  <title>
</title>
<meta http-equiv="Content-Type" content="text/html;charset=utf-8" />
  <meta name='ocr-system' content='tesseract 3.04.00' />
  <meta name='ocr-capabilities' content='ocr_page ocr_carea ocr_par ocr_line ocrx_word'/>
</head>
<body>
  <div class='ocr_page' id='page_1' title='image "./comentumsuperda00benvgoog_0040.png"; bbox 0 0 4154 6546; ppageno 0'>
   <div class='ocr_carea' id='block_1_1' title="bbox 792 811 1525 867">
    <p class='ocr_par' dir='ltr' id='par_1_1' title="bbox 792 811 1525 867">
     <span class='ocr_line' id='line_1_1' title="bbox 792 811 1525 867; baseline 0 -3"><span class='ocrx_word' id='word_1_1' title='bbox 792 813 829 864; x_wconf 84' lang='lat' dir='ltr'><strong>nt</strong></span> <span class='ocrx_word' id='word_1_2' title='bbox 854 811 1085 867; x_wconf 81' lang='lat' dir='ltr'><strong>BENVENU‘I&#39;O·</strong></span> <span class='ocrx_word' id='word_1_3' title='bbox 1438 814 1525 866; x_wconf 74' lang='lat' dir='ltr'><strong>XXXI</strong></span> 
     </span>
    </p>
   </div>
   <div class='ocr_carea' id='block_1_2' title="bbox 348 958 1527 2016">
    <p class='ocr_par' dir='ltr' id='par_1_2' title="bbox 349 958 1527 1653">
     <span class='ocr_line' id='line_1_2' title="bbox 352 958 1523 1053; baseline 0.003 -25"><span class='ocrx_word' id='word_1_4' title='bbox 352 967 484 1028; x_wconf 88' lang='lat' dir='ltr'><strong>restano</strong></span> <span class='ocrx_word' id='word_1_5' title='bbox 508 960 588 1052; x_wconf 85' lang='lat' dir='ltr'><strong>perd</strong></span> <span class='ocrx_word' id='word_1_6' title='bbox 613 959 643 1027; x_wconf 91' lang='lat' dir='ltr'><strong>le</strong></span> <span class='ocrx_word' id='word_1_7' title='bbox 676 958 740 1028; x_wconf 87' lang='lat' dir='ltr'><strong>due</strong></span> <span class='ocrx_word' id='word_1_8' title='bbox 774 960 922 1053; x_wconf 83' lang='lat' dir='ltr'><strong>seguenti</strong></span> <span class='ocrx_word' id='word_1_9' title='bbox 956 961 1070 1029; x_wconf 88' lang='lat' dir='ltr'><strong>lettere</strong></span> <span class='ocrx_word' id='word_1_10' title='bbox 1105 959 1138 1028; x_wconf 95' lang='lat' dir='ltr'><strong>di</strong></span> <span class='ocrx_word' id='word_1_11' title='bbox 1170 959 1321 1029; x_wconf 83' lang='lat' dir='ltr'><strong>Coluccio</strong></span> <span class='ocrx_word' id='word_1_12' title='bbox 1354 961 1523 1040; x_wconf 80' lang='lat' dir='ltr'><strong>Salutat03</strong></span> 
     </span>
     <span class='ocr_line' id='line_1_3' title="bbox 351 1078 1527 1174; baseline 0.004 -27"><span class='ocrx_word' id='word_1_13' title='bbox 351 1078 437 1148; x_wconf 87' lang='lat' dir='ltr'><strong>nella</strong></span> <span class='ocrx_word' id='word_1_14' title='bbox 463 1078 570 1171; x_wconf 86' lang='lat' dir='ltr'><strong>prima</strong></span> <span class='ocrx_word' id='word_1_15' title='bbox 595 1079 679 1149; x_wconf 90' lang='lat' dir='ltr'><strong>delle</strong></span> <span class='ocrx_word' id='word_1_16' title='bbox 703 1079 804 1173; x_wconf 86' lang='lat' dir='ltr'><strong>quali,</strong></span> <span class='ocrx_word' id='word_1_17' title='bbox 832 1081 943 1151; x_wconf 89' lang='lat' dir='ltr'><strong>scritta</strong></span> <span class='ocrx_word' id='word_1_18' title='bbox 967 1081 1043 1150; x_wconf 87' lang='lat' dir='ltr'><strong>nell’</strong></span> <span class='ocrx_word' id='word_1_19' title='bbox 1057 1081 1160 1174; x_wconf 80' lang='lat' dir='ltr'><strong>aprile</strong></span> <span class='ocrx_word' id='word_1_20' title='bbox 1185 1080 1237 1149; x_wconf 93' lang='lat' dir='ltr'><strong>del</strong></span> <span class='ocrx_word' id='word_1_21' title='bbox 1268 1088 1373 1162; x_wconf 77' lang='lat'><strong>1375,</strong></span> <span class='ocrx_word' id='word_1_22' title='bbox 1399 1083 1527 1152; x_wconf 89' lang='lat' dir='ltr'><strong>lamen-</strong></span> 
     </span>
     <span class='ocr_line' id='line_1_4' title="bbox 350 1199 1525 1293; baseline 0.002 -25"><span class='ocrx_word' id='word_1_23' title='bbox 350 1207 416 1269; x_wconf 84' lang='lat' dir='ltr'><strong>tata</strong></span> <span class='ocrx_word' id='word_1_24' title='bbox 442 1200 475 1269; x_wconf 86' lang='lat' dir='ltr'><strong>la</strong></span> <span class='ocrx_word' id='word_1_25' title='bbox 504 1209 609 1269; x_wconf 91' lang='lat' dir='ltr'><strong>morte</strong></span> <span class='ocrx_word' id='word_1_26' title='bbox 643 1200 695 1269; x_wconf 90' lang='lat' dir='ltr'><strong>del</strong></span> <span class='ocrx_word' id='word_1_27' title='bbox 728 1202 880 1270; x_wconf 88' lang='lat' dir='ltr'><strong>Petrarca</strong></span> <span class='ocrx_word' id='word_1_28' title='bbox 909 1200 1153 1293; x_wconf 81' lang='lat' dir='ltr'><strong>annunziatagli</strong></span> <span class='ocrx_word' id='word_1_29' title='bbox 1184 1199 1227 1269; x_wconf 92' lang='lat' dir='ltr'><strong>da</strong></span> <span class='ocrx_word' id='word_1_30' title='bbox 1261 1201 1464 1283; x_wconf 89' lang='lat' dir='ltr'><strong>Benvenuto,</strong></span> <span class='ocrx_word' id='word_1_31' title='bbox 1498 1201 1525 1270; x_wconf 92' lang='lat' dir='ltr'><strong>si</strong></span> 
     </span>
     <span class='ocr_line' id='line_1_5' title="bbox 350 1319 1523 1413; baseline 0.001 -24"><span class='ocrx_word' id='word_1_32' title='bbox 350 1319 470 1412; x_wconf 83' lang='lat' dir='ltr'><strong>sdegna</strong></span> <span class='ocrx_word' id='word_1_33' title='bbox 496 1320 582 1389; x_wconf 92' lang='lat' dir='ltr'><strong>della</strong></span> <span class='ocrx_word' id='word_1_34' title='bbox 606 1319 799 1390; x_wconf 87' lang='lat' dir='ltr'><strong>minacciata</strong></span> <span class='ocrx_word' id='word_1_35' title='bbox 824 1321 1020 1391; x_wconf 89' lang='lat' dir='ltr'><strong>distruzione</strong></span> <span class='ocrx_word' id='word_1_36' title='bbox 1054 1320 1253 1413; x_wconf 70' lang='lat' dir='ltr'><strong>dell’dsrim</strong></span> <span class='ocrx_word' id='word_1_37' title='bbox 1288 1343 1306 1389; x_wconf 89' lang='lat' dir='ltr'><strong>e</strong></span> <span class='ocrx_word' id='word_1_38' title='bbox 1339 1320 1366 1389; x_wconf 90' lang='lat' dir='ltr'><strong>si</strong></span> <span class='ocrx_word' id='word_1_39' title='bbox 1396 1344 1523 1413; x_wconf 81' lang='lat' dir='ltr'><strong>augura</strong></span> 
     </span>
     <span class='ocr_line' id='line_1_6' title="bbox 349 1439 1523 1536; baseline 0.001 -27"><span class='ocrx_word' id='word_1_40' title='bbox 349 1439 409 1509; x_wconf 89' lang='lat' dir='ltr'><strong>ebe</strong></span> <span class='ocrx_word' id='word_1_41' title='bbox 434 1441 466 1509; x_wconf 92' lang='lat' dir='ltr'><strong>la</strong></span> <span class='ocrx_word' id='word_1_42' title='bbox 492 1441 676 1511; x_wconf 82' lang='lat' dir='ltr'><strong>veneranda</strong></span> <span class='ocrx_word' id='word_1_43' title='bbox 702 1464 855 1536; x_wconf 89' lang='lat' dir='ltr'><strong>presenza</strong></span> <span class='ocrx_word' id='word_1_44' title='bbox 880 1440 914 1510; x_wconf 95' lang='lat' dir='ltr'><strong>di</strong></span> <span class='ocrx_word' id='word_1_45' title='bbox 939 1465 1011 1511; x_wconf 91' lang='lat' dir='ltr'><strong>esso</strong></span> <span class='ocrx_word' id='word_1_46' title='bbox 1027 1443 1060 1511; x_wconf 93' lang='lat' dir='ltr'><strong>in</strong></span> <span class='ocrx_word' id='word_1_47' title='bbox 1083 1441 1214 1510; x_wconf 86' lang='lat' dir='ltr'><strong>Padova</strong></span> <span class='ocrx_word' id='word_1_48' title='bbox 1234 1440 1379 1510; x_wconf 88' lang='lat' dir='ltr'><strong>riescisse</strong></span> <span class='ocrx_word' id='word_1_49' title='bbox 1399 1441 1441 1510; x_wconf 88' lang='lat' dir='ltr'><strong>ad</strong></span> <span class='ocrx_word' id='word_1_50' title='bbox 1458 1440 1523 1510; x_wconf 91' lang='lat' dir='ltr'><strong>im-</strong></span> 
     </span>
     <span class='ocr_line' id='line_1_7' title="bbox 351 1559 486 1653; baseline 0.022 -26"><span class='ocrx_word' id='word_1_51' title='bbox 351 1559 486 1653; x_wconf 85' lang='lat' dir='ltr'><strong>pedirla.</strong></span> 
     </span>
    </p>

    <p class='ocr_par' dir='ltr' id='par_1_3' title="bbox 348 1679 1521 2016">
     <span class='ocr_line' id='line_1_8' title="bbox 424 1679 1521 1774; baseline 0.005 -28"><span class='ocrx_word' id='word_1_52' title='bbox 424 1704 445 1746; x_wconf 89' lang='lat'>«</span> <span class='ocrx_word' id='word_1_53' title='bbox 459 1679 599 1773; x_wconf 79' lang='lat' dir='ltr'>Insignis</span> <span class='ocrx_word' id='word_1_54' title='bbox 613 1679 772 1750; x_wconf 87' lang='lat' dir='ltr'><strong>laeuudiae</strong></span> <span class='ocrx_word' id='word_1_55' title='bbox 786 1680 858 1750; x_wconf 92' lang='lat' dir='ltr'><strong>viro</strong></span> <span class='ocrx_word' id='word_1_56' title='bbox 870 1680 1029 1774; x_wconf 79' lang='lat' dir='ltr'><strong>Magistro</strong></span> <span class='ocrx_word' id='word_1_57' title='bbox 1041 1681 1232 1750; x_wconf 91' lang='lat' dir='ltr'><strong>Beuvenuto</strong></span> <span class='ocrx_word' id='word_1_58' title='bbox 1245 1680 1285 1750; x_wconf 90' lang='lat' dir='ltr'><strong>de</strong></span> <span class='ocrx_word' id='word_1_59' title='bbox 1298 1682 1401 1750; x_wconf 88' lang='lat' dir='ltr'><strong>lmola</strong></span> <span class='ocrx_word' id='word_1_60' title='bbox 1415 1681 1521 1751; x_wconf 88' lang='lat' dir='ltr'><strong>amico</strong></span> 
     </span>
     <span class='ocr_line' id='line_1_9' title="bbox 349 1799 1521 1893; baseline 0.003 -24"><span class='ocrx_word' id='word_1_61' title='bbox 349 1799 515 1870; x_wconf 90' lang='lat' dir='ltr'><strong>carissimo</strong></span> <span class='ocrx_word' id='word_1_62' title='bbox 544 1811 577 1870; x_wconf 91' lang='lat' dir='ltr'><strong>et</strong></span> <span class='ocrx_word' id='word_1_63' title='bbox 597 1800 732 1893; x_wconf 88' lang='lat' dir='ltr'><strong>optimo.</strong></span> <span class='ocrx_word' id='word_1_64' title='bbox 764 1803 838 1872; x_wconf 91' lang='lat' dir='ltr'><strong>Non</strong></span> <span class='ocrx_word' id='word_1_65' title='bbox 865 1801 976 1881; x_wconf 89' lang='lat' dir='ltr'><strong>siccas,</strong></span> <span class='ocrx_word' id='word_1_66' title='bbox 1003 1801 1306 1884; x_wconf 70' lang='lat' dir='ltr'><strong>floriacenses,</strong></span> <span class='ocrx_word' id='word_1_67' title='bbox 1333 1803 1388 1871; x_wconf 89' lang='lat' dir='ltr'><strong>sed</strong></span> <span class='ocrx_word' id='word_1_68' title='bbox 1413 1802 1521 1872; x_wconf 89' lang='lat' dir='ltr'><strong>adbuc</strong></span> 
     </span>
     <span class='ocr_line' id='line_1_10' title="bbox 348 1920 1520 2016; baseline 0.002 -26"><span class='ocrx_word' id='word_1_69' title='bbox 348 1920 485 1991; x_wconf 86' lang='lat' dir='ltr'><strong>fluentes</strong></span> <span class='ocrx_word' id='word_1_70' title='bbox 503 1931 535 1991; x_wconf 92' lang='lat' dir='ltr'><strong>et</strong></span> <span class='ocrx_word' id='word_1_71' title='bbox 552 1921 755 1992; x_wconf 86' lang='lat' dir='ltr'><strong>continuatas</strong></span> <span class='ocrx_word' id='word_1_72' title='bbox 771 1923 933 2015; x_wconf 83' lang='lat' dir='ltr'><strong>lacrymas</strong></span> <span class='ocrx_word' id='word_1_73' title='bbox 950 1921 1058 1992; x_wconf 90' lang='lat' dir='ltr'><strong>bausit</strong></span> <span class='ocrx_word' id='word_1_74' title='bbox 1076 1922 1220 2014; x_wconf 72' lang='lat' dir='ltr'><strong>Epistola</strong></span> <span class='ocrx_word' id='word_1_75' title='bbox 1238 1933 1305 2002; x_wconf 89' lang='lat' dir='ltr'><strong>tua,</strong></span> <span class='ocrx_word' id='word_1_76' title='bbox 1326 1946 1400 2016; x_wconf 86' lang='lat' dir='ltr'><strong>quae</strong></span> <span class='ocrx_word' id='word_1_77' title='bbox 1417 1946 1437 1991; x_wconf 90' lang='lat' dir='ltr'><strong>a</strong></span> <span class='ocrx_word' id='word_1_78' title='bbox 1456 1925 1520 2007; x_wconf 89' lang='lat' dir='ltr'><strong>line</strong></span> 
     </span>
    </p>
   </div>
   <div class='ocr_carea' id='block_1_3' title="bbox 347 2041 1653 2137">
    <p class='ocr_par' dir='ltr' id='par_1_4' title="bbox 347 2041 1653 2137">
     <span class='ocr_line' id='line_1_11' title="bbox 347 2041 1653 2137; baseline 0.002 -26"><span class='ocrx_word' id='word_1_79' title='bbox 347 2041 486 2112; x_wconf 84' lang='lat' dir='ltr'><strong>literulae</strong></span> <span class='ocrx_word' id='word_1_80' title='bbox 503 2067 602 2136; x_wconf 91' lang='lat' dir='ltr'><strong>quam</strong></span> <span class='ocrx_word' id='word_1_81' title='bbox 617 2042 674 2112; x_wconf 90' lang='lat' dir='ltr'><strong>tibi</strong></span> <span class='ocrx_word' id='word_1_82' title='bbox 683 2043 812 2137; x_wconf 88' lang='lat' dir='ltr'><strong>jamdiu</strong></span> <span class='ocrx_word' id='word_1_83' title='bbox 826 2042 983 2112; x_wconf 81' lang='lat' dir='ltr'><strong>destinavi</strong></span> <span class='ocrx_word' id='word_1_84' title='bbox 998 2065 1130 2111; x_wconf 91' lang='lat' dir='ltr'><strong>sumens</strong></span> <span class='ocrx_word' id='word_1_85' title='bbox 1142 2042 1335 2135; x_wconf 83' lang='lat' dir='ltr'><strong>auspicium,</strong></span> <span class='ocrx_word' id='word_1_86' title='bbox 1352 2043 1521 2136; x_wconf 84' lang='lat' dir='ltr'><strong>migratio-</strong></span> <span class='ocrx_word' id='word_1_87' title='bbox 1650 2103 1653 2114; x_wconf 90' lang='lat'><strong>.</strong></span> 
     </span>
    </p>
   </div>
   <div class='ocr_carea' id='block_1_4' title="bbox 237 2161 1520 4429">
    <p class='ocr_par' dir='ltr' id='par_1_5' title="bbox 237 2161 1520 2864">
     <span class='ocr_line' id='line_1_12' title="bbox 346 2161 1520 2255; baseline 0.001 -23"><span class='ocrx_word' id='word_1_88' title='bbox 346 2185 422 2232; x_wconf 93' lang='lat' dir='ltr'><strong>nem</strong></span> <span class='ocrx_word' id='word_1_89' title='bbox 439 2161 526 2231; x_wconf 92' lang='lat' dir='ltr'><strong>illius</strong></span> <span class='ocrx_word' id='word_1_90' title='bbox 544 2161 697 2232; x_wconf 83' lang='lat' dir='ltr'><strong>luminosi</strong></span> <span class='ocrx_word' id='word_1_91' title='bbox 716 2161 841 2242; x_wconf 89' lang='lat' dir='ltr'><strong>sideris,</strong></span> <span class='ocrx_word' id='word_1_92' title='bbox 860 2161 1043 2230; x_wconf 85' lang='lat' dir='ltr'><strong>Petrarcbae</strong></span> <span class='ocrx_word' id='word_1_93' title='bbox 1061 2162 1191 2243; x_wconf 88' lang='lat' dir='ltr'><strong>scilicet,</strong></span> <span class='ocrx_word' id='word_1_94' title='bbox 1210 2163 1448 2255; x_wconf 81' lang='lat' dir='ltr'><strong>elegantissime</strong></span> <span class='ocrx_word' id='word_1_95' title='bbox 1462 2164 1520 2233; x_wconf 90' lang='lat' dir='ltr'><strong>de-</strong></span> 
     </span>
     <span class='ocr_line' id='line_1_13' title="bbox 237 2258 1519 2375; baseline 0.003 -25"><span class='ocrx_word' id='word_1_96' title='bbox 237 2317 238 2321; x_wconf 40' lang='lat'><em>*</em></span> <span class='ocrx_word' id='word_1_97' title='bbox 345 2258 542 2374; x_wconf 72' lang='lat' dir='ltr'><strong>plorabat..,.</strong></span> <span class='ocrx_word' id='word_1_98' title='bbox 571 2282 724 2375; x_wconf 85' lang='lat' dir='ltr'><strong>indignor</strong></span> <span class='ocrx_word' id='word_1_99' title='bbox 741 2291 851 2352; x_wconf 87' lang='lat' dir='ltr'><strong>tamen</strong></span> <span class='ocrx_word' id='word_1_100' title='bbox 871 2282 1001 2352; x_wconf 80' lang='lat' dir='ltr'><strong>Allrieae</strong></span> <span class='ocrx_word' id='word_1_101' title='bbox 1025 2283 1123 2352; x_wconf 87' lang='lat' dir='ltr'><strong>fatale</strong></span> <span class='ocrx_word' id='word_1_102' title='bbox 1140 2292 1177 2351; x_wconf 92' lang='lat' dir='ltr'><strong>ut</strong></span> <span class='ocrx_word' id='word_1_103' title='bbox 1193 2282 1310 2352; x_wconf 93' lang='lat' dir='ltr'><strong>dicitur</strong></span> <span class='ocrx_word' id='word_1_104' title='bbox 1332 2282 1519 2354; x_wconf 83' lang='lat' dir='ltr'><strong>incendium</strong></span> 
     </span>
     <span class='ocr_line' id='line_1_14' title="bbox 344 2403 1516 2498; baseline 0.005 -27"><span class='ocrx_word' id='word_1_105' title='bbox 344 2403 565 2473; x_wconf 81' lang='lat' dir='ltr'><strong>imminere...</strong></span> <span class='ocrx_word' id='word_1_106' title='bbox 591 2404 743 2474; x_wconf 88' lang='lat' dir='ltr'><strong>Ceterum</strong></span> <span class='ocrx_word' id='word_1_107' title='bbox 761 2404 850 2498; x_wconf 91' lang='lat' dir='ltr'><strong>quod</strong></span> <span class='ocrx_word' id='word_1_108' title='bbox 873 2415 946 2497; x_wconf 91' lang='lat' dir='ltr'><strong>post</strong></span> <span class='ocrx_word' id='word_1_109' title='bbox 975 2405 1097 2473; x_wconf 80' lang='lat' dir='ltr'><strong>Pascha</strong></span> <span class='ocrx_word' id='word_1_110' title='bbox 1128 2416 1158 2472; x_wconf 92' lang='lat' dir='ltr'><strong>te</strong></span> <span class='ocrx_word' id='word_1_111' title='bbox 1188 2404 1359 2475; x_wconf 84' lang='lat' dir='ltr'><strong>Patavium</strong></span> <span class='ocrx_word' id='word_1_112' title='bbox 1390 2405 1516 2477; x_wconf 90' lang='lat' dir='ltr'><strong>iturum</strong></span> 
     </span>
     <span class='ocr_line' id='line_1_15' title="bbox 344 2521 1519 2618; baseline 0.003 -27"><span class='ocrx_word' id='word_1_113' title='bbox 344 2521 467 2605; x_wconf 88' lang='lat' dir='ltr'><strong>scribis,</strong></span> <span class='ocrx_word' id='word_1_114' title='bbox 487 2524 635 2594; x_wconf 83' lang='lat' dir='ltr'><strong>laetanter</strong></span> <span class='ocrx_word' id='word_1_115' title='bbox 651 2526 770 2618; x_wconf 90' lang='lat' dir='ltr'><strong>accepi,</strong></span> <span class='ocrx_word' id='word_1_116' title='bbox 799 2535 834 2594; x_wconf 93' lang='lat' dir='ltr'><strong>ut</strong></span> <span class='ocrx_word' id='word_1_117' title='bbox 861 2536 917 2595; x_wconf 85' lang='lat' dir='ltr'><strong>tua</strong></span> <span class='ocrx_word' id='word_1_118' title='bbox 943 2524 1127 2594; x_wconf 91' lang='lat' dir='ltr'><strong>veneranda</strong></span> <span class='ocrx_word' id='word_1_119' title='bbox 1153 2525 1324 2618; x_wconf 74' lang='lat' dir='ltr'><strong>presentia</strong></span> <span class='ocrx_word' id='word_1_120' title='bbox 1346 2525 1438 2596; x_wconf 88' lang='lat' dir='ltr'><strong>illam</strong></span> <span class='ocrx_word' id='word_1_121' title='bbox 1456 2528 1519 2595; x_wconf 90' lang='lat' dir='ltr'><strong>Pe-</strong></span> 
     </span>
     <span class='ocr_line' id='line_1_16' title="bbox 345 2643 1517 2737; baseline 0.004 -25"><span class='ocrx_word' id='word_1_122' title='bbox 345 2643 482 2714; x_wconf 84' lang='lat' dir='ltr'><strong>trarcbae</strong></span> <span class='ocrx_word' id='word_1_123' title='bbox 511 2646 656 2715; x_wconf 87' lang='lat' dir='ltr'><strong>scholam</strong></span> <span class='ocrx_word' id='word_1_124' title='bbox 681 2671 701 2716; x_wconf 93' lang='lat' dir='ltr'><strong>a</strong></span> <span class='ocrx_word' id='word_1_125' title='bbox 725 2645 887 2737; x_wconf 88' lang='lat' dir='ltr'><strong>conceptis</strong></span> <span class='ocrx_word' id='word_1_126' title='bbox 904 2645 1060 2715; x_wconf 88' lang='lat' dir='ltr'><strong>incendiis</strong></span> <span class='ocrx_word' id='word_1_127' title='bbox 1077 2655 1225 2737; x_wconf 89' lang='lat' dir='ltr'><strong>potenter</strong></span> <span class='ocrx_word' id='word_1_128' title='bbox 1242 2646 1415 2716; x_wconf 89' lang='lat' dir='ltr'><strong>deterreas.</strong></span> <span class='ocrx_word' id='word_1_129' title='bbox 1435 2648 1517 2717; x_wconf 84' lang='lat' dir='ltr'><strong>Vale</strong></span> 
     </span>
     <span class='ocr_line' id='line_1_17' title="bbox 345 2757 1348 2864; baseline 0.001 -32"><span class='ocrx_word' id='word_1_130' title='bbox 345 2763 410 2833; x_wconf 90' lang='lat' dir='ltr'><strong>mei</strong></span> <span class='ocrx_word' id='word_1_131' title='bbox 432 2789 570 2836; x_wconf 87' lang='lat' dir='ltr'><strong>memor.</strong></span> <span class='ocrx_word' id='word_1_132' title='bbox 590 2766 775 2848; x_wconf 86' lang='lat' dir='ltr'><strong>Florentiae,</strong></span> <span class='ocrx_word' id='word_1_133' title='bbox 800 2779 917 2836; x_wconf 87' lang='lat' dir='ltr'><strong>octavo</strong></span> <span class='ocrx_word' id='word_1_134' title='bbox 938 2766 1098 2864; x_wconf 16' lang='lat' dir='ltr'><strong>‘kalendas</strong></span> <span class='ocrx_word' id='word_1_135' title='bbox 1123 2766 1246 2858; x_wconf 82' lang='lat' dir='ltr'><strong>Aprilis</strong></span> <span class='ocrx_word' id='word_1_136' title='bbox 1262 2757 1308 2856; x_wconf 79' lang='lat'><strong>(¹).</strong></span> <span class='ocrx_word' id='word_1_137' title='bbox 1327 2792 1348 2833; x_wconf 81' lang='lat' dir='ltr'><strong>n</strong></span> 
     </span>
    </p>

    <p class='ocr_par' dir='ltr' id='par_1_6' title="bbox 336 2885 1515 3435">
     <span class='ocr_line' id='line_1_18' title="bbox 417 2885 1515 2980; baseline 0.005 -27"><span class='ocrx_word' id='word_1_138' title='bbox 417 2885 501 2954; x_wconf 89' lang='lat' dir='ltr'><strong>Nell‘</strong></span> <span class='ocrx_word' id='word_1_139' title='bbox 508 2886 592 2955; x_wconf 89' lang='lat' dir='ltr'><strong>altra</strong></span> <span class='ocrx_word' id='word_1_140' title='bbox 609 2887 735 2966; x_wconf 82' lang='lat' dir='ltr'><strong>lettera,</strong></span> <span class='ocrx_word' id='word_1_141' title='bbox 753 2885 863 2956; x_wconf 89' lang='lat' dir='ltr'><strong>scritta</strong></span> <span class='ocrx_word' id='word_1_142' title='bbox 881 2887 933 2955; x_wconf 93' lang='lat' dir='ltr'><strong>nel</strong></span> <span class='ocrx_word' id='word_1_143' title='bbox 950 2886 1073 2980; x_wconf 82' lang='lat' dir='ltr'><strong>giugno</strong></span> <span class='ocrx_word' id='word_1_144' title='bbox 1089 2896 1254 2979; x_wconf 85' lang='lat' dir='ltr'><strong>seguente,</strong></span> <span class='ocrx_word' id='word_1_145' title='bbox 1272 2887 1424 2957; x_wconf 87' lang='lat' dir='ltr'><strong>Coluecio</strong></span> <span class='ocrx_word' id='word_1_146' title='bbox 1441 2911 1515 2958; x_wconf 82' lang='lat' dir='ltr'><strong>ma-</strong></span> 
     </span>
     <span class='ocr_line' id='line_1_19' title="bbox 344 3004 1515 3101; baseline 0.003 -28"><span class='ocrx_word' id='word_1_147' title='bbox 344 3004 458 3075; x_wconf 87' lang='lat' dir='ltr'><strong>nilesta</strong></span> <span class='ocrx_word' id='word_1_148' title='bbox 484 3006 508 3075; x_wconf 89' lang='lat' dir='ltr'><strong>il</strong></span> <span class='ocrx_word' id='word_1_149' title='bbox 533 3006 654 3076; x_wconf 93' lang='lat' dir='ltr'><strong>dubbio</strong></span> <span class='ocrx_word' id='word_1_150' title='bbox 679 3007 738 3076; x_wconf 88' lang='lat' dir='ltr'><strong>ebe</strong></span> <span class='ocrx_word' id='word_1_151' title='bbox 763 3008 903 3100; x_wconf 78' lang='lat' dir='ltr'><strong>l’Asrieo</strong></span> <span class='ocrx_word' id='word_1_152' title='bbox 927 3031 992 3077; x_wconf 92' lang='lat' dir='ltr'><strong>non</strong></span> <span class='ocrx_word' id='word_1_153' title='bbox 1018 3010 1102 3077; x_wconf 87' lang='lat' dir='ltr'><strong>losse</strong></span> <span class='ocrx_word' id='word_1_154' title='bbox 1128 3030 1248 3077; x_wconf 85' lang='lat' dir='ltr'><strong>ancora</strong></span> <span class='ocrx_word' id='word_1_155' title='bbox 1273 3007 1361 3077; x_wconf 83' lang='lat' dir='ltr'><strong>fuori</strong></span> <span class='ocrx_word' id='word_1_156' title='bbox 1396 3007 1430 3076; x_wconf 94' lang='lat' dir='ltr'><strong>di</strong></span> <span class='ocrx_word' id='word_1_157' title='bbox 1455 3031 1515 3101; x_wconf 87' lang='lat' dir='ltr'><strong>pe-</strong></span> 
     </span>
     <span class='ocr_line' id='line_1_20' title="bbox 344 3125 1513 3205; baseline 0.004 -13"><span class='ocrx_word' id='word_1_158' title='bbox 344 3125 458 3205; x_wconf 78' lang='lat' dir='ltr'><strong>ricolm</strong></span> <span class='ocrx_word' id='word_1_159' title='bbox 485 3149 504 3195; x_wconf 86' lang='lat' dir='ltr'><strong>e</strong></span> <span class='ocrx_word' id='word_1_160' title='bbox 529 3127 700 3198; x_wconf 87' lang='lat' dir='ltr'><strong>comunica</strong></span> <span class='ocrx_word' id='word_1_161' title='bbox 725 3151 746 3197; x_wconf 92' lang='lat' dir='ltr'><strong>a</strong></span> <span class='ocrx_word' id='word_1_162' title='bbox 771 3129 962 3197; x_wconf 78' lang='lat' dir='ltr'><strong>benvenuto</strong></span> <span class='ocrx_word' id='word_1_163' title='bbox 986 3128 1019 3197; x_wconf 90' lang='lat' dir='ltr'><strong>la</strong></span> <span class='ocrx_word' id='word_1_164' title='bbox 1045 3152 1104 3197; x_wconf 90' lang='lat' dir='ltr'><strong>sua</strong></span> <span class='ocrx_word' id='word_1_165' title='bbox 1124 3127 1258 3197; x_wconf 90' lang='lat' dir='ltr'><strong>nomina</strong></span> <span class='ocrx_word' id='word_1_166' title='bbox 1274 3151 1295 3196; x_wconf 91' lang='lat' dir='ltr'><strong>a</strong></span> <span class='ocrx_word' id='word_1_167' title='bbox 1314 3127 1513 3198; x_wconf 85' lang='lat' dir='ltr'><strong>Cancelliere</strong></span> 
     </span>
     <span class='ocr_line' id='line_1_21' title="bbox 343 3242 1514 3340; baseline 0.004 -28"><span class='ocrx_word' id='word_1_168' title='bbox 343 3242 429 3313; x_wconf 87' lang='lat' dir='ltr'><strong>della</strong></span> <span class='ocrx_word' id='word_1_169' title='bbox 465 3246 651 3338; x_wconf 88' lang='lat' dir='ltr'><strong>repubbliea</strong></span> <span class='ocrx_word' id='word_1_170' title='bbox 678 3248 873 3326; x_wconf 76' lang='lat' dir='ltr'><strong>florentina3</strong></span> <span class='ocrx_word' id='word_1_171' title='bbox 908 3247 932 3316; x_wconf 97' lang='lat' dir='ltr'><strong>il</strong></span> <span class='ocrx_word' id='word_1_172' title='bbox 964 3247 1024 3316; x_wconf 92' lang='lat' dir='ltr'><strong>cbe</strong></span> <span class='ocrx_word' id='word_1_173' title='bbox 1056 3270 1158 3340; x_wconf 90' lang='lat' dir='ltr'><strong>prova</strong></span> <span class='ocrx_word' id='word_1_174' title='bbox 1188 3257 1311 3340; x_wconf 88' lang='lat' dir='ltr'><strong>quanta</strong></span> <span class='ocrx_word' id='word_1_175' title='bbox 1341 3248 1438 3317; x_wconf 90' lang='lat' dir='ltr'><strong>stima</strong></span> <span class='ocrx_word' id='word_1_176' title='bbox 1472 3271 1514 3317; x_wconf 89' lang='lat' dir='ltr'><strong>ne</strong></span> 
     </span>
     <span class='ocr_line' id='line_1_22' title="bbox 336 3387 468 3435; baseline 0.015 -2"><span class='ocrx_word' id='word_1_177' title='bbox 336 3387 468 3435; x_wconf 81' lang='lat' dir='ltr'><strong>arasse.</strong></span> 
     </span>
    </p>

    <p class='ocr_par' dir='ltr' id='par_1_7' title="bbox 339 3486 1514 4429">
     <span class='ocr_line' id='line_1_23' title="bbox 416 3486 1514 3582; baseline 0.006 -31"><span class='ocrx_word' id='word_1_178' title='bbox 416 3486 516 3557; x_wconf 87' lang='lat' dir='ltr'><strong>«Vir</strong></span> <span class='ocrx_word' id='word_1_179' title='bbox 539 3488 679 3581; x_wconf 79' lang='lat' dir='ltr'><strong>Optime.</strong></span> <span class='ocrx_word' id='word_1_180' title='bbox 707 3491 756 3560; x_wconf 93' lang='lat' dir='ltr'><strong>Ne</strong></span> <span class='ocrx_word' id='word_1_181' title='bbox 778 3489 894 3560; x_wconf 89' lang='lat' dir='ltr'><strong>tacitus</strong></span> <span class='ocrx_word' id='word_1_182' title='bbox 915 3513 1046 3582; x_wconf 81' lang='lat' dir='ltr'><strong>arguar,</strong></span> <span class='ocrx_word' id='word_1_183' title='bbox 1065 3488 1129 3559; x_wconf 89' lang='lat' dir='ltr'><strong>tuis</strong></span> <span class='ocrx_word' id='word_1_184' title='bbox 1146 3488 1382 3558; x_wconf 82' lang='lat' dir='ltr'><strong>facundissimis</strong></span> <span class='ocrx_word' id='word_1_185' title='bbox 1399 3488 1514 3558; x_wconf 88' lang='lat' dir='ltr'><strong>litteris</strong></span> 
     </span>
     <span class='ocr_line' id='line_1_24' title="bbox 340 3607 1513 3704; baseline 0.003 -28"><span class='ocrx_word' id='word_1_186' title='bbox 340 3607 579 3702; x_wconf 83' lang='lat' dir='ltr'><strong>qualecumque</strong></span> <span class='ocrx_word' id='word_1_187' title='bbox 603 3632 795 3704; x_wconf 90' lang='lat' dir='ltr'><strong>responsum</strong></span> <span class='ocrx_word' id='word_1_188' title='bbox 820 3609 947 3704; x_wconf 80' lang='lat' dir='ltr'><strong>ingrate</strong></span> <span class='ocrx_word' id='word_1_189' title='bbox 971 3632 1102 3703; x_wconf 81' lang='lat' dir='ltr'><strong>negare,</strong></span> <span class='ocrx_word' id='word_1_190' title='bbox 1126 3610 1278 3703; x_wconf 89' lang='lat' dir='ltr'><strong>quamvis</strong></span> <span class='ocrx_word' id='word_1_191' title='bbox 1299 3609 1513 3701; x_wconf 91' lang='lat' dir='ltr'><strong>respondendi</strong></span> 
     </span>
     <span class='ocr_line' id='line_1_25' title="bbox 340 3725 1513 3824; baseline 0.003 -29"><span class='ocrx_word' id='word_1_192' title='bbox 340 3725 471 3796; x_wconf 85' lang='lat' dir='ltr'><strong>vinculo</strong></span> <span class='ocrx_word' id='word_1_193' title='bbox 500 3727 641 3797; x_wconf 86' lang='lat' dir='ltr'><strong>voluisse</strong></span> <span class='ocrx_word' id='word_1_194' title='bbox 672 3729 795 3811; x_wconf 89' lang='lat' dir='ltr'><strong>videar,</strong></span> <span class='ocrx_word' id='word_1_195' title='bbox 826 3732 924 3824; x_wconf 81' lang='lat' dir='ltr'><strong>longa</strong></span> <span class='ocrx_word' id='word_1_196' title='bbox 955 3730 1160 3800; x_wconf 88' lang='lat' dir='ltr'><strong>contumacia</strong></span> <span class='ocrx_word' id='word_1_197' title='bbox 1193 3729 1412 3822; x_wconf 73' lang='lat' dir='ltr'><strong>prescribere,</strong></span> <span class='ocrx_word' id='word_1_198' title='bbox 1438 3729 1513 3798; x_wconf 87' lang='lat' dir='ltr'><strong>licet</strong></span> 
     </span>
     <span class='ocr_line' id='line_1_26' title="bbox 339 3845 1512 3944; baseline 0.003 -28"><span class='ocrx_word' id='word_1_199' title='bbox 339 3845 461 3918; x_wconf 89' lang='lat' dir='ltr'><strong>instent</strong></span> <span class='ocrx_word' id='word_1_200' title='bbox 486 3849 621 3919; x_wconf 86' lang='lat' dir='ltr'><strong>inlinitae</strong></span> <span class='ocrx_word' id='word_1_201' title='bbox 647 3851 845 3943; x_wconf 80' lang='lat' dir='ltr'><strong>Reipublicae</strong></span> <span class='ocrx_word' id='word_1_202' title='bbox 870 3874 969 3932; x_wconf 85' lang='lat' dir='ltr'><strong>curae,</strong></span> <span class='ocrx_word' id='word_1_203' title='bbox 987 3852 1107 3944; x_wconf 93' lang='lat' dir='ltr'><strong>quibus</strong></span> <span class='ocrx_word' id='word_1_204' title='bbox 1128 3874 1170 3920; x_wconf 90' lang='lat' dir='ltr'><strong>ne</strong></span> <span class='ocrx_word' id='word_1_205' title='bbox 1194 3850 1314 3944; x_wconf 85' lang='lat' dir='ltr'><strong>possim</strong></span> <span class='ocrx_word' id='word_1_206' title='bbox 1332 3849 1456 3930; x_wconf 87' lang='lat' dir='ltr'><strong>amieis,</strong></span> <span class='ocrx_word' id='word_1_207' title='bbox 1475 3861 1512 3920; x_wconf 87' lang='lat' dir='ltr'><strong>ut</strong></span> 
     </span>
     <span class='ocr_line' id='line_1_27' title="bbox 339 3969 1509 4066; baseline 0.002 -28"><span class='ocrx_word' id='word_1_208' title='bbox 339 3969 507 4054; x_wconf 85' lang='lat' dir='ltr'><strong>hactenus,</strong></span> <span class='ocrx_word' id='word_1_209' title='bbox 532 3973 567 4042; x_wconf 92' lang='lat' dir='ltr'><strong>in</strong></span> <span class='ocrx_word' id='word_1_210' title='bbox 593 3972 762 4041; x_wconf 91' lang='lat' dir='ltr'><strong>scribendo</strong></span> <span class='ocrx_word' id='word_1_211' title='bbox 787 3972 981 4052; x_wconf 84' lang='lat' dir='ltr'><strong>satisfacere,</strong></span> <span class='ocrx_word' id='word_1_212' title='bbox 1007 3972 1104 4041; x_wconf 92' lang='lat' dir='ltr'><strong>nimis</strong></span> <span class='ocrx_word' id='word_1_213' title='bbox 1124 3971 1297 4041; x_wconf 88' lang='lat' dir='ltr'><strong>efficaciter</strong></span> <span class='ocrx_word' id='word_1_214' title='bbox 1321 3972 1509 4066; x_wconf 91' lang='lat' dir='ltr'><strong>prohibear:</strong></span> 
     </span>
     <span class='ocr_line' id='line_1_28' title="bbox 340 4089 1511 4186; baseline 0.003 -26"><span class='ocrx_word' id='word_1_215' title='bbox 340 4089 400 4161; x_wconf 84' lang='lat' dir='ltr'><strong>bac</strong></span> <span class='ocrx_word' id='word_1_216' title='bbox 425 4102 534 4161; x_wconf 86' lang='lat' dir='ltr'><strong>tamen</strong></span> <span class='ocrx_word' id='word_1_217' title='bbox 552 4092 697 4162; x_wconf 88' lang='lat' dir='ltr'><strong>litterula</strong></span> <span class='ocrx_word' id='word_1_218' title='bbox 722 4093 867 4163; x_wconf 85' lang='lat' dir='ltr'><strong>debitum</strong></span> <span class='ocrx_word' id='word_1_219' title='bbox 892 4094 1112 4186; x_wconf 79' lang='lat' dir='ltr'><strong>salvamque</strong></span> <span class='ocrx_word' id='word_1_220' title='bbox 1138 4115 1190 4161; x_wconf 88' lang='lat' dir='ltr'><strong>mc</strong></span> <span class='ocrx_word' id='word_1_221' title='bbox 1216 4092 1264 4161; x_wconf 93' lang='lat' dir='ltr'><strong>tui</strong></span> <span class='ocrx_word' id='word_1_222' title='bbox 1288 4093 1426 4162; x_wconf 90' lang='lat' dir='ltr'><strong>oblitum</strong></span> <span class='ocrx_word' id='word_1_223' title='bbox 1445 4116 1511 4163; x_wconf 91' lang='lat' dir='ltr'><strong>non</strong></span> 
     </span>
     <span class='ocr_line' id='line_1_29' title="bbox 339 4212 1512 4307; baseline -0.001 -25"><span class='ocrx_word' id='word_1_224' title='bbox 339 4235 408 4282; x_wconf 88' lang='lat' dir='ltr'><strong>esse</strong></span> <span class='ocrx_word' id='word_1_225' title='bbox 427 4235 614 4305; x_wconf 68' lang='lat' dir='ltr'><strong>cognoscem</strong></span> <span class='ocrx_word' id='word_1_226' title='bbox 641 4225 674 4283; x_wconf 87' lang='lat' dir='ltr'><strong>et</strong></span> <span class='ocrx_word' id='word_1_227' title='bbox 698 4224 859 4307; x_wconf 90' lang='lat' dir='ltr'><strong>quantum</strong></span> <span class='ocrx_word' id='word_1_228' title='bbox 884 4214 959 4283; x_wconf 88' lang='lat' dir='ltr'><strong>lieet</strong></span> <span class='ocrx_word' id='word_1_229' title='bbox 984 4214 1141 4293; x_wconf 70' lang='lat' dir='ltr'><strong>amicitiae⁴</strong></span> <span class='ocrx_word' id='word_1_230' title='bbox 1159 4212 1376 4282; x_wconf 89' lang='lat' dir='ltr'><strong>militaturum</strong></span> <span class='ocrx_word' id='word_1_231' title='bbox 1393 4212 1512 4282; x_wconf 89' lang='lat' dir='ltr'><strong>adver-</strong></span> 
     </span>
     <span class='ocr_line' id='line_1_30' title="bbox 340 4333 1510 4429; baseline -0.002 -25"><span class='ocrx_word' id='word_1_232' title='bbox 340 4346 397 4404; x_wconf 91' lang='lat' dir='ltr'><strong>tes.</strong></span> <span class='ocrx_word' id='word_1_233' title='bbox 424 4335 466 4403; x_wconf 91' lang='lat' dir='ltr'><strong>Et</strong></span> <span class='ocrx_word' id='word_1_234' title='bbox 490 4334 533 4403; x_wconf 91' lang='lat' dir='ltr'><strong>ab</strong></span> <span class='ocrx_word' id='word_1_235' title='bbox 553 4357 592 4404; x_wconf 91' lang='lat' dir='ltr'><strong>eo</strong></span> <span class='ocrx_word' id='word_1_236' title='bbox 617 4334 707 4429; x_wconf 91' lang='lat' dir='ltr'><strong>quod</strong></span> <span class='ocrx_word' id='word_1_237' title='bbox 732 4345 789 4405; x_wconf 89' lang='lat' dir='ltr'><strong>tua</strong></span> <span class='ocrx_word' id='word_1_238' title='bbox 813 4334 1002 4427; x_wconf 88' lang='lat' dir='ltr'><strong>auspicatur</strong></span> <span class='ocrx_word' id='word_1_239' title='bbox 1026 4334 1163 4428; x_wconf 86' lang='lat' dir='ltr'><strong>epistola</strong></span> <span class='ocrx_word' id='word_1_240' title='bbox 1180 4333 1345 4428; x_wconf 89' lang='lat' dir='ltr'><strong>incipiam.</strong></span> <span class='ocrx_word' id='word_1_241' title='bbox 1366 4335 1510 4404; x_wconf 87' lang='lat' dir='ltr'><strong>Verebar</strong></span> 
     </span>
    </p>
   </div>
   <div class='ocr_carea' id='block_1_5' title="bbox 336 4454 1512 4792">
    <p class='ocr_par' dir='ltr' id='par_1_8' title="bbox 336 4454 1512 4792">
     <span class='ocr_line' id='line_1_31' title="bbox 336 4454 1512 4551; baseline -0.003 -25"><span class='ocrx_word' id='word_1_242' title='bbox 336 4478 495 4549; x_wconf 87' lang='lat' dir='ltr'><strong>quorsum</strong></span> <span class='ocrx_word' id='word_1_243' title='bbox 521 4456 654 4526; x_wconf 92' lang='lat' dir='ltr'><strong>illorum</strong></span> <span class='ocrx_word' id='word_1_244' title='bbox 675 4456 825 4551; x_wconf 87' lang='lat' dir='ltr'><strong>judicum</strong></span> <span class='ocrx_word' id='word_1_245' title='bbox 852 4458 958 4525; x_wconf 86' lang='lat' dir='ltr'><strong>forent</strong></span> <span class='ocrx_word' id='word_1_246' title='bbox 983 4478 1123 4525; x_wconf 89' lang='lat' dir='ltr'><strong>evasura</strong></span> <span class='ocrx_word' id='word_1_247' title='bbox 1147 4454 1294 4536; x_wconf 85' lang='lat' dir='ltr'><strong>consilia,</strong></span> <span class='ocrx_word' id='word_1_248' title='bbox 1311 4478 1394 4548; x_wconf 91' lang='lat' dir='ltr'><strong>quos</strong></span> <span class='ocrx_word' id='word_1_249' title='bbox 1419 4454 1512 4524; x_wconf 86' lang='lat' dir='ltr'><strong>vide-</strong></span> 
     </span>
     <span class='ocr_line' id='line_1_32' title="bbox 337 4573 1512 4656; baseline 0 -11"><span class='ocrx_word' id='word_1_250' title='bbox 337 4573 414 4646; x_wconf 85' lang='lat' dir='ltr'><strong>bam</strong></span> <span class='ocrx_word' id='word_1_251' title='bbox 438 4575 472 4646; x_wconf 89' lang='lat' dir='ltr'><strong>in</strong></span> <span class='ocrx_word' id='word_1_252' title='bbox 498 4576 638 4648; x_wconf 91' lang='lat' dir='ltr'><strong>editione</strong></span> <span class='ocrx_word' id='word_1_253' title='bbox 663 4577 794 4647; x_wconf 84' lang='lat' dir='ltr'><strong>Affricae</strong></span> <span class='ocrx_word' id='word_1_254' title='bbox 828 4577 979 4656; x_wconf 89' lang='lat' dir='ltr'><strong>titubare,</strong></span> <span class='ocrx_word' id='word_1_255' title='bbox 1012 4587 1045 4645; x_wconf 88' lang='lat' dir='ltr'><strong>et</strong></span> <span class='ocrx_word' id='word_1_256' title='bbox 1075 4575 1182 4645; x_wconf 91' lang='lat' dir='ltr'><strong>adbuc</strong></span> <span class='ocrx_word' id='word_1_257' title='bbox 1216 4599 1282 4647; x_wconf 91' lang='lat' dir='ltr'><strong>non</strong></span> <span class='ocrx_word' id='word_1_258' title='bbox 1316 4599 1389 4646; x_wconf 90' lang='lat' dir='ltr'><strong>sum</strong></span> <span class='ocrx_word' id='word_1_259' title='bbox 1421 4575 1512 4645; x_wconf 90' lang='lat' dir='ltr'><strong>omni</strong></span> 
     </span>
     <span class='ocr_line' id='line_1_33' title="bbox 336 4696 1510 4792; baseline -0.001 -27"><span class='ocrx_word' id='word_1_260' title='bbox 336 4696 452 4767; x_wconf 88' lang='lat' dir='ltr'><strong>timore</strong></span> <span class='ocrx_word' id='word_1_261' title='bbox 477 4722 611 4779; x_wconf 79' lang='lat' dir='ltr'><strong>vectius,</strong></span> <span class='ocrx_word' id='word_1_262' title='bbox 637 4698 717 4792; x_wconf 90' lang='lat' dir='ltr'><strong>quin</strong></span> <span class='ocrx_word' id='word_1_263' title='bbox 735 4697 880 4767; x_wconf 90' lang='lat' dir='ltr'><strong>dubitem</strong></span> <span class='ocrx_word' id='word_1_264' title='bbox 897 4697 984 4790; x_wconf 89' lang='lat' dir='ltr'><strong>ipsos</strong></span> <span class='ocrx_word' id='word_1_265' title='bbox 1002 4696 1174 4791; x_wconf 85' lang='lat' dir='ltr'><strong>sacrilegas</strong></span> <span class='ocrx_word' id='word_1_266' title='bbox 1194 4721 1311 4767; x_wconf 91' lang='lat' dir='ltr'><strong>manus</strong></span> <span class='ocrx_word' id='word_1_267' title='bbox 1328 4697 1362 4767; x_wconf 95' lang='lat' dir='ltr'><strong>in</strong></span> <span class='ocrx_word' id='word_1_268' title='bbox 1381 4719 1510 4766; x_wconf 90' lang='lat' dir='ltr'><strong>sacrum</strong></span> 
     </span>
    </p>
   </div>
   <div class='ocr_carea' id='block_1_6' title="bbox 397 4958 1485 5023">
    <p class='ocr_par' dir='ltr' id='par_1_9' title="bbox 397 4958 1485 5023">
     <span class='ocr_line' id='line_1_34' title="bbox 397 4958 1485 5023; baseline 0 -15"><span class='ocrx_word' id='word_1_269' title='bbox 397 4959 424 5021; x_wconf 81' lang='lat'><strong>(¹)</strong></span> <span class='ocrx_word' id='word_1_270' title='bbox 438 4959 498 5009; x_wconf 81' lang='lat' dir='ltr'><strong>Lrnr</strong></span> <span class='ocrx_word' id='word_1_271' title='bbox 513 4958 616 5010; x_wconf 77' lang='lat' dir='ltr'><strong>Coeum</strong></span> <span class='ocrx_word' id='word_1_272' title='bbox 633 4960 715 5010; x_wconf 78' lang='lat' dir='ltr'><strong>Prnu</strong></span> <span class='ocrx_word' id='word_1_273' title='bbox 731 4959 864 5010; x_wconf 67' lang='lat' dir='ltr'><strong>staurari</strong></span> <span class='ocrx_word' id='word_1_274' title='bbox 881 4959 1008 5023; x_wconf 74' lang='lat' dir='ltr'><strong>Eptstotoe.</strong></span> <span class='ocrx_word' id='word_1_275' title='bbox 1025 4959 1173 5016; x_wconf 68' lang='lat' dir='ltr'><strong>florentio,</strong></span> <span class='ocrx_word' id='word_1_276' title='bbox 1191 4963 1261 5017; x_wconf 73' lang='lat' dir='ltr'><strong>tm,</strong></span> <span class='ocrx_word' id='word_1_277' title='bbox 1279 4971 1339 5021; x_wconf 79' lang='lat' dir='ltr'><strong>pars</strong></span> <span class='ocrx_word' id='word_1_278' title='bbox 1353 4959 1387 5016; x_wconf 89' lang='lat' dir='ltr'><strong>ll,</strong></span> <span class='ocrx_word' id='word_1_279' title='bbox 1404 4971 1429 5020; x_wconf 84' lang='lat' dir='ltr'><strong>p.</strong></span> <span class='ocrx_word' id='word_1_280' title='bbox 1446 4962 1485 5008; x_wconf 73' lang='lat'><strong>82.</strong></span> 
     </span>
    </p>
   </div>
   <div class='ocr_carea' id='block_1_7' title="bbox 0 0 2082 6546">
    <p class='ocr_par' dir='ltr' id='par_1_10' title="bbox 0 0 2082 6546">
     <span class='ocr_line' id='line_1_35' title="bbox 0 0 2082 6546; baseline 0 7"><span class='ocrx_word' id='word_1_281' title='bbox 0 0 2082 6546; x_wconf 95' lang='lat' dir='ltr'><strong> </strong></span> 
     </span>
    </p>
   </div>
  </div>
 </body>
</html>
