4154 6546
770 791 907 846 cronos
932 790 1089 847 orciuos
1113 788 1305 843 secururs.
1547 776 1617 847 419

451 934 611 1030 Daciam,
637 934 875 1031 ilungariam,
902 935 1160 1027 Macedoniam,
1185 941 1224 1007 et
1249 932 1409 1028 blesiam,
1445 932 1618 1006 Achaiam

449 1063 487 1131 et
511 1056 689 1150 Traciam,
715 1057 853 1131 ducens
878 1078 1005 1131 secum
1034 1056 1168 1129 multos
1201 1074 1307 1149 reges
1333 1061 1370 1128 et
1397 1054 1555 1148 regulos,
1583 1060 1620 1125 et

447 1177 572 1272 plures
597 1176 761 1250 nationes
787 1176 823 1249 in
854 1176 1139 1271 septemtrionali
1168 1175 1274 1269 plaga
1305 1180 1503 1264 morantes,
1533 1184 1620 1245 cum

449 1295 705 1371 innumerabili
719 1297 884 1371 exercitu
898 1296 1116 1370 furibundus
1129 1295 1276 1368 intravit
1288 1295 1489 1387 ltaliam3et
1501 1292 1621 1386 primo

448 1416 677 1513 Aquilegiam
713 1416 821 1490 silam
860 1417 897 1489 in
935 1416 1109 1511 principio
1140 1415 1251 1489 ltaliae
1288 1433 1504 1509 expugnare
1539 1419 1620 1486 ten·

450 1536 550 1630 tavit,
576 1557 659 1630 quae
686 1535 753 1609 luit
779 1536 930 1611 viriliter
955 1537 1139 1611 defensata
1154 1528 1191 1627 (¹)
1216 1558 1239 1609 a
1264 1535 1404 1611 civibus
1420 1555 1486 1629 per
1507 1533 1621 1608 trien-

450 1654 570 1748 nium3
597 1655 751 1729 finaliter
775 1664 880 1749 capta
907 1656 974 1729 luit
999 1656 1082 1752 igne
1113 1666 1150 1732 et
1182 1656 1292 1749 serro,
1325 1676 1453 1729 eversa
1479 1652 1617 1728 crudeli

448 1775 599 1850 excidio.
627 1777 728 1850 Tunc
753 1776 922 1870 qnaedam
941 1775 1075 1849 mulier
1095 1775 1243 1849 nomine
1260 1775 1374 1872 Digna
1393 1774 1618 1869 precipitavit

449 1895 560 1970 sede
584 1897 657 1970 alta
682 1917 769 1970 arce
794 1896 830 1969 in
856 1897 1006 1989 flumen,
1032 1916 1079 1970 ne
1104 1896 1140 1968 in
1167 1917 1298 1969 manus
1324 1896 1481 1969 bostium
1507 1894 1619 1968 deve·

448 2016 562 2109 niret3
590 2016 723 2090 mulier
737 2008 773 2108 (²)
803 2015 947 2111 indigna
973 2037 1057 2110 quae
1084 2016 1143 2090 tali
1170 2023 1289 2090 morte
1309 2017 1456 2111 periret.
1483 2013 1619 2089 Deinde

447 2136 564 2211 btbila
590 2135 769 2210 destruxit
793 2135 1045 2230 Concordiam,
1062 2135 1237 2228 Altinum,
1259 2136 1469 2210 Patavium:
1488 2134 1618 2209 deinde

447 2275 514 2350 per
540 2256 702 2331 civitates
733 2256 944 2349 vicentiam,
972 2257 1167 2349 Veronam,
1193 2256 1365 2349 Brixiam,
1392 2256 1616 2352 Pergamum

449 2376 549 2460 nullo
576 2375 765 2450 resistente
789 2375 969 2449 discurrit
997 2374 1239 2449 Mediolanum
1260 2382 1297 2449 et
1318 2375 1466 2470 Papiam
1493 2374 1619 2449 simili-

451 2500 508 2571 ter
524 2495 689 2590 spoliavit
705 2495 888 2569 abstinens
904 2516 927 2569 a
944 2495 1043 2569 lerro
1059 2502 1097 2568 et
1114 2495 1207 2591 igne.
1223 2495 1392 2569 Civitates
1408 2496 1497 2569 alias
1509 2497 1619 2570 Lom-

451 2614 907 2710 bardiae‚etli0p1andiolae
924 2615 1054 2690 eodem
1075 2616 1183 2689 modo
1200 2616 1338 2690 afflixit
1357 2617 1515 2690 Demum
1534 2637 1618 2711 per-

450 2735 549 2809 venit
573 2735 619 2809 ad
645 2736 767 2808 locum
788 2735 856 2809 ¹nbi
883 2735 1033 2809 Mincius
1058 2735 1191 2811 lluvius
1215 2735 1326 2808 intrat
1352 2735 1388 2808 in
1409 2737 1562 2831 Padum,
1580 2744 1618 2811 et

447 2853 537 2927 dum
555 2854 773 2929 deliberaret
790 2864 917 2930 utrum
936 2856 1005 2930 iret
1022 2857 1190 2950 Romam,
1207 2856 1418 2950 supervenit
1435 2857 1508 2930 beo
1526 2876 1617 2951 pon-

448 2972 533 3073 tifex
547 2974 746 3068 Romanus,
763 2975 826 3069 qui
844 2975 999 3049 obtinuit
1017 2976 1066 3049 ab
1082 2976 1200 3049 ntnila
1218 2975 1391 3069 quidquid
1405 2976 1617 3070 postulavit3

447 3093 546 3167 unde
575 3094 730 3168 salutem
763 3095 863 3169 urbis
901 3103 938 3170 et
970 3095 1080 3169 totius
1112 3095 1222 3168 ltaliae
1260 3096 1462 3191 reportarit
1495 3096 1617 3170 divino

448 3208 636 3287 miraculo.
654 3215 772 3289 ntnila
789 3216 939 3290 demum
959 3237 1130 3291 reversus
1155 3223 1210 3289 est
1236 3215 1271 3288 in
1297 3215 1535 3311 Hungariam,
1554 3216 1617 3289 ubi

447 3333 555 3407 ducta
569 3323 607 3425 (³)
633 3335 669 3408 in
699 3357 856 3411 uxorem
886 3336 1046 3410 Honoria
1076 3356 1204 3410 sorore
1235 3336 1473 3410 Valentiniani
1503 3337 1619 3432 impe·

448 3452 591 3547 ratoris,
609 3454 744 3529 iaciens
769 3456 959 3530 luxuriosa
982 3455 1161 3550 convivia,
1179 3477 1265 3529 cum
1286 3456 1380 3530 ultra
1397 3456 1545 3531 solitum
1563 3458 1620 3531 bi·

448 3570 556 3645 bisset
582 3593 628 3646 ex
655 3574 756 3647 lluxu
783 3575 969 3672 sanguinis
994 3575 1140 3649 narium
1161 3575 1322 3649 animam
1340 3576 1497 3670 efflavit,
1514 3583 1551 3651 et
1567 3577 1619 3652 sic

447 3692 503 3767 vir
528 3694 749 3789 sanguinum
765 3684 803 3787 (⁴)
829 3695 865 3769 in
891 3695 1069 3792 sanguine
1086 3704 1123 3770 et
1140 3696 1226 3769 vino
1242 3696 1442 3772 suffocatus
1463 3705 1519 3772 est
1536 3719 1618 3772 mo-

449 3811 544 3888 riens
575 3814 611 3887 in
641 3837 716 3908 quo
743 3816 851 3890 modo
876 3827 932 3892 est
956 3817 1147 3891 demersus
1171 3816 1229 3891 bic
1255 3839 1373 3911 nsque
1397 3819 1444 3892 ad
1459 3809 1495 3909 (⁵)
1524 3819 1614 3893 cilia.

446 3933 593 4008 Falsum
619 3942 674 4008 est
699 3956 789 4032 ergo
815 3937 912 4029 quod
939 3937 1072 4033 vulgus
1086 3927 1136 4032 (ὅ),
1166 3938 1265 4031 quod
1295 3938 1405 4012 luerit
1435 3945 1616 4013 mactatus

447 4054 608 4129 Arimini.
635 4056 740 4130 Nunc
764 4057 810 4130 ad
836 4057 978 4131 literam
1001 4066 1112 4131 autor
1133 4057 1303 4132 describit
1322 4059 1478 4133 Atbilam
1503 4081 1525 4133 a
1552 4080 1616 4134 co·

446 4175 630 4270 gnomine,
656 4177 755 4271 quod
781 4176 845 4271 ipsi
861 4166 897 4268 (⁷)
928 4176 994 4250 sibi
1021 4177 1192 4272 imposuit
1221 4179 1257 4250 in
1288 4178 1372 4253 vita.
1403 4179 1498 4253 Nam
1528 4200 1614 4253 cum

345 4286 350 4297 ’
428 4295 562 4370 ⁴Atbila
587 4297 812 4391 pervenisset
836 4298 1023 4391 Mutinam,
1042 4298 1290 4392 Geminianus,
1308 4298 1498 4394 episcopus
1520 4299 1615 4373 illius

448 4415 560 4508 urbis,
586 4415 642 4491 vir
667 4424 826 4512 sanctus,
851 4416 977 4513 petivit
1002 4418 1050 4491 ab
1075 4439 1121 4492 eo
1147 4417 1228 4511 quis
1253 4425 1366 4512 esset3
1385 4419 1447 4512 qui
1466 4440 1616 4515 respon-

506 4676 534 4739 (¹)
550 4677 580 4727 E.
596 4677 708 4729 delean.
1082 4680 1108 4742 (⁸)
1125 4679 1156 4730 E.
1174 4679 1272 4729 mulier
1288 4679 1372 4742 digna.

509 4753 535 4816 (¹)
552 4753 579 4805 S.
595 4755 672 4806 ducta
688 4770 770 4809 uxore
784 4757 909 4810 Honoris.
1083 4758 1110 4821 (¹)
1125 4757 1157 4808 ll.
1174 4759 1212 4808 rir
1227 4757 1389 4820 ammaus.

507 4827 696 4893 l'lRadilia
1081 4832 1232 4896 dlball.
1249 4833 1341 4897 uulgus
1355 4833 1521 4898 dicitquod.

506 4905 534 4970 (Ἶ
550 4907 581 4958 B.
598 4909 651 4972 ipse
666 4910 712 4963 sibl
728 4911 851 4976 imposuit
866 4913 892 4962 in
908 4912 1019 4962 Mutina.
1035 4911 1110 4962 Nam.
