4154 6546
454 756 524 823 aad
844 767 1047 823 counuruu
1072 768 1221 821 iuraruu

449 918 517 992 isto
543 938 700 1014 magnus
725 922 833 1012 pocta
857 914 1084 995 Christianus
1108 922 1227 1012 potest
1251 917 1306 991 ire
1330 922 1368 990 et
1394 917 1515 993 redire
1534 938 1620 993 curn

450 1037 758 1113 victorini-Poi⁸
777 1037 843 1111 Hic
858 1044 969 1112 aumr
992 1037 1121 1111 ultimo
1137 1036 1308 1113 describit
1326 1056 1516 1113 recessum
1527 1039 1622 1113 bier·

450 1160 554 1253 curii,
581 1158 719 1234 dicens:
739 1161 813 1253 poi,
840 1158 900 1233 ille
924 1157 1140 1252 Mercurius,
1164 1180 1202 1232 sc
1225 1161 1367 1249 riootse,
1385 1158 1477 1234 idest
1492 1158 1622 1234 redivit

320 1280 325 1295 ‘
452 1287 565 1373 retro,
587 1301 654 1371 pcr
680 1283 717 1353 to
741 1282 847 1353 torcio
869 1281 1008 1371 ruam,
1034 1278 1126 1354 idest
1150 1299 1216 1374 per
1238 1286 1383 1375 turpem
1402 1279 1498 1355 riam
1516 1281 1623 1375 palu-

451 1401 578 1480 dosam
609 1417 675 1494 per
705 1420 819 1491 quarn
850 1405 1004 1474 venerat
1028 1399 1146 1475 tacite.
1173 1399 1275 1475 Unde
1299 1399 1406 1474 dicit:
1432 1421 1451 1472 e
1475 1420 1547 1473 aon
1569 1405 1623 1494 sce

453 1526 557 1595 modo
581 1540 606 1592 u
629 1522 702 1611 nor,
734 1517 826 1593 idest
859 1536 932 1593 non
963 1518 1048 1593 tecit
1082 1518 1238 1595 verbnm
1264 1519 1379 1614 nobis,
1405 1519 1493 1613 quia
1517 1520 1621 1595 nubir

452 1640 655 1716 serviverat
665 1659 790 1736 opere,
803 1644 927 1733 mosee
946 1640 1251 1732 renominarunt
1271 1641 1429 1736 signum,
1442 1645 1622 1717 oom'uom

452 1764 509 1837 cui
540 1764 636 1837 ultro
665 1782 754 1835 curo
784 1764 922 1853 sbiapo
953 1784 973 1835 o
1004 1764 1147 1853 mondo,
1176 1760 1282 1853 quasi
1305 1761 1402 1836 dicat
1427 1762 1619 1841 ridebatur

451 1882 588 1957 habere
612 1881 726 1957 alium
752 1881 951 1978 cogitatum
978 1902 1092 1976 quam
1115 1888 1300 1976 nostrum,
1318 1883 1418 1959 unde
1432 1883 1535 1959 dicit:
1561 1886 1621 1958 cire

451 2005 565 2096 puello
588 2003 627 2077 dt
650 2004 741 2077 colui
763 2003 823 2075 cte
846 2005 896 2094 pti
919 1997 957 2076 de
980 2005 1141 2077 doomuc.
1170 2003 1240 2084 Per
1264 2002 1375 2077 istum
1399 2010 1525 2078 aetum
1549 2025 1620 2078 au·

448 2129 510 2197 tor
535 2121 669 2218 figurat
696 2121 803 2198 tacite
828 2121 927 2217 quod
952 2123 1161 2217 eloquentia
1181 2122 1381 2200 nonhabet
1397 2123 1537 2199 servire
1554 2124 1620 2198 uni

452 2250 615 2337 tantum,
642 2241 705 2317 scd
731 2242 841 2317 habet
871 2243 1045 2339 expedire
1069 2243 1178 2319 simui
1202 2243 1365 2320 diversas
1391 2244 1506 2338 rices;
1533 2265 1620 2319 nam

453 2363 624 2459 quamvis
647 2363 793 2440 iuvaret
817 2384 915 2440 nunc
939 2364 1107 2469 Dantem,
1126 2364 1176 2439 ita
1197 2370 1340 2460 poterat
1360 2363 1489 2439 iuvare
1506 2365 1620 2439 alium

452 2490 612 2581 poetam,
638 2485 696 2560 vei
722 2491 909 2560 oratorem
934 2484 971 2560 in
995 2484 1068 2561 aiio
1092 2505 1217 2580 opere,
1234 2485 1292 2560 vei
1317 2491 1564 2560 mercatorem
1581 2485 1619 2560 in

454 2603 601 2700 negotio
626 2624 707 2698 suo,
733 2603 807 2677 imo
823 2597 859 2696 (¹)
886 2604 1147 2699 predicantem,
1172 2604 1430 2700 disputantem,
1446 2605 1621 2680 sermoci-

453 2730 612 2800 nantem.
647 2724 749 2799 Unde
776 2724 978 2799 Mercurius
1003 2725 1115 2799 babet
1139 2725 1216 2801 iere
1241 2726 1364 2804 locum
1389 2725 1427 2800 in
1450 2724 1620 2800 omnibus

452 2843 594 2921 actibus
620 2844 803 2941 humanis,
828 2845 908 2921 ideo
934 2845 1028 2921 bene
1051 2845 1137 2923 dicit
1156 2838 1362 2940 Senecam:
1388 2867 1521 2938 maprrn
1544 2848 1620 2939 ptri·

451 2967 530 3039 dam
554 2985 612 3038 rer
636 2972 669 3039 ct
692 2967 797 3041 vorm
820 2972 871 3038 ert
900 2968 1105 3059 etopucot'rr,
1134 2987 1196 3040 occ
1223 2969 1274 3043 sic
1302 2987 1339 3041 sc
1370 2969 1474 3041 albei
1503 2969 1619 3041 indari·

448 3087 494 3159 rit
515 3091 554 3158 ut
577 3091 649 3163 toto
672 3087 907 3180 continere&
931 3090 1017 3161 satu
1038 3090 1127 3180 letto
1151 3093 1203 3160 est
1225 3089 1285 3180 qui
1306 3090 1345 3160 ia
1368 3089 1524 3181 aliquam
1548 3088 1620 3160 eirrs

445 3212 584 3300 portem
608 3212 765 3298 receptus
789 3215 848 3280 ert.
875 3207 920 3283 Et
945 3207 1060 3304 tangit
1083 3228 1216 3282 eorum
1246 3207 1436 3283 introitum
1467 3207 1504 3280 in
1530 3207 1619 3283 ciri-

452 3333 566 3403 tatem
583 3326 781 3422 dolentem,
800 3327 940 3403 dicens:
967 3350 985 3400 e
1009 3331 1070 3401 noi
1085 3349 1277 3402 morcarum
1301 3332 1316 3403 i
1333 3325 1395 3422 pie*
1416 3331 1537 3419 ocum,
1556 3328 1620 3403 ubi

448 3447 550 3542 prius
580 3467 731 3522 eramus
755 3447 870 3521 timidi
898 3454 936 3522 et
964 3447 1133 3542 suspecti,
1166 3451 1275 3521 incer
1293 3451 1330 3526 to
1366 3456 1478 3539 terro,
1511 3447 1619 3523 cuius

448 3572 555 3662 porta
580 3574 661 3644 erat
684 3567 864 3663 patefacta
889 3588 999 3663 super
1025 3568 1138 3663 nobis,
1157 3590 1303 3661 opresso
1320 3572 1351 3643 te
1361 3573 1491 3662 parole
1506 3577 1619 3660 sonu,

448 3686 540 3764 idest
564 3694 646 3782 post
670 3689 783 3762 rerba
808 3708 892 3780 quae
909 3695 1033 3763 sancte
1051 3687 1187 3765 iecerat
1204 3688 1263 3763 ille
1279 3688 1482 3764 Mercurius
1500 3688 1620 3764 incre-

448 3808 567 3902 pando
597 3828 731 3884 ranam
761 3807 938 3883 insaniam
963 3807 1186 3903 daemonum,
1212 3809 1277 3902 qui
1301 3807 1528 3883 conabantur
1558 3830 1620 3884 re-

447 3928 577 4004 sistere
603 3928 735 4003 dirinae
761 3927 948 4003 voluntati.
1513 3920 1516 3926 ’

522 4055 656 4122 Derbe
685 4050 891 4122 o'iotromo.
924 4048 993 4121 ista
1023 4053 1078 4122 est
1107 4053 1239 4142 quarta
1265 4069 1349 4144 pars
1374 4049 1555 4146 generalis
1580 4051 1617 4126 in

449 4191 524 4263 qua
549 4158 705 4260 autor(³)
733 4169 895 4244 breviter
920 4168 1091 4242 describit
1115 4169 1271 4262 primam
1289 4189 1437 4263 poenam
1455 4191 1539 4264 qnae
1557 4192 1620 4247 rc·

446 4292 588 4387 peritur
613 4290 708 4366 intra
731 4297 867 4366 terram
890 4291 1008 4384 utam,
1025 4289 1160 4366 scilicet
1176 4310 1323 4384 poenam
1340 4290 1616 4385 baereticorum

447 4418 484 4486 et
500 4411 620 4506 primo
638 4409 752 4506 tangit
768 4431 874 4487 snam
892 4409 1160 4506 dispositionem
1174 4410 1273 4486 circa
1286 4409 1391 4487 istam
1411 4411 1616 4506 materiam,

445 4541 483 4611 et
499 4533 716 4609 continuans
735 4531 830 4607 dicta
847 4530 1007 4607 dicendis
1022 4530 1121 4607 dicit:
1140 4533 1265 4605 danto
1288 4535 1485 4607 o’entroroo
1508 4554 1618 4607 seruo

509 4761 537 4821 (¹)
553 4759 582 4808 E.
599 4760 653 4808 imo
669 4758 746 4806 etiam
764 4757 953 4818 predicantem.

511 4837 537 4898 (¹)
556 4840 608 4894 tto,
625 4835 720 4883 Seneca
737 4835 763 4882 in
780 4834 847 4883 libro
863 4834 1089 4885 decimationum.

512 4911 539 4972 (⁸)
557 4915 602 4962 ¹¹⁶
619 4923 633 4957 θ
650 4910 681 4961 E.
697 4914 773 4963 tutor
789 4909 917 4961 dereribit.
