4154 6546
772 817 911 874 caurus
936 817 1093 874 orciuos
1118 816 1310 873 moruus.
1553 806 1624 874 395

455 965 548 1040 milis
573 986 671 1059 equo
696 985 774 1039 suo.
802 965 929 1057 Equus
953 965 1051 1038 enim
1079 963 1163 1040 licet
1182 963 1314 1038 habeat
1330 964 1472 1039 serrum
1489 965 1534 1038 ad
1560 985 1625 1059 pe-

453 1086 527 1181 des,
553 1087 599 1161 ad
625 1107 677 1180 os,
702 1084 748 1159 ad
765 1085 825 1159 ilia
841 1079 890 1179 (¹),
908 1085 954 1159 ad
973 1091 1119 1180 tergum
1137 1102 1235 1179 saepe
1255 1084 1461 1158 recalcitrat
1477 1084 1625 1160 domiuo

453 1226 534 1299 suo,
551 1216 589 1282 et
614 1204 757 1279 mordet
783 1211 820 1278 et
844 1204 936 1300 fugit
959 1203 1007 1278 ab
1032 1224 1090 1298 eo,
1111 1204 1272 1278 maxime
1297 1203 1445 1297 quando
1470 1205 1568 1279 videt
1586 1226 1626 1281 ee

452 1326 490 1400 iu
514 1346 645 1421 campo
671 1325 785 1399 libero
800 1316 836 1417 (²)
864 1345 938 1399 uon
954 1325 992 1399 io
1009 1325 1173 1418 stabulo;
1193 1325 1243 1398 ita
1261 1324 1513 1418 stipendiarius
1530 1346 1625 1421 saepe

452 1446 492 1520 tlt
518 1445 673 1539 rebellis,
699 1452 911 1539 contumax,
928 1444 1138 1519 inobediens
1166 1445 1314 1520 domiuo
1337 1466 1417 1539 suo,
1435 1454 1472 1520 et
1489 1448 1624 1522 recedit

451 1565 499 1640 ab
517 1585 563 1640 eo
582 1565 766 1660 potissime
778 1564 925 1659 quaudo
943 1564 1039 1639 videt
1055 1586 1095 1640 se
1112 1565 1269 1641 liberum
1287 1566 1324 1639 iu
1341 1586 1484 1661 campo,
1496 1588 1571 1642 nou
1586 1567 1624 1641 in

452 1685 599 1760 civitate
623 1684 683 1759 vel
707 1684 878 1761 lortilitio.
906 1686 1010 1757 Nunc
1035 1684 1080 1759 ad
1106 1686 1357 1780 propositum:
1384 1687 1471 1779 quia
1497 1687 1554 1761 isti
1579 1687 1625 1760 ti·

453 1806 558 1879 ranni
583 1804 728 1900 pessimi
754 1805 817 1897 qui
843 1804 901 1880 hic
926 1805 1142 1899 puniuntur,
1168 1806 1403 1880 eliuuderunt
1427 1808 1624 1882 crudeliter

451 1924 668 2021 sanguinem
695 1926 914 2018 humanum,
932 1931 969 1998 et
986 1930 1191 2018 rapuerunt
1206 1925 1302 1999 bona
1325 1926 1516 2000 homiuum
1537 1948 1622 2002 cum

451 2046 528 2123 istis
551 2044 789 2140 stipendiariis
815 2050 852 2119 et
876 2044 1033 2139 sicariis3
1055 2045 1136 2119 ideo
1159 2036 1195 2137 (³)
1223 2047 1435 2122 cruciantur
1468 2048 1503 2120 io
1530 2049 1624 2124 valle

452 2166 639 2262 sauguinis
664 2164 845 2258 bulieutis,
871 2171 908 2238 et
932 2165 1133 2239 coercentis
1145 2152 1180 2256 (⁸)
1199 2164 1246 2239 ab
1271 2167 1356 2260 istis,
1375 2167 1461 2260 quia
1477 2159 1514 2259 (⁵)
1531 2168 1624 2242 sicut

454 2286 622 2361 videmus
645 2284 692 2359 de
717 2285 813 2359 iacto
839 2295 876 2360 et
900 2285 1019 2358 statim
1045 2284 1199 2379 dicetur,
1224 2286 1281 2358 isti
1304 2287 1540 2361 committunt
1563 2308 1624 2362 sa-

455 2407 572 2480 lutem
589 2426 696 2479 suam
714 2403 885 2477 manibus
898 2394 935 2495 (⁶)
948 2404 1116 2498 istorum,
1134 2412 1172 2479 et
1189 2405 1317 2479 timent
1329 2426 1393 2481 eos
1411 2414 1451 2480 ut
1467 2408 1624 2482 timean-

455 2537 516 2602 tur
533 2548 554 2601 a
571 2525 740 2618 subditis3
756 2526 833 2599 imo
850 2525 904 2597 isti
918 2525 1076 2618 violenti,
1098 2531 1140 2598 ut
1156 2525 1368 2621 plurimum,
1385 2529 1621 2602 committunt

455 2628 663 2721 violeutiam
691 2645 784 2721 inter
808 2665 849 2718 se
874 2645 982 2739 ipsos,
1007 2645 1121 2718 irater
1145 2645 1183 2719 io
1216 2647 1379 2741 fratrem,
1403 2650 1622 2745 consangui-

456 2785 549 2841 neus
558 2758 594 2857 (⁷)
610 2765 647 2839 io
663 2765 996 2861 consanguineum:
1010 2771 1047 2839 et
1065 2772 1107 2838 ut
1124 2767 1284 2842 breviter
1297 2769 1524 2865 concludam,
1543 2773 1621 2847 haec
1743 2817 1750 2832 ·

451 2894 508 2960 est
536 2887 716 2982 generalis
745 2905 853 2980 poeoa
884 2885 1139 2979 violentorum,
1166 2887 1265 2979 quod
1276 2877 1315 2979 (⁸)
1341 2890 1445 2981 quasi
1474 2910 1620 2987 semper

451 3026 580 3081 omues
599 3005 778 3079 violenter
803 3005 1025 3097 moriuntur,
1042 3005 1136 3078 sicut
1155 3005 1225 3080 dici
1249 3007 1357 3081 solet:
1378 3029 1477 3082 uuus
1490 3011 1621 3086 barbe-

451 3126 529 3199 rius
539 3117 576 3217 (⁹)
592 3125 684 3199 radit
700 3125 827 3217 alium,
842 3132 879 3199 ct
896 3145 994 3203 unus
1010 3125 1175 3199 diabolus
1195 3124 1298 3221 lugat
1313 3127 1437 3202 alium.
1454 3130 1558 3204 Nunc
1575 3132 1621 3206 ad

451 3246 594 3321 literam
609 3245 787 3320 veniendo
803 3244 888 3319 dicit
899 3251 1028 3319 autor:
1048 3250 1089 3318 lo
1109 3248 1182 3319 mili
1204 3250 1263 3319 κη’
1276 3253 1395 3342 amplo
1411 3251 1512 3343 fosso
1529 3258 1622 3325 torta

451 3369 489 3439 to
513 3387 614 3457 orco,
631 3365 720 3440 idest
737 3365 898 3460 primum
918 3364 1097 3440 circulum
1117 3365 1374 3462 violentorum,
1391 3391 1487 3442 conte
1507 3376 1620 3463 patella

450 3488 511 3559 clte
526 3487 692 3559 abraam
709 3488 825 3559 mdo'l
835 3488 958 3577 piano
972 3485 1076 3578 quasi
1092 3484 1207 3560 dicat:
1222 3486 1316 3561 bene
1328 3495 1384 3562 est
1394 3492 1537 3584 amplus
1553 3493 1621 3569 iste

450 3606 622 3700 circulus,
649 3606 735 3699 quia
760 3605 922 3680 continet
946 3605 1041 3682 intra
1066 3625 1106 3680 se
1128 3613 1282 3701 ceteros,
1302 3613 1451 3684 sacoma
1475 3614 1621 3687 clr'ooto

450 3728 541 3800 delto
571 3730 608 3798 la
637 3729 709 3799 mro
739 3733 871 3817 scorto,
901 3725 992 3800 idest
1020 3726 1225 3800 secundum
1255 3727 1354 3821 quod
1384 3730 1552 3826 Virgilius
1565 3726 1619 3826 (¹⁰)

324 3845 326 3848 ’
449 3846 668 3940 predixerat
699 3846 787 3920 mihi
821 3846 1110 3922 indistinctione
1147 3847 1240 3922 lacta
1269 3848 1306 3922 iu
1334 3851 1492 3946 capitulo
1526 3874 1621 3948 prae-

449 3967 603 4061 oedeuti‚
629 3990 648 4041 e
671 3970 829 4041 cantaret
843 3970 976 4041 mmod
1000 3970 1037 4040 ct·
1051 3975 1158 4042 scelte
1164 3995 1181 4062 ;
1202 3968 1249 4044 de
1265 3977 1528 4046 centaurorum
1545 3975 1619 4049 ori-

448 4089 534 4185 gine
558 4094 596 4162 et
620 4087 790 4163 violentia
816 4086 958 4162 dicetur
982 4087 1103 4164 adhuc
1119 4088 1325 4185 Purgatorii
1350 4092 1508 4187 capitulo
1528 4096 1617 4191 xlv,

508 4329 537 4395 (¹)
552 4331 584 4383 Ε.
600 4330 651 4391 llic,
667 4334 695 4382 et
710 4331 743 4381 ud
758 4335 870 4395 tergum.
1219 4334 1248 4396 l't
1263 4335 1295 4386 ll.
1311 4336 1431 4388 merum

509 4408 536 4472 (')
553 4410 583 4458 E.
601 4409 659 4458 ideo
676 4409 819 4472 puniuntur
835 4415 862 4460 et
877 4411 1035 4461 cruciantur.
1220 4411 1248 4475 (⁸)
1265 4416 1319 4473 lte,
1336 4419 1498 4465 coercentur.

506 4484 534 4547 (¹)
556 4483 581 4534 s.
596 4484 650 4547 qui,
667 4485 734 4534 sicut
749 4485 972 4545 ridemus-lle,
989 4486 1056 4536 sicut
1072 4499 1139 4550 supe
1155 4487 1279 4539 ridemus.

508 4561 581 4623 (⁸l1l.
598 4561 624 4610 lo
640 4563 758 4612 manibus
773 4563 890 4623 istorum,
906 4568 934 4614 et
952 4567 1040 4614 terrem
1055 4576 1109 4615 eos

508 4637 534 4700 θ)
552 4643 605 4697 lle,
622 4639 776 4703 sanguineus
795 4639 821 4689 in
837 4641 1013 4704 sanguineum.

508 4713 534 4774 θ)
551 4714 581 4763 Ε.
597 4719 624 4764 et
640 4715 711 4779 quasi
727 4728 829 4778 semper
844 4728 934 4766 omnes
950 4714 1156 4767 uleerioleoter.
1167 4722 1261 4777 -mc,
1271 4731 1360 4769 omnes
1371 4720 1617 4772 moriunturmorte

447 4789 565 4839 violenta.
1221 4792 1251 4856 (⁹)
1268 4794 1293 4843 S.
1310 4794 1450 4846 tumtum

501 4864 538 4927 ('·)
554 4864 580 4914 S.
589 4865 712 4930 Virgilius
729 4867 828 4919 dixerut
842 4867 906 4918 mihi
923 4868 949 4917 in
963 4866 1222 4932 determina—B.
1239 4871 1361 4936 Virgtilu
1376 4871 1428 4923 dux
1443 4885 1518 4924 meus
1534 4875 1561 4926 lu
1574 4875 1616 4925 dt·

446 4942 590 4994 stinctloue.
