4154 6546
881 810 1021 866 caurus
1045 810 1188 865 rnruus.
1570 798 1617 869 ot

445 956 571 1031 (lbaim
596 961 635 1030 et
657 955 759 1049 Abel,
777 963 815 1030 et
839 956 906 1031 ista
930 956 1064 1032 invidia
1090 956 1185 1030 bene
1200 955 1360 1029 distinxit
1384 957 1503 1050 primo
1527 981 1617 1035 ava-

446 1075 584 1170 ritiam3
615 1096 701 1150 nam
731 1075 857 1150 Chaim
891 1081 1014 1150 motus
1047 1074 1191 1168 invidia,
1226 1075 1437 1150 stimulante
1465 1078 1618 1154 avaritia

445 1196 667 1289 divitiarum,
701 1195 875 1269 mactavit
904 1194 993 1269 Abel
1012 1187 1062 1289 (¹),
1092 1194 1179 1287 quia
1199 1195 1287 1268 vidit
1309 1186 1347 1286 (¹)
1377 1197 1457 1290 ejus
1485 1218 1618 1294 greges
1770 1296 1773 1301 Ι

446 1314 695 1410 multiplicari3
709 1322 747 1389 et
764 1313 811 1388 de
827 1314 895 1387 ista
913 1313 1061 1409 proprie
1078 1313 1240 1406 loquitur
1257 1314 1316 1388 hic
1328 1321 1447 1388 autor.
1471 1319 1616 1390 Orrd'io.

446 1436 511 1510 llic
543 1434 716 1532 Virgilius
743 1435 807 1509 dat
830 1455 940 1507 suum
967 1433 1122 1528 speciale
1150 1433 1342 1507 consilium
1372 1435 1504 1530 autori,
1530 1456 1620 1510 oon-

447 1555 615 1630 cludens:
641 1557 762 1627 madio
783 1574 893 1646 perro
917 1555 1132 1643 edissertio,
1157 1552 1249 1626 idest
1273 1552 1431 1629 decerno
1464 1563 1502 1630 et
1531 1578 1620 1632 oon-

448 1673 553 1768 cipio,
572 1692 642 1765 per
671 1675 707 1746 lo
737 1679 796 1745 tao
827 1674 965 1762 meptio,
991 1671 1083 1745 idest
1110 1692 1178 1764 pro
1210 1673 1328 1746 salute
1358 1680 1395 1747 et
1419 1674 1619 1752 salvatione

448 1800 524 1887 tua,
549 1794 609 1865 cle
632 1797 668 1864 tn
690 1793 740 1864 nri
762 1810 884 1882 εοριια,
909 1790 995 1883 quia
1020 1790 1087 1864 ista
1105 1797 1161 1864 est
1178 1790 1290 1865 tutior
1308 1792 1378 1886 via,
1400 1800 1438 1867 et
1453 1795 1618 1888 sequaris

449 1932 511 1986 me
538 1910 739 1985 imitatione
767 1910 859 2006 styli.
890 1909 992 1984 Unde
1020 1909 1128 1983 dicit:
1158 1913 1203 1983 ed
1229 1914 1264 1983 io
1292 1904 1379 1984 sord
1408 1919 1467 1986 lna
1495 1916 1617 2006 paldo,

447 2031 533 2125 quia
557 2050 628 2127 ogo
652 2031 755 2126 pn‘us
778 2030 1000 2126 pertractavi
1025 2029 1072 2105 de
1096 2030 1164 2104 ista
1191 2032 1346 2106 materia
1363 2032 1554 2106 viciorum.
1574 2034 1618 2107 Et

445 2150 553 2224 dicit:
579 2172 599 2223 e
622 2152 786 2223 dmvotti
807 2152 846 2222 di
873 2151 945 2242 pri,
976 2149 1067 2223 idest
1095 2150 1260 2225 liberabo
1285 2157 1323 2226 te
1352 2152 1400 2225 ab
1425 2152 1492 2225 ista
1517 2152 1618 2248 sylva

446 2275 484 2344 et
506 2269 556 2343 ab
580 2268 656 2342 istis
680 2267 776 2363 seris,
796 2289 868 2361 per
892 2271 996 2359 oropo
1019 2276 1151 2361 emano,
1169 2271 1256 2365 quia
1279 2270 1414 2345 scilicet
1430 2272 1564 2347 ducam
1584 2278 1619 2346 te

447 2389 565 2485 primo
589 2408 656 2483 per
680 2388 884 2482 lniemum3
910 2388 1009 2462 unde
1033 2388 1127 2463 inira
1144 2389 1243 2463 dicit:
1269 2397 1375 2485 porta
1400 2391 1549 2465 lulerni:
1575 2393 1620 2464 ed

447 2512 483 2582 io
504 2516 626 2582 stema
653 2511 755 2582 nno.
785 2509 830 2582 Et
858 2508 1001 2583 subdit:
1033 2511 1134 2600 dove,
1160 2509 1261 2605 idest,
1291 2511 1328 2583 in
1358 2533 1433 2605 quo
1461 2511 1617 2606 lulemn,

449 2632 566 2703 udirni
589 2630 621 2703 ic
643 2631 771 2720 solda,
802 2629 888 2723 quia
917 2629 967 2703 ibi
997 2635 1052 2704 est
1082 2629 1188 2703 lictus
1217 2637 1254 2704 et
1283 2631 1416 2705 stridor
1441 2631 1617 2726 dentium,

448 2752 633 2843 dimona,
657 2749 793 2824 scilicet
816 2749 1094 2845 desperatorum
1119 2750 1323 2845 bominum,
1342 2751 1405 2845 qui
1422 2752 1619 2847 desperau-

448 2877 504 2944 tes
527 2888 602 2943 nou
626 2868 816 2943 redierunt
839 2868 886 2942 ad
911 2868 1109 2943 Dominum
1134 2871 1274 2964 Deum3
1294 2872 1352 2946 vel
1377 2871 1464 2965 quia
1489 2871 1619 2966 despe-

449 2994 533 3063 rant
547 2986 692 3063 veniam
709 2995 748 3062 et
763 2987 886 3082 linem,
899 2988 986 3081 quia
1002 2988 1040 3061 in
1057 2989 1202 3064 lniorno
1214 2991 1315 3064 nulla
1332 2998 1388 3064 est
1404 2990 1616 3085 redemptio.

448 3109 494 3181 Et
507 3107 612 3181 dicit:
638 3109 761 3180 oodrni
778 3110 830 3197 pli
853 3110 982 3180 abaco
998 3110 1124 3200 mitid,
1143 3109 1228 3201 quia
1243 3099 1294 3203 (³),
1318 3110 1464 3203 scilicet,
1490 3128 1620 3204 pecca-

448 3231 584 3303 verunt
606 3225 656 3299 ub
679 3224 780 3300 initio
796 3226 911 3300 seculi
936 3226 1039 3319 citra,
1065 3228 1206 3318 nont,
1224 3228 1311 3320 quia
1336 3227 1399 3301 ubi
1424 3247 1544 3322 poena,
1570 3227 1620 3299 ibi

448 3346 576 3439 dolor;
602 3351 640 3420 et
663 3345 757 3420 adeo
781 3344 906 3419 dolent
930 3351 968 3419 et
992 3344 1197 3439 desperant,
1215 3348 1274 3418 clte
1291 3348 1326 3418 lo
1343 3349 1494 3418 recondo
1511 3352 1622 3418 nwrle

447 3470 587 3540 omnm
614 3456 735 3556 mido,
766 3464 871 3558 quasi
901 3464 1012 3538 dicat:
1045 3464 1143 3558 quod
1168 3465 1319 3558 quilibet
1350 3465 1461 3540 vellet
1484 3465 1619 3538 iterum

448 3586 554 3681 mori,
579 3585 609 3659 si
632 3590 766 3681 posset,
799 3590 850 3679 ut,
880 3586 1027 3679 scilicet,
1053 3605 1160 3679 poena
1195 3585 1373 3680 liniretur,
1402 3585 1467 3660 sed
1496 3584 1619 3659 anima

447 3707 664 3782 immortalis
689 3705 784 3780 mori
808 3726 882 3779 uon
907 3712 1035 3800 potest.
1054 3705 1128 3780 Nec
1145 3705 1254 3800 dicas,
1275 3706 1369 3780 sicut
1388 3705 1501 3800 aliqui
1517 3705 1620 3780 dire-

448 3834 546 3922 runt,
584 3825 684 3921 quod
721 3831 831 3900 autor
868 3831 975 3900 vocet
1005 3826 1064 3899 hic
1094 3826 1292 3900 secundam
1326 3833 1484 3901 mortem
1521 3824 1618 3899 diem

444 3946 592 4045 judicii3
624 3967 711 4021 nam
741 3945 902 4019 damuati
932 3947 1042 4020 talem
1077 3952 1236 4020 mortem
1270 3966 1344 4019 nou
1375 3952 1518 4040 vocant,
1551 3965 1619 4020 uec

448 4075 573 4164 optant
597 4067 676 4161 sibi,
701 4087 786 4162 quae
810 4065 960 4161 augebit
991 4071 1028 4138 et
1057 4064 1254 4159 duplicabit
1282 4064 1349 4138 sibi
1380 4086 1538 4160 poenam.
1565 4064 1619 4138 lle

449 4209 521 4284 qno
547 4188 609 4263 tali
633 4193 753 4262 morte
777 4185 941 4279 loquitur
965 4185 1190 4281 Augustinus
1214 4185 1261 4258 de
1284 4185 1437 4259 Ciuitate
1461 4185 1538 4280 Dei,
1564 4184 1619 4258 di-

448 4328 557 4384 cens:
576 4311 699 4402 plinta
726 4327 837 4397 mors,
862 4305 997 4379 scilicet
1025 4305 1234 4399 corporalis,
1264 4307 1433 4377 nobnaem
1462 4306 1618 4376 cromam

446 4434 591 4521 repoent
611 4449 636 4501 o
659 4447 809 4520 corpore
820 4451 836 4518 ,·
861 4426 1013 4498 secundo
1038 4444 1147 4515 mors,
1172 4423 1306 4498 scilicet
1330 4430 1479 4517 aeterna,
1498 4425 1620 4495 notra-

447 4556 513 4622 tcm
536 4552 692 4622 nmmum
716 4547 875 4619 retinebit
900 4547 937 4617 in
967 4565 1128 4637 corpore,
1158 4543 1294 4618 scilicet
1319 4549 1400 4638 post
1428 4543 1524 4616 diem
1553 4542 1616 4637 ju-

509 4769 536 4829 l¹l
549 4768 575 4821 S.
591 4768 660 4820 Abel
675 4768 785 4821 bairam
801 4783 887 4829 suum,
904 4769 973 4833 quia.

510 4846 537 4905 l¹l
553 4845 583 4895 E.
601 4847 661 4910 qula
678 4846 779 4896 videbat
795 4858 900 4910 gregem
917 4845 986 4896 illius
1001 4845 1179 4908 multiplicari.

512 4925 538 4986 θ)
555 4928 611 4987 rm,
626 4924 673 4990 qm
686 4924 794 4976 nucea
