4154 6546
445 1158 611 1232 canius
642 1157 833 1226 DECIMUS
867 1157 1077 1239 QUARTUS,
1104 1161 1141 1226 in
1168 1179 1228 1244 quo
1258 1165 1375 1227 tractat
1402 1161 1441 1227 dc
1469 1163 1614 1245 otperto

423 1352 427 1361 Ι
518 1270 990 1337 monitumnonitum
1012 1269 1611 1356 subdtuloqoonmdammaonatam

520 1379 994 1464 atiafinodcguadamfiqora,
1010 1385 1222 1463 convocatur
1236 1376 1612 1467 cellim(¹),quisi9niss-

520 1495 572 1557 cot
593 1509 698 1556 omnes
719 1494 822 1555 atatam
843 1490 970 1570 Μὴ
989 1495 1019 1556 et
1036 1491 1117 1556 sicat
1135 1488 1289 1574 tornator
1312 1490 1457 1574 designat
1473 1493 1614 1557 rationes

523 1601 661 1667 omnium
682 1599 848 1679 fluminum
870 1599 1007 1682 Insani.

518 1908 624 2076 Ru
648 2007 708 2079 cde
732 2007 769 2078 la
793 1994 907 2077 caritd
930 2005 988 2076 del
1009 2007 1105 2076 nam
1130 2008 1215 2077 loco.
1238 2005 1433 2099 Postquam
1451 2005 1488 2079 in
1505 2026 1613 2100 supe-

446 2122 536 2198 riori
560 2123 719 2218 capitulo
744 2122 911 2217 proxime
936 2123 1154 2215 precedenti
1175 2130 1284 2197 autor
1301 2132 1426 2199 noster
1446 2124 1613 2199 tractavit

371 2334 372 2338 Ν
446 2247 483 2316 ot
507 2240 762 2316 determinavit
778 2240 823 2313 de
843 2240 1002 2314 secunda
1023 2241 1142 2335 specie
1161 2241 1352 2336 violentiae,
1370 2262 1483 2335 quam
1501 2244 1612 2317 homo

445 2359 531 2436 iacit
555 2366 682 2434 contra
707 2379 747 2434 se
771 2364 808 2433 et
833 2357 929 2432 bona
953 2379 1036 2450 sua3
1063 2379 1161 2432 nunc
1193 2366 1458 2454 consequenter
1483 2361 1519 2434 in
1545 2362 1612 2438 isto

446 2479 614 2574 prasenti
635 2480 713 2551 XlV
730 2478 889 2572 capitulo
914 2477 988 2573 agit
1014 2488 1051 2554 et
1076 2483 1207 2552 tractat
1232 2477 1278 2553 de
1303 2480 1409 2553 tertia
1429 2479 1548 2574 specie
1562 2470 1612 2573 β),

448 2618 532 2692 quae
557 2597 597 2670 lit
621 2604 748 2672 contra
773 2599 892 2671 Deum
918 2597 955 2670 in
980 2617 1135 2691 persona
1161 2604 1197 2670 et
1223 2596 1333 2670 rebus
1363 2597 1453 2690 eius,
1478 2598 1613 2671 scilicet

326 2740 329 2747 ·
447 2722 757 2810 muraenae,
783 2736 868 2810 quae
892 2715 1044 2810 punitur
1072 2716 1109 2788 in
1138 2715 1246 2788 tertio
1272 2715 1410 2788 circulo
1435 2715 1613 2790 violento-

448 2854 545 2907 rum.
572 2835 616 2910 Et
641 2835 736 2909 istud
760 2835 961 2927 capitulum
986 2841 1103 2910 totum
1130 2839 1248 2928 potest
1273 2833 1381 2907 dividi
1398 2834 1435 2907 in
1452 2841 1613 2927 quatuor

448 2959 570 3048 partes
594 2955 796 3050 generales.
823 2954 863 3027 ln
894 2953 1014 3047 prima
1045 2973 1205 3046 quarum
1230 2960 1340 3027 autor
1365 2953 1533 3027 describit
1558 2954 1613 3028 lo-

447 3095 546 3169 cum,
572 3075 681 3149 situm
707 3075 788 3170 loci,
813 3082 850 3152 et
884 3095 1029 3170 poenam
1060 3076 1304 3149 violentomm
1330 3082 1457 3150 contra
1480 3079 1613 3170 bonnm

446 3194 581 3268 scilicet
605 3194 643 3267 in
667 3194 899 3290 generalijn
919 3193 1078 3268 secunda
1094 3192 1264 3268 describit
1280 3193 1317 3265 in
1334 3194 1476 3288 speciali
1493 3216 1612 3268 unum

446 3312 613 3408 spiritum
651 3314 845 3407 antiquum
883 3333 1029 3387 summe
1067 3312 1268 3386 violentum
1300 3312 1337 3385 in
1374 3314 1504 3407 Deum,
1534 3315 1613 3388 eius

447 3452 643 3527 personam
661 3432 955 3527 blasphemando,
969 3439 1007 3506 et
1024 3431 1191 3527 negando
1208 3433 1324 3526 illum,
1338 3432 1405 3506 ibi:
1424 3437 1465 3505 10
1481 3435 1614 3506 comia-

447 3553 523 3625 ciai
550 3551 591 3623 ln
616 3551 721 3627 tertia
746 3550 915 3626 describit
933 3551 1112 3625 subtiliter
1128 3556 1165 3623 et
1181 3550 1417 3624 artificialiter
1432 3550 1611 3646 originem

448 3671 614 3747 omnium
640 3670 839 3744 lluviomm
864 3669 1106 3763 infernalium,
1130 3669 1204 3743 ibi:
1240 3674 1292 3742 Or
1316 3673 1365 3742 mi
1389 3669 1465 3743 oica
1489 3673 1611 3744 dutro.

447 3788 488 3863 ln
512 3795 644 3883 quarta
673 3794 710 3863 et
741 3788 868 3862 ultima
893 3798 1018 3864 movet
1042 3787 1115 3861 duo
1128 3778 1166 3880 (³)
1192 3807 1305 3881 parva
1329 3787 1439 3862 dubia
1464 3788 1614 3884 Virgilio

448 3909 545 3985 circa
574 3907 755 4003 praedicta,
785 3907 857 3981 ibi:
888 3912 933 3980 Et
954 3910 990 3979 io
1019 3928 1043 3979 α
1074 3910 1123 3980 lai
1135 3931 1146 3977 .·
1170 3928 1208 3979 se
1223 3909 1249 3979 ’l
1265 3914 1425 4000 presente
1447 3910 1610 3998 myagro.

447 4027 502 4101 Ad
526 4027 682 4122 primam
698 4015 735 4119 (⁸)
763 4045 854 4121 ergo
878 4025 960 4100 dico
985 4025 1084 4119 quod
1104 4031 1212 4099 autor
1229 4025 1399 4102 describit
1415 4026 1550 4119 locum,
1563 4026 1612 4099 si·

447 4153 528 4220 tum
546 4155 584 4222 et
598 4167 746 4241 poenam
762 4146 972 4242 generalem
991 4144 1093 4221 istius
1106 4144 1244 4237 circuli,
1257 4150 1294 4218 et
1309 4144 1429 4238 primo
1446 4144 1492 4219 de
1507 4164 1613 4219 more

446 4285 516 4341 suo
547 4265 732 4361 praemittit
760 4264 1069 4338 continuationem
1085 4254 1121 4353 (⁵)
1151 4262 1197 4336 ad
1228 4262 1491 4357 praecedentia5
1526 4282 1612 4336 nam

447 4385 533 4482 quia
554 4386 591 4459 in
609 4383 681 4460 tine
699 4384 934 4479 praecedentis
952 4382 1097 4477 capituli
1113 4382 1267 4474 dixerat,
1289 4381 1447 4476 qualiter
1462 4380 1523 4456 ille
1541 4381 1614 4475 spi-

472 4530 477 4537 .
508 4562 537 4626 (¹)
552 4561 608 4613 con
624 4561 699 4626 legga
715 4561 733 4611 il
749 4566 839 4612 nostro
861 4566 934 4611 testo.
953 4560 1059 4610 sembra
1076 4559 1222 4624 choragii·
1238 4557 1396 4609 alluderent
1411 4571 1478 4622 gran
1493 4557 1573 4620 voglio
1587 4556 1614 4606 di

446 4640 490 4692 cnl
504 4640 577 4703 paria
593 4639 676 4689 nanu
692 4652 767 4690 varro
783 4640 807 4689 ln
824 4637 874 4688 dno
891 4638 933 4687 dol
949 4640 1069 4701 promta
1085 4641 1169 4686 canto.

509 4713 537 4778 Γ)
552 4718 606 4775 llo,
623 4715 709 4778 specle
725 4714 852 4766 violentia
867 4727 933 4778 quo.

508 4791 536 4854 θ)
552 4795 606 4852 mo,
622 4791 674 4842 duo
690 4792 768 4842 dubia
783 4791 893 4856 Virgilio
909 4791 978 4841 eirca
994 4789 1124 4854 prodicta,
1142 4789 1185 4839 ibt.

509 4863 538 4932 θ)
553 4871 608 4928 tto,
624 4866 667 4917 Ad
683 4868 793 4931 primam
808 4869 873 4918 dico.
1115 4865 1141 4926 (¹)
1160 4869 1214 4929 no,
1228 4862 1445 4915 continuationem
1455 4859 1611 4925 mim.

583 4974 601 5015 l.
1450 4969 1478 5010 20
