4154 6546
449 809 520 877 2214
842 822 1043 878 comuruu
1067 824 1215 877 ulmum

446 964 589 1039 bibendi
615 984 701 1038 cum
724 966 814 1038 cibis
838 967 1052 1062 vulgaribus
1077 975 1114 1041 et
1137 969 1271 1062 grossis
1296 976 1332 1043 et
1356 940 1447 1042 ⁸vinis
1467 969 1608 1062 vilibus,

447 1087 520 1157 imo
545 1105 640 1178 saepe
666 1105 752 1157 cum
777 1106 884 1179 aqua,
911 1085 1004 1159 sicut
1028 1107 1098 1182 ego
1127 1087 1199 1160 vidi
1230 1088 1266 1160 in
1298 1088 1473 1187 moderno
1501 1095 1608 1182 poeta

449 1205 633 1297 petrarca,
649 1203 712 1296 qui
731 1224 828 1298 saepe
853 1205 1069 1279 comedebat
1094 1226 1222 1279 carnes
1252 1205 1402 1279 bovinas
1427 1213 1465 1279 et
1489 1206 1609 1279 dimit-

447 1323 546 1396 tabat
564 1322 755 1396 fasianinas
770 1316 807 1412 (¹)
824 1329 864 1396 et
879 1331 964 1396 nota
982 1325 1080 1416 quod
1098 1325 1281 1419 praecipue
1298 1326 1366 1398 boe
1386 1325 1453 1398 suit
1477 1345 1608 1399 verum

448 1444 494 1517 de
513 1444 606 1517 sacto
623 1443 659 1515 in
686 1443 760 1536 ipso
785 1444 1032 1537 autore-quia
1050 1445 1116 1517 suit
1133 1464 1280 1518 summe
1296 1446 1440 1518 sobrius
1456 1451 1494 1518 et
1513 1442 1610 1518 tem-

448 1568 605 1653 peratus,
631 1560 728 1635 unde
753 1567 833 1634 erat
858 1562 984 1635 solitus
1009 1562 1130 1637 dicere
1146 1563 1245 1654 quod
1265 1563 1321 1635 isti
1339 1563 1455 1658 gulosi
1481 1564 1609 1636 vivunt

448 1687 595 1773 propter
625 1680 831 1773 comedere,
857 1688 894 1755 el
924 1702 996 1754 non
1022 1682 1219 1754 comedunt
1243 1690 1392 1775 propter
1418 1682 1611 1757 vivere.-

452 1803 567 1886 Ouole.
595 1801 698 1873 Nunc
723 1807 830 1874 autor
860 1800 1014 1872 ostendit
1044 1801 1303 1892 quietationem
1339 1802 1433 1874 illius
1462 1803 1609 1877 Cerberi

449 1938 513 2011 per
542 1920 851 2017 comparationem
881 1918 990 2010 canis,
1026 1924 1063 1990 et
1091 1918 1177 1990 dicit
1207 1919 1305 2010 quod
1339 1922 1521 1994 Cerberus
1554 1929 1609 1996 est

449 2039 632 2130 quietatus
657 2058 762 2111 more
786 2038 885 2110 canis
909 2043 989 2130 post
1014 2037 1135 2109 cibum
1152 2027 1187 2126 (²)
1216 2036 1337 2130 istum,
1359 2045 1396 2111 et
1418 2041 1503 2131 quia
1528 2062 1612 2115 sen·

449 2158 560 2232 tentia
586 2166 640 2232 est
671 2159 776 2251 plana
808 2157 936 2230 ordina
969 2157 1018 2229 sic
1045 2157 1205 2229 literam:
1236 2159 1344 2248 puelle
1365 2162 1474 2250 facab
1498 2163 1608 2250 Ioula,

449 2280 539 2352 idest
565 2285 701 2372 turpes,
727 2277 812 2369 quia
838 2276 932 2349 istud
958 2275 1090 2348 vicium
1109 2277 1205 2370 gulae
1222 2276 1402 2350 deformat
1417 2269 1453 2368 (³)
1479 2277 1608 2351 faciem

449 2399 604 2470 bominis
630 2403 971 2489 quantumcumque
996 2394 1041 2466 sit
1064 2394 1109 2466 de
1134 2414 1174 2466 se
1199 2394 1368 2488 formosa,
1386 2399 1443 2468 dcl
1458 2399 1611 2468 dimasto

452 2518 612 2605 Cerbero,
639 2516 729 2588 idest
754 2514 855 2586 istius
880 2513 960 2587 vicii
974 2502 1010 2603 (⁴)
1038 2512 1213 2606 diabolici,
1231 2517 1281 2585 ed'
1290 2518 1434 2587 latrone
1453 2519 1608 2604 domno,

449 2634 533 2725 quia
560 2633 766 2705 terribiliter
791 2633 898 2703 latrat
923 2652 1033 2724 super
1055 2652 1117 2704 eas
1143 2637 1179 2705 et
1204 2633 1297 2726 ipsas
1318 2634 1453 2706 latrare
1472 2634 1555 2708 iacit
1573 2635 1608 2705 in

450 2751 599 2823 modum
626 2750 774 2822 tonitrui
789 2741 844 2839 (⁵),
871 2749 1004 2821 scilicet
1029 2752 1186 2821 ct'esser
1211 2753 1399 2823 oorrebbcr
1422 2755 1539 2842 sorde,
1563 2764 1636 2824 ne'

448 2869 625 2961 audirent,
659 2862 698 2940 se*
725 2871 782 2960 ser
814 2871 918 2956 cotol,
952 2868 1085 2940 scilicet
1119 2875 1193 2941 tam
1225 2872 1391 2963 turbatae,
1422 2875 1506 2962 qual
1534 2874 1612 2966 quel

448 3009 546 3076 cane,
564 2987 690 3080 supple
710 2986 760 3078 fit,
778 2989 837 3056 obe
857 2987 1053 3058 ubbotondo
1070 3008 1226 3078 opopim,
1244 2988 1334 3062 idest
1354 2989 1519 3063 latrando
1535 2990 1609 3063 cla·

450 3112 536 3198 mat,
554 3127 572 3177 e
593 3127 630 3177 se
645 3108 807 3176 roccheto
826 3109 890 3196 poi
913 3108 972 3176 olto
984 3108 1009 3177 ’l
1028 3115 1130 3197 posto
1154 3111 1287 3198 naorde,
1305 3112 1364 3180 elec
1383 3113 1459 3180 solo
1475 3111 1608 3181 intende

448 3251 466 3298 e
487 3247 610 3319 poppo
634 3247 658 3296 a
683 3227 876 3296 divororlo.
898 3226 941 3297 Et
966 3246 1032 3318 per
1057 3228 1126 3299 boc
1152 3235 1252 3300 notat
1278 3228 1375 3321 quod
1402 3229 1483 3301 lieet
1507 3228 1612 3322 gulo-

448 3368 510 3419 sus
534 3350 783 3437 conqueratur
807 3344 853 3417 de
879 3352 953 3417 tam
981 3345 1040 3416 vili
1066 3346 1173 3439 epulo
1199 3346 1358 3419 exhibito
1384 3347 1461 3439 sibi,
1490 3354 1611 3420 tamen

448 3486 532 3537 cum
552 3465 610 3535 illo
628 3462 775 3536 sedatur
801 3463 977 3556 ingluvies
998 3463 1077 3535 eius
1095 3470 1131 3536 et
1148 3465 1273 3536 satisfit
1289 3466 1386 3559 gulae
1404 3468 1461 3539 vel
1476 3457 1513 3555 (⁶)
1532 3485 1612 3539 ces-

449 3589 504 3655 sat
527 3583 714 3676 appetitus.
743 3583 786 3652 Et
810 3582 868 3654 bic
894 3588 979 3653 nota
994 3573 1030 3672 (⁷)
1059 3583 1171 3655 lector
1197 3585 1293 3675 quod
1313 3586 1538 3677 comparatio
1556 3590 1610 3657 est

448 3703 582 3795 optima
597 3693 633 3792 (Β)
661 3701 758 3774 canis
783 3700 829 3771 ad
853 3701 1036 3794 gulosum.
1059 3700 1159 3773 Siout
1179 3701 1275 3774 enim
1302 3703 1401 3775 canis
1427 3705 1504 3774 vult
1529 3723 1609 3775 esse

449 3825 526 3897 sine
551 3822 626 3914 pari
653 3840 763 3913 super
787 3839 869 3892 osse
894 3820 1071 3911 coquinae,
1097 3820 1145 3893 ita
1171 3821 1321 3916 gulosus
1349 3843 1420 3896 non
1447 3822 1525 3894 vult
1551 3842 1612 3893 so-

448 3945 547 4014 cium
573 3942 609 4013 in
634 3940 724 4013 cibo.
751 3938 856 4012 Canis
881 3945 1056 4012 exonerat
1082 3941 1312 4013 stomachum
1327 3932 1363 4031 (⁹)
1385 3948 1425 4013 ut
1454 3939 1610 4033 reperiat

447 4060 646 4153 appetitum
672 4059 718 4132 ad
743 4058 880 4150 cibum,
905 4056 955 4128 ita
980 4058 1131 4151 gulosus
1156 4057 1349 4150 aliquando
1375 4060 1511 4132 evomit
1535 4059 1611 4152 pri-

450 4200 552 4253 mum
578 4179 701 4252 cibum
727 4185 769 4251 ut
793 4176 948 4251 oblectet
967 4184 1117 4271 gustum
1135 4178 1205 4251 alio
1222 4178 1389 4271 sapidiori
1407 4179 1499 4272 cibo,
1517 4179 1611 4253 sicut

508 4463 534 4521 (¹)
551 4463 580 4512 E.
598 4463 715 4512 lanienas.
733 4461 768 4510 Et
784 4462 925 4510 notandum
942 4461 1011 4523 quod
1028 4461 1077 4509 boe
1094 4461 1222 4522 precipue
1238 4461 1295 4511 lull.

509 4537 536 4596 (¹)
552 4538 577 4587 S.
595 4539 689 4596 cibum,
707 4543 734 4586 ct
749 4538 817 4600 quia.
905 4535 932 4597 (⁸)
949 4541 1002 4594 lid,
1019 4536 1093 4585 valde
1109 4535 1245 4586 deformat.

509 4612 535 4673 (¹)
552 4615 583 4662 E.
599 4615 681 4664 nuntii
698 4614 825 4663 diabolici.
905 4614 932 4675 (·)
947 4613 972 4662 S.
989 4613 1105 4662 tonitrui.
1124 4613 1153 4662 St
1169 4613 1276 4662 cd'esscr
1295 4614 1431 4664 oombbsr.

509 4689 536 4747 (⁸)
552 4689 576 4737 S.
593 4694 627 4737 el.
907 4689 934 4750 (¹)
950 4689 975 4738 S.
992 4694 1052 4739 nola
1068 4690 1225 4752 quoa-u
1242 4690 1391 4749 notandum,
1409 4692 1499 4747 lector.
1516 4691 1593 4754 quod.

509 4763 535 4822 (¹)
544 4762 569 4810 S.
580 4765 687 4824 optima:
702 4764 775 4813 Canis
785 4770 824 4814 ost
838 4765 933 4815 animal
944 4763 1072 4827 gulosum.
1081 4765 1152 4814 Sicut
1161 4765 1310 4816 enim—E.
1321 4769 1426 4828 optima,
1437 4766 1510 4817 Canis
1519 4771 1608 4816 contra

449 4838 577 4900 gulosum.
594 4838 757 4887 sicutenim.

511 4913 537 4975 (l)
553 4913 584 4962 E.
601 4914 762 4963 stomachum
779 4919 803 4962 cl
821 4920 925 4976 reparat
940 4915 1089 4976 appetitum.
