4154 6546
448 777 495 845 bit
848 787 1053 842 coucuruu
1078 787 1230 840 mannus

446 934 597 1009 bituata.
624 933 726 1008 Unde
751 932 989 1026 Philosophus
1020 932 1139 1026 primo
1172 931 1384 1007 Ethioorum
1415 930 1624 1025 dicitquod

446 1056 584 1144 apuum
607 1057 766 1145 percocti
780 1054 914 1126 babitus
938 1059 990 1126 cst
1012 1054 1199 1126 delectatio.
1218 1052 1316 1146 Ergo
1332 1051 1427 1126 bene
1443 1051 1539 1146 dicit,
1556 1072 1624 1128 cur

448 1194 522 1249 non
547 1173 631 1247 salis
655 1173 702 1248 ad
727 1172 979 1248 delectabilem
1006 1176 1182 1265 montem,
1199 1173 1259 1243 cte
1281 1164 1495 1263 tprbutpio
1517 1193 1539 1243 c
1561 1194 1625 1245 ca-

447 1297 532 1385 pion
556 1297 594 1367 di
619 1301 704 1366 tutta
727 1296 854 1384 picto?
871 1292 957 1385 quia
983 1292 1100 1366 virtus
1126 1298 1182 1366 est
1206 1291 1424 1386 principium
1450 1297 1487 1366 et
1511 1312 1624 1366 causa

449 1414 559 1487 totius
584 1413 761 1487 felicitatis
786 1417 934 1486 reternae
958 1433 1043 1505 quae
1068 1419 1123 1486 est
1143 1411 1415 1506 jocundissima.

526 1536 578 1605 Or
596 1535 642 1603 sd
659 1538 705 1604 tu.
731 1532 770 1603 ln
795 1530 862 1604 ista
885 1536 990 1624 parte
1009 1536 1118 1604 autor
1135 1529 1291 1604 ostendit
1313 1528 1500 1625 quomodo
1517 1550 1623 1604 reco-

448 1651 588 1747 gnoscit
601 1649 804 1746 Virgilium,
817 1650 878 1723 cui
895 1648 1100 1723 manifestat
1116 1671 1226 1722 suum
1245 1656 1394 1744 statum,
1408 1649 1484 1724 sive
1501 1648 1623 1743 dispo-

448 1770 629 1864 sitionem,
642 1777 679 1843 et
691 1769 728 1842 in
742 1770 808 1843 ista
821 1769 987 1843 oratione
1003 1768 1122 1863 primo
1142 1769 1227 1843 lacit
1242 1769 1449 1862 exordium,
1462 1768 1623 1843 secundo

448 1890 673 1986 petitionem,
699 1889 807 1963 tertio
832 1888 1158 1980 confirmationem,
1178 1896 1311 1982 quarto
1335 1889 1453 1984 aperit
1477 1889 1626 1983 pericu-

448 2011 526 2084 lum
560 2009 754 2083 imminens
787 2008 865 2081 sibi.
900 2007 1028 2082 Partes
1061 2008 1248 2102 patebunt.
1284 2008 1371 2081 Dico
1403 2027 1493 2103 ergo
1525 2006 1625 2099 quod

448 2137 558 2204 autor
584 2130 703 2224 primo
737 2128 928 2228 exorditur
959 2133 1109 2221 captans
1133 2127 1427 2201 benevolentiam
1453 2126 1628 2220 multipli-

448 2248 539 2323 citer
563 2270 585 2322 a
611 2268 767 2342 persona
791 2246 979 2340 auditoris,
1005 2246 1143 2320 dicens:
1170 2268 1214 2319 or
1238 2249 1285 2318 se'
1302 2253 1338 2318 tu
1362 2250 1442 2337 puel
1472 2247 1625 2335 Virgilio.

450 2367 619 2464 Virgilius
644 2374 699 2442 est
724 2387 860 2441 nomen
886 2365 1075 2460 proprium
1103 2370 1140 2438 et
1165 2366 1386 2439 conveniens
1407 2365 1492 2459 sibi;
1512 2365 1630 2439 dictus

451 2495 506 2563 est
523 2489 621 2563 enim
635 2487 805 2583 Virgilius
821 2508 843 2560 a
862 2479 1023 2582 virga(¹),
1037 2485 1210 2577 quoniam
1230 2493 1349 2560 mater
1366 2487 1446 2580 ejus
1466 2485 1628 2561 somnia·

453 2606 557 2680 vilse
570 2625 700 2699 parere
714 2605 868 2700 virgam,
882 2625 967 2696 quae
986 2609 1081 2677 tacta
1095 2611 1193 2677 terra
1208 2604 1329 2678 subito
1343 2606 1578 2679 excrescebat
1590 2604 1628 2677 in

453 2725 626 2799 arborem
653 2744 838 2819 magnam,
864 2743 948 2816 quce
974 2730 1093 2797 mater
1118 2724 1198 2818 eJus
1223 2731 1355 2798 vocata
1370 2732 1425 2800 est
1442 2726 1559 2819 blaja;
1580 2725 1630 2797 si-

453 2851 517 2919 cut
536 2844 634 2919 enim
653 2843 745 2937 Maja
762 2843 894 2916 dicitur
911 2842 1021 2917 luisse
1038 2849 1157 2917 mater
1174 2845 1355 2938 Mercurii,
1372 2845 1436 2938 qui
1456 2851 1512 2919 est
1531 2845 1630 2919 Deus

454 2964 685 3058 eloquentie,
712 2963 761 3036 ita
788 2963 855 3036 ista
880 2964 972 3057 blaja
997 2963 1125 3058 genuit
1149 2964 1313 3038 divinum
1338 2971 1486 3060 poetam
1512 2963 1630 3058 Virgi-

453 3085 544 3160 lium
578 3104 734 3157 summae
764 3083 993 3175 eloquentie.
1026 3084 1070 3156 Et
1100 3083 1181 3159 ideo
1212 3085 1308 3160 bene
1339 3085 1435 3181 dicit,
1467 3107 1487 3158 e
1518 3088 1631 3177 puello

450 3209 560 3299 sonte,
586 3204 722 3277 scilicet
746 3203 976 3298 eloquentie,
1001 3206 1062 3276 cte
1085 3208 1218 3296 sponde
1247 3208 1285 3278 di
1307 3210 1440 3298 partor
1468 3199 1499 3279 sl
1528 3211 1632 3296 tcrpo

451 3327 570 3417 ficare,
597 3324 688 3398 idest
712 3323 1062 3397 abundantissimam
1087 3325 1230 3418 copiam
1251 3326 1407 3418 eloquii;
1423 3327 1632 3402 sicutenim

454 3445 586 3539 probat
628 3442 834 3517 Macrobius
865 3443 901 3515 in
946 3443 1040 3516 libro
1072 3443 1119 3518 de
1162 3444 1430 3539 Saturnalibus,
1462 3447 1633 3543 Virgilius

456 3563 581 3638 omnia
598 3582 736 3658 genera
756 3560 897 3635 dicendi
915 3561 952 3634 in
969 3582 1036 3635 suo
1053 3567 1222 3656 poemate
1239 3563 1399 3656 perfecte
1415 3565 1570 3660 collegit.
1588 3564 1633 3637 Et

454 3681 550 3776 dicit,
576 3683 706 3773 rr'cposi
728 3683 789 3771 lui,
814 3680 906 3755 idest
931 3700 1001 3777 ego
1022 3681 1157 3755 Dantes
1173 3682 1342 3776 respondi
1362 3683 1430 3757 sibi
1447 3683 1483 3755 in
1500 3702 1632 3777 supra·

454 3801 589 3896 scripta
615 3800 744 3893 lorma,
770 3820 836 3872 con
861 3817 1081 3889 oerpopnoso
1094 3804 1224 3892 fronte,
1243 3801 1515 3876 verecundatur
1531 3802 1630 3877 euim

456 3922 569 3996 bomo
594 3920 640 3994 de
665 3919 749 3992 iallo
774 3939 843 3992 suo
868 3938 993 3992 coram
1020 3939 1088 3993 suo
1113 3919 1255 4012 maiori.
1281 3919 1326 3992 Et
1356 3919 1508 3995 adverte
1532 3920 1630 4014 quod

456 4039 651 4114 lombardi
665 4047 702 4114 et
715 4040 821 4113 multi
835 4039 942 4112 italici
952 4038 1087 4113 debent
1107 4041 1277 4134 supplere
1289 4039 1326 4113 in
1340 4041 1444 4115 litera
1463 4063 1580 4116 unum
1593 4064 1632 4133 a,

457 4165 495 4233 et
520 4158 653 4252 dicere,
670 4162 800 4252 rispoci
823 4180 848 4231 o
871 4162 940 4252 lui;
958 4180 1043 4233 nam
1070 4159 1267 4234 Florentini
1286 4166 1443 4235 utuntur
1458 4160 1632 4256 praedicto

459 4276 567 4351 modo
593 4278 765 4371 loquendi
792 4285 923 4353 trunco
940 4278 977 4352 in
995 4279 1056 4352 tali
1074 4278 1230 4375 uulgari,
1247 4279 1341 4353 sicut
1357 4281 1492 4375 poteris
1510 4278 1636 4358 videre
1664 4275 1676 4293 ’

456 4393 492 4468 in
507 4397 631 4470 multis
644 4396 731 4471 locis
744 4398 847 4472 istius
864 4398 955 4472 libri.
970 4399 1014 4471 lit
1028 4419 1100 4474 non
1113 4398 1191 4474 sine
1208 4419 1326 4493 quare
1341 4401 1410 4473 boc
1422 4399 1577 4474 dixerim
1584 4391 1635 4495 (²),

457 4534 544 4589 eum
562 4518 765 4593 audiverim
784 4521 926 4613 aliquos
938 4519 1163 4594 lombardos
1179 4539 1253 4593 non
1271 4520 1511 4616 intelligentes
1523 4522 1634 4595 istum

523 4744 553 4805 (¹)
571 4744 597 4794 S.
606 4745 686 4809 virga,
698 4759 775 4809 quam
786 4754 870 4798 mater
880 4762 908 4799 se
918 4761 1010 4810 parere
1019 4749 1163 4807 somniarit.
1171 4763 1238 4812 qun.
1246 4775 1278 4787 -
1285 4749 1314 4799 R
1332 4750 1413 4813 virga,
1422 4749 1526 4812 quando
1540 4752 1634 4799 mator.

459 4818 655 4960 maiza
668 4835 720 4872 non
741 4823 795 4872 rinc
814 4837 896 4887 quare
913 4825 963 4875 boo
978 4825 1046 4885 dlco,
1062 4825 1122 4888 qnia
1138 4825 1232 4874 audiri.
1245 4852 1273 4862 -
1284 4825 1315 4875 Β.
1330 4825 1407 4887 Quod
1426 4825 1459 4875 rit
1475 4837 1567 4875 verum
1582 4823 1633 4875 linc
