4154 6546
875 775 1013 832 murus
1038 778 1182 832 sextus.
1540 772 1610 837 225

448 925 572 992 narrat
604 917 796 992 Suetonius
832 919 877 993 de
913 921 1058 994 Nerone
1089 920 1151 1012 qui
1187 920 1253 993 luit
1286 920 1611 1016 ingluviosissimus

446 1038 650 1132 bominum,
681 1045 717 1112 et
750 1037 797 1111 de
828 1039 1045 1131 quibusdam
1071 1038 1158 1112 aliis.
1185 1039 1283 1112 ldem
1311 1040 1446 1114 iaciunt
1477 1042 1609 1118 ebriosi

447 1156 539 1231 sicut
576 1157 699 1231 scribit
736 1157 873 1230 Tullius
911 1157 1004 1230 libro
1037 1157 1315 1252 Philippicarum
1352 1160 1397 1234 de
1431 1164 1612 1236 Anthonid

448 1277 613 1349 omnium
632 1276 877 1351 ebriosissimo
895 1277 956 1368 qui
971 1270 1109 1367 (¹)‘iecit
1127 1277 1261 1349 librum
1279 1277 1325 1350 de
1341 1278 1516 1353 ebrietate
1533 1302 1610 1374 sua,

448 1397 484 1468 in
509 1415 585 1489 quo
610 1402 764 1469 testatur
790 1395 932 1468 nullum
965 1416 1130 1488 unquam
1163 1396 1275 1470 luisse
1308 1397 1545 1471 ebriosiorem
1573 1421 1612 1472 se

448 1522 581 1608 praeter
606 1514 720 1587 fllium
746 1513 856 1607 ipsius
881 1513 996 1586 Tullii.
1023 1514 1129 1587 Canis
1149 1514 1258 1588 etiam
1277 1516 1478 1589 secundum
1506 1517 1611 1591 labu-

449 1633 522 1706 lam
548 1632 681 1706 dimisit
706 1653 832 1706 veram
858 1653 1008 1708 carnem
1029 1654 1097 1727 pro
1117 1635 1259 1726 umbra,
1279 1635 1327 1707 ita
1347 1655 1443 1729 saepe
1459 1638 1611 1730 gulosus

449 1752 512 1844 qui
538 1752 645 1825 babet
674 1773 818 1826 ooenam
847 1753 1125 1827 determinatam
1154 1773 1239 1825 cum
1261 1773 1346 1845 uno,
1377 1754 1404 1826 si
1426 1755 1527 1827 audit
1553 1758 1608 1829 rel

450 1870 557 1943 sentit
585 1870 685 1965 signa
712 1870 858 1944 maioris
884 1871 1056 1966 ingluviei
1083 1870 1218 1944 recedit
1233 1863 1282 1964 (¹),
1292 1878 1344 2005 'et
1374 1893 1470 1966 saepe
1493 1874 1610 1967 perdit

451 1995 659 2082 utramque,
684 1989 776 2063 sicut
801 1989 928 2063 accidit
957 1990 1003 2063 de
1032 1989 1127 2063 iacto
1156 1989 1288 2063 Ciacbo
1316 1990 1362 2064 de
1392 2012 1465 2084 quo
1490 1986 1609 2065 statim

448 2107 600 2181 dicetur.

522 2231 588 2300 Por'
606 2248 809 2320 possaoom.
837 2230 905 2301 lsta
927 2236 982 2302 est
1007 2228 1165 2302 secunda
1186 2249 1270 2322 pars
1289 2230 1469 2324 generalis
1485 2230 1522 2302 in
1538 2252 1612 2322 qua

321 2448 325 2456 ⁸
450 2353 558 2423 autor
584 2354 714 2422 tractat
740 2349 776 2420 in
802 2349 946 2442 speciali
971 2348 1016 2421 de
1042 2368 1117 2420 uno
1142 2348 1266 2441 spiritu
1299 2349 1505 2442 particulari
1532 2369 1611 2422 mo-

449 2466 577 2561 derno,
594 2467 656 2560 qui
675 2468 832 2541 multum
860 2467 927 2539 luit
943 2486 1072 2540 servus
1096 2466 1212 2562 gulae3
1233 2466 1314 2540 ideo
1331 2467 1433 2563 fingit
1449 2467 1548 2560 quod
1565 2487 1612 2540 ex

449 2586 515 2659 illis
540 2587 732 2660 animabus
758 2585 958 2660 iacentibus
982 2588 1197 2680 gulosorum
1224 2607 1297 2660 una
1327 2587 1499 2680 surrexit,
1525 2585 1614 2660 idest

449 2705 609 2779 occurrit
635 2707 746 2779 menti
773 2726 849 2778 suae
867 2705 903 2777 in
921 2706 1166 2798 speculatione
1184 2704 1285 2779 istius
1302 2704 1392 2779 vicii.
1411 2706 1503 2780 Dicit
1525 2726 1614 2801 ergo

452 2824 570 2917 primo
603 2822 818 2896 continuans
848 2829 988 2917 partem
1022 2824 1138 2917 parti:
1168 2828 1228 2896 noi
1257 2846 1448 2916 pnssovam
1476 2847 1517 2898 su
1545 2846 1613 2917 per

451 2944 616 3031 dominre,
642 2941 733 3014 idest
748 2933 783 3031 (³)
806 2941 956 3034 animas,
974 2945 1024 3013 cd'
1038 2945 1156 3014 aduno
1174 2946 1210 3015 la
1225 2965 1336 3033 prove
1347 2947 1506 3035 ptoppta,
1523 2944 1613 3018 idest

450 3081 542 3154 quas
567 3061 773 3154 comprimit
799 3061 921 3157 gravis
945 3062 1079 3155 pluvia,
1105 3063 1190 3154 quia
1216 3062 1402 3156 multiplex
1424 3062 1613 3135 infirmitas

450 3179 534 3252 iacit
558 3198 692 3273 corpus
715 3199 830 3273 grave
855 3179 987 3271 iacere,
1004 3201 1023 3251 e
1042 3200 1224 3271 porosum
1249 3184 1414 3272 teptonte
1433 3201 1541 3272 sopra
1558 3183 1613 3252 tor

450 3289 582 3387 camd,
608 3297 695 3390 quia
720 3298 900 3391 sapientes
924 3299 1066 3372 calcant
1086 3305 1123 3372 et
1139 3298 1403 3392 parvipendunt
1429 3299 1518 3372 tales
1543 3321 1614 3393 gu-

450 3419 546 3490 losos
571 3436 683 3489 vanos
708 3423 750 3489 ut
775 3417 847 3490 iam
873 3417 1001 3510 patuit,
1027 3423 1064 3489 et
1089 3417 1167 3489 vult
1188 3417 1331 3490 dicere:
1358 3416 1501 3490 ibamus
1526 3438 1611 3491 cum

452 3537 592 3632 plantis,
609 3536 700 3610 idest
719 3556 805 3611 cum
831 3536 1082 3610 allectionibus
1099 3537 1336 3611 discurrendo
1352 3557 1418 3631 per
1434 3537 1520 3610 istas
1536 3539 1615 3611 ani-

449 3664 529 3729 tnas
555 3675 681 3745 vanas,
706 3654 793 3746 quia
819 3655 961 3727 umbrae
987 3662 1071 3727 sunt
1096 3655 1173 3728 sine
1190 3675 1357 3749 corpore,
1378 3663 1415 3728 et
1431 3655 1537 3728 dicit:
1556 3658 1615 3727 cte

447 3796 518 3867 par
537 3793 704 3866 persono.
731 3772 807 3845 lloc
832 3779 949 3866 potest
974 3772 1122 3868 intelligi
1146 3773 1209 3867 sic,
1234 3774 1332 3866 quod
1361 3775 1494 3847 umbra
1520 3795 1614 3848 vana

449 3901 503 3967 est
529 3891 674 3965 visibilis
691 3896 728 3964 et
744 3890 918 3985 passibilis
936 3898 1124 3984 tamquam
1148 3912 1292 3986 corpus,
1315 3893 1408 3968 sicut
1427 3892 1558 3966 dicitur
1577 3881 1614 3982 (⁸)

451 4013 546 4085 xxv
563 4012 721 4105 capitulo
739 4010 962 4105 Purgatorii3
981 4011 1038 4085 vel
1055 4011 1211 4103 dicatur,
1227 4014 1286 4082 cte
1304 4032 1378 4102 par
1389 4032 1559 4102 persona,
1577 4019 1614 4084 et

454 4138 575 4204 tamen
600 4151 672 4204 non
697 4136 762 4221 est,
789 4129 875 4221 quia
900 4128 983 4201 licet
1013 4129 1205 4202 videantur
1238 4130 1401 4203 homines
1434 4135 1612 4222 quantum

449 4249 496 4322 ad
521 4248 677 4344 liguram
703 4250 915 4339 humanam,
941 4252 1064 4320 tamen
1090 4255 1175 4321 sunt
1191 4248 1315 4322 bestiae
1337 4249 1511 4342 qualitate
1534 4270 1614 4321 rno-

448 4389 547 4461 rum,
566 4374 602 4440 et
626 4367 720 4439 sicut
745 4366 844 4460 porci
870 4365 988 4440 iacent
1013 4365 1049 4437 in
1072 4366 1166 4459 luto;
1185 4367 1282 4440 unde
1299 4367 1441 4440 subdit:
1459 4371 1521 4440 elle
1536 4372 1614 4457 piu-

451 4508 536 4559 ceon
554 4508 623 4579 pcr
639 4492 737 4563 tmo
754 4491 833 4558 tutte
849 4491 975 4575 quante
988 4487 1073 4575 scor
1089 4486 1140 4555 ct’
1151 4504 1237 4573 uno,
1259 4491 1295 4558 et
1312 4485 1379 4559 ista
1396 4492 1476 4560 erat
1492 4486 1613 4560 anima

452 4603 586 4697 Ciacbi,
611 4604 698 4677 nb'o
722 4605 822 4676 seder
846 4605 878 4675 st
902 4595 989 4692 bod,
1015 4607 1096 4675 erat
1112 4601 1209 4675 enim
1229 4601 1279 4675 ita
1295 4612 1447 4698 gravata
1464 4605 1616 4678 infirmi·

514 4792 718 4855 (un.nnur.
1027 4756 1492 4858 runsooeuusrpoornpos

514 4868 544 4932 (¹)
559 4869 591 4920 lt
606 4870 672 4920 ldnt
687 4884 765 4933 super
781 4872 885 4920 animas.
1027 4869 1052 4931 (¹)
1068 4868 1093 4919 S.
1110 4882 1124 4918 c
1141 4868 1171 4918 E.
1188 4868 1299 4920 dicetur.

583 4977 603 5021 L
1457 4978 1483 5021 lb
