4154 6546
460 797 531 863 288
853 807 1055 864 conmunu
1078 783 1227 864 nursam

458 972 497 1026 se
522 950 678 1026 incendit
701 970 831 1025 amore
856 957 921 1025 tuo
936 943 986 1046 (¹),
1012 971 1097 1045 quar
1115 953 1168 1027 sie
1190 953 1336 1029 innensn
1366 954 1465 1029 venit
1488 955 1535 1029 ad
1559 974 1621 1029 me

456 1069 645 1165 Virgilium
663 1074 706 1142 ιιι
722 1068 897 1143 ducerem
915 1076 952 1145 te
973 1090 1039 1166 per
1056 1072 1166 1145 istum
1182 1072 1381 1167 lnlernum,
1399 1072 1462 1147 ubi
1478 1072 1622 1148 videres

456 1189 588 1261 iustam
615 1186 810 1261 vindictam
835 1189 1094 1284 superborum,
1120 1196 1157 1266 et
1186 1190 1344 1266 dispereo
1368 1191 1419 1267 sie
1448 1212 1622 1286 spernere

456 1327 531 1399 uns,
558 1313 599 1379 nt
623 1306 740 1400 patuit
765 1307 795 1379 ll
819 1307 1001 1402 capitulo;
1028 1309 1091 1384 sed
1115 1309 1233 1404 prima
1250 1309 1355 1386 litera
1372 1309 1516 1384 videtur
1533 1310 1620 1383 mihi

456 1425 570 1520 magis
594 1424 753 1519 propria,
775 1425 839 1499 ubi
863 1426 1024 1502 secunda
1049 1428 1193 1503 videtur
1218 1429 1334 1525 magis
1349 1420 1385 1520 (¹)
1412 1428 1618 1504 violentata.

456 1545 498 1615 Et
525 1548 565 1616 ut
590 1544 756 1617 ostendat
773 1543 942 1640 Virgilius
958 1546 1171 1641 praedictum
1189 1547 1356 1642 spiritum
1373 1547 1452 1623 lore
1467 1547 1618 1643 (lignum

455 1663 515 1737 tali
542 1663 820 1758 vituperatione,
845 1664 953 1749 dicit:
979 1668 1069 1756 qun,
1095 1686 1205 1760 quem
1223 1671 1263 1739 tu
1281 1662 1398 1740 vidisti
1418 1666 1467 1766 ita
1486 1666 1618 1740 frustra

458 1781 708 1875 insanientem,
731 1785 772 1875 su
797 1786 837 1855 nl
858 1785 986 1856 mondo
999 1805 1157 1876 persona
1173 1788 1390 1876 nrpopliesa,
1407 1785 1499 1862 idest
1512 1805 1619 1859 arro-

456 1921 557 1996 gans,
583 1900 629 1975 de
654 1922 695 1976 se
720 1908 860 1977 temere
884 1906 1111 1997 presumens
1127 1923 1213 1977 cum
1231 1909 1355 1979 tamen
1373 1905 1459 1979 nihil
1476 1905 1562 1980 boni
1581 1904 1618 1978 in

452 2041 492 2095 se
518 2021 680 2115 haberet,
706 2019 804 2095 unde
827 2020 935 2096 dicit:
964 2012 1070 2095 ιοπιὰ
1100 2042 1172 2095 nnn
1200 2017 1238 2096 ὼ
1266 2025 1328 2095 cte
1353 2044 1421 2096 sua
1449 2027 1620 2097 memoria

450 2144 557 2231 (νομί,
570 2141 660 2216 idest
673 2141 773 2216 nulla
785 2141 904 2216 virtus
919 2147 974 2216 est
991 2162 1074 2235 quae
1090 2147 1196 2216 ornet
1212 2142 1430 2217 memoriam
1448 2162 1551 2216 suam
1568 2133 1618 2232 (³),

453 2266 488 2332 et
514 2260 620 2335 iden:
647 2253 718 2335 cosi
741 2283 779 2335 se
803 2264 825 2334 ι’
837 2261 962 2334 umbra
985 2282 1052 2337 sun
1076 2265 1135 2353 pti
1153 2264 1305 2355 limosa,
1330 2267 1418 2335 tuuc
1437 2262 1536 2335 enim
1554 2282 1618 2334 sn-

452 2379 587 2471 perbus
613 2380 746 2454 cadens
759 2367 797 2471 (⁴)
824 2380 982 2454 efficitur
1007 2379 1173 2455 rabiosus
1197 2380 1342 2475 quando
1362 2401 1435 2456 nnn
1455 2381 1564 2454 habet
1580 2380 1616 2452 in

451 2519 491 2571 se
505 2498 678 2573 virtutem
691 2519 765 2591 qua
778 2499 887 2591 possit
899 2519 941 2573 se
957 2497 1350 2587 redimere-(tanati
1367 2498 1432 2573 llic
1448 2498 1617 2595 Virgilius

452 2615 498 2689 ad
522 2617 749 2711 arguendam
777 2618 973 2692 vanitatem
998 2619 1255 2713 superborum,
1281 2616 1342 2692 dal
1368 2626 1484 2694 unum
1513 2627 1617 2693 uota-

452 2735 534 2827 bile,
559 2734 704 2808 dicens:
732 2738 853 2826 quanti
875 2757 913 2807 se
937 2743 1062 2827 tenpnn
1078 2757 1123 2809 or
1142 2731 1250 2826 lassi,
1275 2735 1409 2811 scilieet
1427 2737 1461 2810 in
1479 2736 1616 2812 mundo

451 2853 662 2946 viventium,
679 2857 876 2947 praerepi,
889 2854 979 2929 idest
990 2848 1391 2950 magnnsprinnipesl³),
1403 2877 1488 2930 nam
1502 2876 1566 2930 rex
1578 2848 1616 2948 (⁶)

307 2972 316 2986 '
450 2970 610 3065 primum
635 2973 835 3067 antiquitus
864 2994 999 3048 nomen
1024 2981 1079 3049 est
1110 2973 1302 3070 diguitatis,
1324 2981 1365 3049 ιιι
1394 2974 1478 3050 dicit
1507 2977 1617 3050 Ju'sti·

451 3113 520 3165 nus
536 3092 574 3165 in
593 3092 782 3186 prohemio
799 3113 886 3167 sun:
905 3100 942 3168 et
957 3100 1044 3169 nota
1060 3094 1160 3188 quod
1176 3094 1262 3169 dicit
1278 3101 1458 3189 notanter,
1476 3103 1615 3187 temon,

450 3211 536 3306 qnia
561 3209 656 3285 istud
680 3211 814 3285 vicium
840 3213 1060 3309 arrogantiae
1085 3213 1174 3289 falso
1199 3213 1246 3289 de
1270 3234 1311 3289 se
1335 3213 1502 3307 extimat3
1528 3235 1613 3288 nam

448 3335 508 3408 ille
533 3340 587 3410 est
612 3353 701 3409 vere
726 3355 805 3429 rer,
829 3337 894 3430 qui
923 3337 1041 3431 primo
1071 3337 1137 3411 scit
1166 3356 1298 3433 regere
1328 3355 1369 3410 se
1400 3336 1532 3430 ipsum,
1556 3338 1616 3408 cle

449 3456 508 3545 qui
529 3461 702 3527 sintarine
726 3475 821 3527 conte
839 3459 945 3547 porci
966 3459 1004 3528 in
1028 3456 1152 3550 brayo,
1179 3455 1270 3531 idest
1290 3454 1492 3549 volutabro,
1511 3457 1614 3550 qnasi

447 3574 543 3648 dicat
567 3574 714 3648 stabunt
737 3573 775 3647 iu
801 3594 909 3648 ‹roeuo
933 3574 1035 3648 istius
1060 3573 1177 3648 tetitae
1194 3574 1334 3668 paludis
1349 3574 1444 3648 sicut
1460 3574 1559 3668 porci
1577 3563 1613 3646 in

448 3695 536 3767 luto.
563 3693 607 3765 Et
632 3692 689 3766 hic
714 3700 799 3767 nota
826 3692 924 3787 quod
948 3692 1043 3768 istud
1059 3691 1187 3767 accidit
1203 3711 1299 3787 saepe
1314 3692 1362 3766 de
1377 3692 1472 3766 iacta
1488 3692 1526 3764 in
1545 3693 1614 3765 isto

448 3809 595 3886 mundo.
622 3811 717 3897 ant
737 3830 844 3906 reges
862 3811 1021 3886 illustres
1041 3811 1241 3885 tabuerunt
1256 3810 1293 3884 in
1310 3810 1520 3885 cerneribus
1541 3811 1613 3883 llo-

448 3952 643 4007 mannrum
669 3929 761 4005 sicut
785 3931 943 4027 Syphax,
959 3932 1127 4027 tuguria,
1152 3931 1280 4006 Perses
1293 3919 1343 4026 (⁷),
1367 3938 1404 4007 et
1423 3938 1515 4025 quot
1539 3933 1612 4006 lio-

449 4050 548 4124 mani
572 4050 780 4146 principes?
803 4050 931 4126 Nonne
945 4040 982 4141 (⁸)
1009 4048 1171 4125 Vitellius
1199 4049 1398 4145 imperator
1428 4051 1613 4125 Romano-

447 4191 532 4244 rum
556 4167 688 4243 ductus
713 4176 768 4246 est
791 4190 858 4266 per
883 4171 1015 4245 urbem
1047 4169 1083 4243 in
1098 4161 1134 4262 (⁹)
1169 4168 1295 4243 lurore
1319 4170 1441 4264 populi
1472 4171 1612 4245 cunctis

446 4289 658 4364 iacientibus
675 4289 711 4363 in
729 4288 856 4365 laniem
878 4295 916 4363 et
931 4309 974 4363 ns
992 4287 1071 4363 eius
1087 4287 1217 4382 lutum,
1237 4287 1381 4363 urinam
1399 4295 1436 4363 et
1456 4287 1612 4365 iaeneml
1666 4365 1669 4369 .

507 4513 533 4573 (¹)
550 4512 581 4562 E.
598 4516 652 4572 ino,
668 4518 695 4564 et
711 4526 779 4577 qun.
796 4541 825 4550 -
843 4517 897 4574 tlt,
914 4526 970 4572 mn,
986 4525 1054 4577 qun.

506 4585 532 4645 (ἰ
548 4587 574 4637 S.
590 4588 651 4637 satir
666 4587 786 4639 violenta.
799 4615 826 4624 -
840 4592 886 4639 lit
901 4600 917 4639 e
933 4588 963 4638 B.
980 4588 1062 4653 macir
1076 4585 1197 4640 violenta.

506 4661 532 4722 (⁸)
548 4663 579 4712 B.
596 4663 750 4714 memoriam
765 4665 828 4714 elus.
1099 4661 1126 4725 (ι
1141 4662 1172 4713 Ε.
1190 4662 1291 4713 artent.

506 4737 932 4803 tlunmnctmettomm
1099 4736 1477 4804 t'lssmmmnthultns
1628 4808 1631 4812 ι

506 4813 533 4872 (ἰ
550 4813 581 4863 lt
598 4813 700 4864 xm
1099 4814 1126 4880 (⁸)
1142 4815 1174 4868 lt
1190 4815 1259 4868 Num
1273 4823 1316 4866 ιε,

507 4888 533 4949 (⁹)
549 4887 575 4938 S.
592 4890 618 4940 in
634 4888 760 4940 furorem
