4154 6546
448 757 496 829 66
841 774 1043 829 collENTUtt
1068 773 1218 826 inruant

445 938 526 1013 sua,
551 918 599 992 ob
626 917 797 992 invidiam
812 908 849 1009 (¹)
868 924 906 991 et
930 917 1128 1011 superbam
1155 916 1353 1012 potentiam
1380 918 1472 1012 ejus,
1497 918 1625 994 detulit

448 1056 576 1113 secum
603 1037 748 1112 unicam
775 1037 886 1110 liliam
912 1037 1127 1111 infantulam
1144 1037 1239 1110 inter
1257 1037 1332 1131 ipsa
1349 1039 1475 1132 praelia
1498 1059 1625 1115 armo-

450 1177 547 1251 rum,
574 1178 687 1251 quam
712 1178 858 1231 summe
882 1156 1065 1253 diligebat,
1086 1162 1124 1230 et
1140 1156 1284 1230 vocavit
1301 1157 1417 1251 ipsam
1434 1159 1623 1233 Camillam

445 1297 468 1350 a
494 1276 643 1351 nomine
674 1277 812 1370 matris,
845 1297 928 1370 quae
959 1281 1087 1350 vocata
1118 1277 1239 1351 iuerat
1267 1275 1454 1373 Casmilla3
1486 1284 1524 1354 et
1547 1298 1622 1353 uon

447 1395 561 1470 fidens
586 1397 724 1471 intrare
755 1402 821 1470 aut
845 1394 1049 1469 inhabitare
1073 1395 1235 1489 aliquam
1263 1394 1460 1491 civitatem,
1486 1396 1624 1493 recepit

448 1536 489 1590 se
513 1515 698 1590 montibus
729 1522 766 1590 et
794 1516 903 1610 silvis,
934 1514 997 1588 ubi
1027 1514 1179 1589 nutrivit
1207 1517 1302 1589 hanc
1335 1515 1480 1591 filiolam
1516 1538 1623 1592 suam

448 1636 543 1709 lacte
579 1634 715 1728 equino
754 1642 792 1710 et
826 1634 952 1711 lerino.
997 1634 1091 1708 Cum
1129 1642 1255 1711 autem
1296 1637 1417 1730 puella
1456 1638 1627 1731 coepisset

448 1755 567 1850 primo
601 1775 707 1849 posse
740 1755 945 1849 ambulare,
965 1755 1157 1828 assuefecit
1190 1775 1274 1829 eam
1306 1756 1533 1853 equitationi,
1558 1777 1625 1834 ve-

448 1874 598 1968 nationi,
622 1875 783 1967 saltibus,
810 1894 923 1967 quam
948 1873 1107 1963 armavit
1130 1873 1269 1968 sagittis
1299 1879 1337 1948 et
1369 1876 1554 1971 pharetra,
1587 1882 1626 1952 et

448 1992 565 2065 induit
585 1992 679 2086 pelle
698 1991 836 2087 tigridis
848 1982 899 2083 (²).
920 1993 999 2086 lpsa
1019 2011 1110 2066 vero
1130 1992 1290 2066 servavit
1306 2000 1524 2087 perpetuam
1551 1994 1626 2068 vir-

447 2115 650 2212 ginitatem,
677 2134 744 2188 uec
771 2134 935 2206 unquam
961 2112 1077 2187 voluit
1101 2113 1238 2187 babere
1271 2112 1405 2187 virum.
1437 2115 1509 2188 Ista
1534 2133 1626 2210 ergo

449 2234 600 2310 Camilla
616 2232 716 2308 venit
735 2233 773 2306 in
793 2232 995 2307 subsidium
1013 2232 1126 2305 Turni
1142 2238 1270 2305 eontra
1286 2233 1424 2307 lineam
1450 2253 1537 2307 cum
1559 2233 1628 2308 ali-

449 2363 540 2450 quot
564 2355 642 2429 aliis
668 2353 881 2450 virginibus,
902 2358 938 2426 et
955 2352 1051 2427 inter
1076 2372 1168 2445 quas
1193 2351 1261 2426 luit
1287 2374 1361 2427 una
1381 2359 1512 2428 vocata
1537 2354 1628 2427 Tar·

450 2496 556 2569 peya,
576 2475 690 2548 altera
710 2473 824 2566 lulla,
842 2477 975 2566 etpost
993 2471 1109 2544 multa
1126 2477 1241 2566 gesta,
1258 2471 1405 2546 tandem
1422 2471 1521 2566 apud
1537 2472 1627 2547 ciri-

452 2599 564 2667 tatem
592 2592 690 2686 regis
714 2591 829 2663 Latini
851 2590 998 2664 nomine
1017 2591 1436 2686 Laurentum,pugnans
1461 2590 1626 2685 viriliter,

453 2733 527 2787 non
540 2718 582 2784 ut
594 2709 754 2803 ioemina,
768 2710 963 2805 spargebat
979 2729 1065 2783 suas
1081 2709 1230 2805 sagittas
1243 2716 1371 2785 contra
1383 2710 1576 2806 trojanum
1588 2715 1628 2784 et

453 2831 564 2905 etiam
589 2828 731 2925 lugiem
756 2829 949 2924 sagittabat
973 2849 995 2902 a
1021 2836 1126 2924 tergo
1151 2829 1244 2904 adeo
1269 2830 1385 2924 perite
1410 2831 1509 2925 quod
1534 2835 1626 2924 quot
1718 2927 1722 2933 ι

454 2949 525 3023 tela
548 2948 735 3023 emittebat
748 2937 798 3039 (³),
816 2954 870 3022 tot
886 2947 996 3021 dabat
1014 2955 1151 3022 mortes
1167 2948 1342 3022 hostibus.
1361 2949 1519 3023 Demum
1545 2955 1627 3045 post

455 3068 588 3142 multas
613 3066 731 3142 caedes
746 3069 794 3141 ab
816 3087 860 3141 ea
886 3067 1010 3161 lactas,
1036 3067 1185 3161 quidam
1212 3088 1326 3161 eques
1344 3069 1453 3143 Enete
1479 3067 1628 3142 nomine

452 3175 617 3278 bruns(⁴)
629 3186 763 3261 furtive
771 3194 920 3261 secutus
934 3186 1032 3260 illam
1045 3195 1327 3283 persequentem
1338 3208 1454 3261 unum
1465 3187 1627 3282 equitem

451 3306 664 3403 gloriosum,
690 3313 727 3380 et
752 3313 861 3381 caute
879 3293 916 3397 (ὅ)
942 3307 1122 3401 percussit
1151 3327 1234 3381 eam
1260 3307 1386 3381 lancea
1407 3295 1458 3398 (θ),
1484 3313 1627 3400 captata

451 3425 721 3520 opportunitate
746 3424 921 3519 temporis
945 3431 984 3498 et
1013 3424 1093 3518 loci,
1120 3426 1189 3498 sub
1220 3424 1380 3498 mamilla
1411 3425 1566 3519 sinistra,
1591 3432 1629 3501 ct

452 3544 539 3639 ipse,
566 3544 719 3618 vulnere
743 3544 829 3618 dato
847 3534 898 3637 (⁷),
924 3544 1043 3618 subito
1068 3543 1212 3638 aulugit
1236 3542 1406 3638 pertusus
1430 3543 1565 3638 gaudio
1590 3552 1629 3619 et

453 3662 596 3738 timore.
630 3664 778 3738 Camilla
813 3663 908 3739 inter
940 3683 1072 3736 manus
1104 3663 1289 3758 virginum
1326 3682 1480 3736 suarum
1513 3683 1626 3736 manu

453 3782 599 3879 propria
616 3783 774 3858 extraxit
798 3782 845 3856 de
869 3788 1017 3877 pectore
1034 3781 1162 3876 telum,
1179 3781 1277 3856 lerro
1300 3787 1514 3856 remanente
1530 3781 1626 3856 inter

454 3911 592 3978 costas:

536 4069 673 4158 Vituque
697 4086 773 4138 cum
797 4067 924 4155 ponito
946 4067 1038 4159 plagit
1059 4067 1243 4155 ineliquata
1267 4065 1329 4137 sub
1353 4062 1513 4137 umbras(

454 4253 555 4326 Tunc
581 4274 656 4326 una
677 4272 724 4326 ex
741 4252 954 4349 virginibus,
974 4251 1122 4325 nomine
1142 4250 1238 4346 Opis,
1259 4251 1343 4326 totis
1360 4249 1498 4325 viribus
1524 4257 1627 4325 tenso

454 4393 545 4447 arcu
577 4373 754 4467 percussit
784 4373 912 4470 sagitta
945 4372 1137 4465 aruntem,
1162 4370 1226 4463 qui
1255 4369 1428 4444 continuo
1458 4376 1630 4444 mortuus

518 4580 543 4639 (¹)
560 4581 590 4629 a
607 4580 736 4639 iuvidiam,
754 4580 947 4642 potentiamque
962 4579 1018 4642 ejus
1034 4583 1061 4628 et
1077 4576 1233 4640 superbiam,
1249 4575 1350 4626 detulit.

516 4654 543 4716 (¹)
560 4657 590 4705 1²„
607 4655 675 4718 pelle
691 4656 770 4718 tigria.
953 4656 979 4716 (⁸)
995 4654 1022 4705 S.
1035 4653 1177 4713 emittebat,
1194 4656 1233 4704 tet
1248 4656 1347 4703 murtea
1361 4650 1477 4703 boatlbua
1493 4649 1627 4700 {nimbat-

517 4731 543 4789 (⁸l
559 4729 585 4780 S.
602 4730 691 4779 Aruns
707 4730 786 4780 mmia
802 4729 906 4780 lbrtlre.
953 4729 980 4789 (¹)
996 4728 1051 4779 §.a
1067 4729 1097 4778 lt
1113 4730 1222 4778 incaute.

517 4805 542 4866 (⁴)
559 4805 585 4855 S.
603 4805 682 4864 basta,
700 4810 773 4868 capta
789 4806 989 4869 opportunitate.
1000 4831 1028 4841 —
1038 4805 1068 4855 lt
1085 4805 1182 4865 lancea,
1199 4810 1274 4868 capta
1289 4803 1488 4867 opportunitate.

519 4880 545 4941 (⁷)
560 4880 587 4931 S.
605 4880 725 4930 lllat0.·-
736 4881 766 4929 tt
782 4881 837 4932 riae
852 4881 968 4933 vulnere.
