<?xml version="1.0" encoding="UTF-8"?>
<!DOCTYPE html PUBLIC "-//W3C//DTD XHTML 1.0 Transitional//EN"
    "http://www.w3.org/TR/xhtml1/DTD/xhtml1-transitional.dtd">
<html xmlns="http://www.w3.org/1999/xhtml" xml:lang="en" lang="en">
 <head>
  <title>
</title>
<meta http-equiv="Content-Type" content="text/html;charset=utf-8" />
  <meta name='ocr-system' content='tesseract 3.04.00' />
  <meta name='ocr-capabilities' content='ocr_page ocr_carea ocr_par ocr_line ocrx_word'/>
</head>
<body>
  <div class='ocr_page' id='page_1' title='image "./comentumsuperda00benvgoog_0111.png"; bbox 0 0 4154 6546; ppageno 0'>
   <div class='ocr_carea' id='block_1_1' title="bbox 578 776 1352 847">
    <p class='ocr_par' dir='ltr' id='par_1_1' title="bbox 578 776 1352 847">
     <span class='ocr_line' id='line_1_1' title="bbox 578 776 1352 847; baseline -0.005 -3"><span class='ocrx_word' id='word_1_1' title='bbox 578 776 626 847; x_wconf 78' lang='lat'><strong>58</strong></span> <span class='ocrx_word' id='word_1_2' title='bbox 973 789 1176 845; x_wconf 78' lang='lat' dir='ltr'><strong>coununun</strong></span> <span class='ocrx_word' id='word_1_3' title='bbox 1201 789 1352 843; x_wconf 82' lang='lat' dir='ltr'><strong>rnrnrnr</strong></span> 
     </span>
    </p>
   </div>
   <div class='ocr_carea' id='block_1_2' title="bbox 571 928 1750 1746">
    <p class='ocr_par' dir='ltr' id='par_1_2' title="bbox 571 928 1750 1746">
     <span class='ocr_line' id='line_1_2' title="bbox 574 928 1750 1028; baseline -0.001 -16"><span class='ocrx_word' id='word_1_4' title='bbox 574 935 832 1013; x_wconf 75' lang='lat' dir='ltr'><strong>exterminabit</strong></span> <span class='ocrx_word' id='word_1_5' title='bbox 856 954 938 1009; x_wconf 89' lang='lat' dir='ltr'><strong>eam</strong></span> <span class='ocrx_word' id='word_1_6' title='bbox 964 954 1049 1009; x_wconf 90' lang='lat' dir='ltr'><strong>cum</strong></span> <span class='ocrx_word' id='word_1_7' title='bbox 1075 934 1213 1027; x_wconf 90' lang='lat' dir='ltr'><strong>dolore,</strong></span> <span class='ocrx_word' id='word_1_8' title='bbox 1239 934 1326 1027; x_wconf 88' lang='lat' dir='ltr'><strong>quia</strong></span> <span class='ocrx_word' id='word_1_9' title='bbox 1350 932 1486 1007; x_wconf 89' lang='lat' dir='ltr'><strong>scilicet</strong></span> <span class='ocrx_word' id='word_1_10' title='bbox 1510 933 1639 1028; x_wconf 90' lang='lat' dir='ltr'><strong>perdet</strong></span> <span class='ocrx_word' id='word_1_11' title='bbox 1653 928 1691 1027; x_wconf 81' lang='lat'><strong>(¹)</strong></span> <span class='ocrx_word' id='word_1_12' title='bbox 1709 943 1750 1011; x_wconf 86' lang='lat' dir='ltr'><strong>et</strong></span> 
     </span>
     <span class='ocr_line' id='line_1_3' title="bbox 572 1053 1740 1149; baseline -0.002 -17"><span class='ocrx_word' id='word_1_13' title='bbox 572 1056 737 1132; x_wconf 74' lang='lat' dir='ltr'><strong>desuum</strong></span> <span class='ocrx_word' id='word_1_14' title='bbox 762 1055 857 1149; x_wconf 91' lang='lat' dir='ltr'><strong>ipsos</strong></span> <span class='ocrx_word' id='word_1_15' title='bbox 885 1060 1072 1149; x_wconf 83' lang='lat' dir='ltr'><strong>pastores3</strong></span> <span class='ocrx_word' id='word_1_16' title='bbox 1104 1061 1141 1130; x_wconf 87' lang='lat' dir='ltr'><strong>et</strong></span> <span class='ocrx_word' id='word_1_17' title='bbox 1175 1061 1262 1128; x_wconf 87' lang='lat' dir='ltr'><strong>tunc</strong></span> <span class='ocrx_word' id='word_1_18' title='bbox 1291 1053 1342 1129; x_wconf 89' lang='lat' dir='ltr'><strong>sic</strong></span> <span class='ocrx_word' id='word_1_19' title='bbox 1370 1070 1553 1149; x_wconf 75' lang='lat' dir='ltr'><strong>exponam</strong></span> <span class='ocrx_word' id='word_1_20' title='bbox 1583 1055 1740 1130; x_wconf 86' lang='lat' dir='ltr'><strong>literam</strong></span> 
     </span>
     <span class='ocr_line' id='line_1_4' title="bbox 572 1167 1742 1267; baseline -0.001 -18"><span class='ocrx_word' id='word_1_21' title='bbox 572 1175 688 1249; x_wconf 88' lang='lat' dir='ltr'><strong>llutor</strong></span> <span class='ocrx_word' id='word_1_22' title='bbox 707 1173 879 1248; x_wconf 81' lang='lat' dir='ltr'>describit</span> <span class='ocrx_word' id='word_1_23' title='bbox 891 1174 1054 1261; x_wconf 68' lang='lat' dir='ltr'><strong>‚veltrum</strong></span> <span class='ocrx_word' id='word_1_24' title='bbox 1072 1172 1255 1267; x_wconf 85' lang='lat' dir='ltr'><strong>avirtute,</strong></span> <span class='ocrx_word' id='word_1_25' title='bbox 1272 1180 1311 1248; x_wconf 92' lang='lat' dir='ltr'><strong>et</strong></span> <span class='ocrx_word' id='word_1_26' title='bbox 1326 1172 1429 1248; x_wconf 89' lang='lat' dir='ltr'><strong>dicit:</strong></span> <span class='ocrx_word' id='word_1_27' title='bbox 1444 1181 1541 1247; x_wconf 80' lang='lat' dir='ltr'><strong>terro</strong></span> <span class='ocrx_word' id='word_1_28' title='bbox 1558 1167 1604 1247; x_wconf 80' lang='lat' dir='ltr'><strong>nd</strong></span> <span class='ocrx_word' id='word_1_29' title='bbox 1613 1177 1742 1266; x_wconf 77' lang='lat' dir='ltr'><strong>pedro,</strong></span> 
     </span>
     <span class='ocr_line' id='line_1_5' title="bbox 572 1283 1747 1387; baseline 0.003 -21"><span class='ocrx_word' id='word_1_30' title='bbox 572 1293 663 1368; x_wconf 82' lang='lat' dir='ltr'><strong>idest</strong></span> <span class='ocrx_word' id='word_1_31' title='bbox 688 1313 748 1367; x_wconf 91' lang='lat' dir='ltr'><strong>res</strong></span> <span class='ocrx_word' id='word_1_32' title='bbox 768 1299 926 1386; x_wconf 88' lang='lat' dir='ltr'><strong>terrena,</strong></span> <span class='ocrx_word' id='word_1_33' title='bbox 945 1294 1004 1367; x_wconf 87' lang='lat' dir='ltr'><strong>vel</strong></span> <span class='ocrx_word' id='word_1_34' title='bbox 1020 1293 1187 1387; x_wconf 86' lang='lat' dir='ltr'><strong>pecunia,</strong></span> <span class='ocrx_word' id='word_1_35' title='bbox 1204 1314 1278 1365; x_wconf 81' lang='lat' dir='ltr'><strong>nea</strong></span> <span class='ocrx_word' id='word_1_36' title='bbox 1293 1283 1410 1365; x_wconf 80' lang='lat' dir='ltr'><strong>cidrrd</strong></span> <span class='ocrx_word' id='word_1_37' title='bbox 1426 1297 1546 1384; x_wconf 80' lang='lat' dir='ltr'><strong>questi,</strong></span> <span class='ocrx_word' id='word_1_38' title='bbox 1563 1293 1656 1368; x_wconf 88' lang='lat' dir='ltr'><strong>idest</strong></span> <span class='ocrx_word' id='word_1_39' title='bbox 1671 1315 1747 1370; x_wconf 91' lang='lat' dir='ltr'><strong>non</strong></span> 
     </span>
     <span class='ocr_line' id='line_1_6' title="bbox 571 1412 1745 1507; baseline 0.002 -20"><span class='ocrx_word' id='word_1_40' title='bbox 571 1420 696 1507; x_wconf 85' lang='lat' dir='ltr'><strong>pascet</strong></span> <span class='ocrx_word' id='word_1_41' title='bbox 724 1413 835 1486; x_wconf 91' lang='lat' dir='ltr'><strong>istum</strong></span> <span class='ocrx_word' id='word_1_42' title='bbox 864 1412 1074 1507; x_wconf 90' lang='lat' dir='ltr'><strong>principem.</strong></span> <span class='ocrx_word' id='word_1_43' title='bbox 1105 1414 1150 1487; x_wconf 82' lang='lat' dir='ltr'><strong>lit</strong></span> <span class='ocrx_word' id='word_1_44' title='bbox 1182 1413 1278 1487; x_wconf 92' lang='lat' dir='ltr'><strong>bene</strong></span> <span class='ocrx_word' id='word_1_45' title='bbox 1306 1412 1392 1488; x_wconf 91' lang='lat' dir='ltr'><strong>dicit</strong></span> <span class='ocrx_word' id='word_1_46' title='bbox 1411 1417 1541 1505; x_wconf 79' lang='lat' dir='ltr'><strong>pettro,</strong></span> <span class='ocrx_word' id='word_1_47' title='bbox 1565 1420 1621 1488; x_wconf 92' lang='lat' dir='ltr'><strong>est</strong></span> <span class='ocrx_word' id='word_1_48' title='bbox 1645 1414 1745 1489; x_wconf 91' lang='lat' dir='ltr'><strong>enim</strong></span> 
     </span>
     <span class='ocr_line' id='line_1_7' title="bbox 571 1525 1745 1628; baseline 0 -20"><span class='ocrx_word' id='word_1_49' title='bbox 571 1536 732 1628; x_wconf 91' lang='lat' dir='ltr'><strong>peltrum</strong></span> <span class='ocrx_word' id='word_1_50' title='bbox 757 1533 895 1607; x_wconf 85' lang='lat' dir='ltr'><strong>lactum</strong></span> <span class='ocrx_word' id='word_1_51' title='bbox 916 1553 962 1606; x_wconf 94' lang='lat' dir='ltr'><strong>ex</strong></span> <span class='ocrx_word' id='word_1_52' title='bbox 983 1539 1113 1628; x_wconf 86' lang='lat' dir='ltr'><strong>stagno</strong></span> <span class='ocrx_word' id='word_1_53' title='bbox 1128 1525 1164 1624; x_wconf 83' lang='lat'><strong>(²)</strong></span> <span class='ocrx_word' id='word_1_54' title='bbox 1183 1539 1220 1607; x_wconf 85' lang='lat' dir='ltr'><strong>et</strong></span> <span class='ocrx_word' id='word_1_55' title='bbox 1245 1553 1366 1626; x_wconf 88' lang='lat' dir='ltr'><strong>ramo;</strong></span> <span class='ocrx_word' id='word_1_56' title='bbox 1393 1534 1492 1627; x_wconf 91' lang='lat' dir='ltr'><strong>quod</strong></span> <span class='ocrx_word' id='word_1_57' title='bbox 1517 1541 1573 1608; x_wconf 82' lang='lat' dir='ltr'><strong>est</strong></span> <span class='ocrx_word' id='word_1_58' title='bbox 1597 1533 1745 1610; x_wconf 75' lang='lat' dir='ltr'><strong>diceret</strong></span> 
     </span>
     <span class='ocr_line' id='line_1_8' title="bbox 572 1644 1748 1746; baseline 0 -18"><span class='ocrx_word' id='word_1_59' title='bbox 572 1655 639 1728; x_wconf 91' lang='lat' dir='ltr'><strong>iste</strong></span> <span class='ocrx_word' id='word_1_60' title='bbox 655 1644 695 1745; x_wconf 76' lang='lat'><strong>(³)</strong></span> <span class='ocrx_word' id='word_1_61' title='bbox 711 1649 877 1746; x_wconf 84' lang='lat' dir='ltr'><strong>princeps</strong></span> <span class='ocrx_word' id='word_1_62' title='bbox 894 1651 1042 1726; x_wconf 86' lang='lat' dir='ltr'><strong>lutums</strong></span> <span class='ocrx_word' id='word_1_63' title='bbox 1063 1672 1137 1726; x_wconf 91' lang='lat' dir='ltr'><strong>non</strong></span> <span class='ocrx_word' id='word_1_64' title='bbox 1156 1652 1263 1726; x_wconf 83' lang='lat' dir='ltr'><strong>saciet</strong></span> <span class='ocrx_word' id='word_1_65' title='bbox 1281 1659 1469 1727; x_wconf 81' lang='lat' dir='ltr'><strong>monetam</strong></span> <span class='ocrx_word' id='word_1_66' title='bbox 1489 1651 1630 1746; x_wconf 81' lang='lat' dir='ltr'><strong>salsam,</strong></span> <span class='ocrx_word' id='word_1_67' title='bbox 1651 1653 1748 1729; x_wconf 88' lang='lat' dir='ltr'><strong>sicut</strong></span> 
     </span>
    </p>
   </div>
   <div class='ocr_carea' id='block_1_3' title="bbox 571 1761 1883 1868">
    <p class='ocr_par' dir='ltr' id='par_1_3' title="bbox 571 1761 1883 1868">
     <span class='ocr_line' id='line_1_9' title="bbox 571 1761 1883 1868; baseline 0.002 -21"><span class='ocrx_word' id='word_1_68' title='bbox 571 1774 683 1868; x_wconf 85' lang='lat' dir='ltr'>aliqui</span> <span class='ocrx_word' id='word_1_69' title='bbox 703 1761 739 1865; x_wconf 81' lang='lat'><strong>(⁴)</strong></span> <span class='ocrx_word' id='word_1_70' title='bbox 768 1772 933 1846; x_wconf 91' lang='lat' dir='ltr'><strong>moderni</strong></span> <span class='ocrx_word' id='word_1_71' title='bbox 966 1771 1157 1866; x_wconf 79' lang='lat' dir='ltr'><strong>principes,</strong></span> <span class='ocrx_word' id='word_1_72' title='bbox 1183 1772 1278 1846; x_wconf 92' lang='lat' dir='ltr'><strong>sicut</strong></span> <span class='ocrx_word' id='word_1_73' title='bbox 1305 1772 1383 1865; x_wconf 92' lang='lat' dir='ltr'><strong>ipse</strong></span> <span class='ocrx_word' id='word_1_74' title='bbox 1412 1779 1522 1846; x_wconf 90' lang='lat' dir='ltr'><strong>autor</strong></span> <span class='ocrx_word' id='word_1_75' title='bbox 1550 1773 1675 1847; x_wconf 90' lang='lat' dir='ltr'><strong>scribit</strong></span> <span class='ocrx_word' id='word_1_76' title='bbox 1698 1773 1748 1849; x_wconf 83' lang='lat' dir='ltr'><strong>de</strong></span> <span class='ocrx_word' id='word_1_77' title='bbox 1879 1851 1883 1859; x_wconf 76' lang='grc'><em>,</em></span> 
     </span>
    </p>
   </div>
   <div class='ocr_carea' id='block_1_4' title="bbox 563 1889 1747 4133">
    <p class='ocr_par' dir='ltr' id='par_1_4' title="bbox 563 1889 1747 4133">
     <span class='ocr_line' id='line_1_10' title="bbox 571 1889 1747 1987; baseline -0.001 -20"><span class='ocrx_word' id='word_1_78' title='bbox 571 1893 733 1987; x_wconf 88' lang='lat' dir='ltr'><strong>Philippo</strong></span> <span class='ocrx_word' id='word_1_79' title='bbox 761 1910 851 1987; x_wconf 81' lang='lat' dir='ltr'><strong>rege</strong></span> <span class='ocrx_word' id='word_1_80' title='bbox 878 1891 1040 1965; x_wconf 76' lang='lat' dir='ltr'><strong>Francia</strong></span> <span class='ocrx_word' id='word_1_81' title='bbox 1065 1889 1226 1963; x_wconf 89' lang='lat' dir='ltr'><strong>Paradisi</strong></span> <span class='ocrx_word' id='word_1_82' title='bbox 1251 1890 1410 1984; x_wconf 87' lang='lat' dir='ltr'><strong>capitulo</strong></span> <span class='ocrx_word' id='word_1_83' title='bbox 1437 1892 1578 1985; x_wconf 83' lang='lat' dir='ltr'><strong>XVlll13</strong></span> <span class='ocrx_word' id='word_1_84' title='bbox 1609 1899 1647 1965; x_wconf 91' lang='lat' dir='ltr'><strong>et</strong></span> <span class='ocrx_word' id='word_1_85' title='bbox 1676 1892 1747 1966; x_wconf 84' lang='lat' dir='ltr'><strong>iste</strong></span> 
     </span>
     <span class='ocr_line' id='line_1_11' title="bbox 571 2009 1745 2107; baseline -0.002 -21"><span class='ocrx_word' id='word_1_86' title='bbox 571 2012 737 2107; x_wconf 88' lang='lat' dir='ltr'><strong>princeps</strong></span> <span class='ocrx_word' id='word_1_87' title='bbox 753 2030 826 2083; x_wconf 93' lang='lat' dir='ltr'><strong>non</strong></span> <span class='ocrx_word' id='word_1_88' title='bbox 843 2009 991 2083; x_wconf 88' lang='lat' dir='ltr'><strong>violabit</strong></span> <span class='ocrx_word' id='word_1_89' title='bbox 1002 2009 1180 2104; x_wconf 88' lang='lat' dir='ltr'><strong>justitiam</strong></span> <span class='ocrx_word' id='word_1_90' title='bbox 1198 2028 1303 2102; x_wconf 86' lang='lat' dir='ltr'><strong>auro,</strong></span> <span class='ocrx_word' id='word_1_91' title='bbox 1317 2016 1354 2084; x_wconf 89' lang='lat' dir='ltr'><strong>et</strong></span> <span class='ocrx_word' id='word_1_92' title='bbox 1371 2030 1445 2084; x_wconf 90' lang='lat' dir='ltr'><strong>non</strong></span> <span class='ocrx_word' id='word_1_93' title='bbox 1463 2011 1597 2084; x_wconf 89' lang='lat' dir='ltr'><strong>vendet</strong></span> <span class='ocrx_word' id='word_1_94' title='bbox 1614 2030 1745 2084; x_wconf 78' lang='lat' dir='ltr'><strong>causes</strong></span> 
     </span>
     <span class='ocr_line' id='line_1_12' title="bbox 570 2128 1743 2227; baseline -0.003 -21"><span class='ocrx_word' id='word_1_95' title='bbox 570 2151 787 2227; x_wconf 88' lang='lat' dir='ltr'><strong>pauperum,</strong></span> <span class='ocrx_word' id='word_1_96' title='bbox 811 2129 869 2201; x_wconf 84' lang='lat' dir='ltr'><strong>vel</strong></span> <span class='ocrx_word' id='word_1_97' title='bbox 895 2128 1081 2202; x_wconf 74' lang='lat' dir='ltr'><strong>libertates</strong></span> <span class='ocrx_word' id='word_1_98' title='bbox 1097 2128 1331 2222; x_wconf 89' lang='lat' dir='ltr'><strong>populorum,</strong></span> <span class='ocrx_word' id='word_1_99' title='bbox 1349 2128 1443 2202; x_wconf 91' lang='lat' dir='ltr'><strong>sicut</strong></span> <span class='ocrx_word' id='word_1_100' title='bbox 1461 2130 1625 2203; x_wconf 90' lang='lat' dir='ltr'><strong>moderni</strong></span> <span class='ocrx_word' id='word_1_101' title='bbox 1643 2129 1743 2223; x_wconf 79' lang='lat' dir='ltr'><strong>prin-</strong></span> 
     </span>
     <span class='ocr_line' id='line_1_13' title="bbox 570 2247 1739 2346; baseline -0.003 -20"><span class='ocrx_word' id='word_1_102' title='bbox 570 2252 667 2346; x_wconf 80' lang='lat' dir='ltr'><strong>cipes</strong></span> <span class='ocrx_word' id='word_1_103' title='bbox 692 2256 730 2324; x_wconf 90' lang='lat' dir='ltr'><strong>et</strong></span> <span class='ocrx_word' id='word_1_104' title='bbox 753 2247 952 2343; x_wconf 85' lang='lat' dir='ltr'><strong>pontifices,</strong></span> <span class='ocrx_word' id='word_1_105' title='bbox 977 2247 1092 2321; x_wconf 91' lang='lat' dir='ltr'><strong>immo</strong></span> <span class='ocrx_word' id='word_1_106' title='bbox 1116 2248 1342 2321; x_wconf 86' lang='lat' dir='ltr'><strong>contrarium</strong></span> <span class='ocrx_word' id='word_1_107' title='bbox 1369 2249 1486 2323; x_wconf 83' lang='lat' dir='ltr'><strong>saciet.</strong></span> <span class='ocrx_word' id='word_1_108' title='bbox 1516 2249 1618 2324; x_wconf 88' lang='lat' dir='ltr'><strong>Unde</strong></span> <span class='ocrx_word' id='word_1_109' title='bbox 1642 2249 1739 2344; x_wconf 89' lang='lat' dir='ltr'><strong>dicit,</strong></span> 
     </span>
     <span class='ocr_line' id='line_1_14' title="bbox 569 2368 1739 2462; baseline -0.001 -19"><span class='ocrx_word' id='word_1_110' title='bbox 569 2392 629 2443; x_wconf 85' lang='lat' dir='ltr'><strong>mo</strong></span> <span class='ocrx_word' id='word_1_111' title='bbox 652 2371 837 2461; x_wconf 76' lang='lat' dir='ltr'><strong>sopiendo,</strong></span> <span class='ocrx_word' id='word_1_112' title='bbox 855 2389 1025 2457; x_wconf 62' lang='lat' dir='ltr'><strong>amoreis</strong></span> <span class='ocrx_word' id='word_1_113' title='bbox 1048 2369 1195 2460; x_wconf 48' lang='lat' dir='ltr'><strong>obtutu</strong></span> <span class='ocrx_word' id='word_1_114' title='bbox 1220 2368 1358 2461; x_wconf 88' lang='lat' dir='ltr'><strong>supple,</strong></span> <span class='ocrx_word' id='word_1_115' title='bbox 1377 2376 1500 2462; x_wconf 88' lang='lat' dir='ltr'><strong>pascet</strong></span> <span class='ocrx_word' id='word_1_116' title='bbox 1516 2388 1616 2462; x_wconf 87' lang='lat' dir='ltr'><strong>eum,</strong></span> <span class='ocrx_word' id='word_1_117' title='bbox 1635 2368 1739 2462; x_wconf 88' lang='lat' dir='ltr'><strong>quasi</strong></span> 
     </span>
     <span class='ocr_line' id='line_1_15' title="bbox 567 2473 1740 2582; baseline -0.002 -18"><span class='ocrx_word' id='word_1_118' title='bbox 567 2473 681 2564; x_wconf 89' lang='lat' dir='ltr'><strong>dieat:</strong></span> <span class='ocrx_word' id='word_1_119' title='bbox 707 2488 772 2562; x_wconf 89' lang='lat' dir='ltr'><strong>sed</strong></span> <span class='ocrx_word' id='word_1_120' title='bbox 795 2488 917 2582; x_wconf 92' lang='lat' dir='ltr'><strong>potius</strong></span> <span class='ocrx_word' id='word_1_121' title='bbox 942 2487 1022 2559; x_wconf 89' lang='lat' dir='ltr'><strong>talis</strong></span> <span class='ocrx_word' id='word_1_122' title='bbox 1046 2486 1117 2560; x_wconf 88' lang='lat' dir='ltr'><strong>erit</strong></span> <span class='ocrx_word' id='word_1_123' title='bbox 1142 2487 1295 2580; x_wconf 85' lang='lat' dir='ltr'><strong>sapiens,</strong></span> <span class='ocrx_word' id='word_1_124' title='bbox 1314 2487 1511 2581; x_wconf 84' lang='lat' dir='ltr'><strong>virtuosus,</strong></span> <span class='ocrx_word' id='word_1_125' title='bbox 1534 2495 1571 2562; x_wconf 88' lang='lat' dir='ltr'><strong>et</strong></span> <span class='ocrx_word' id='word_1_126' title='bbox 1595 2495 1740 2562; x_wconf 89' lang='lat' dir='ltr'><strong>amator</strong></span> 
     </span>
     <span class='ocr_line' id='line_1_16' title="bbox 563 2606 1743 2703; baseline -0.001 -21"><span class='ocrx_word' id='word_1_127' title='bbox 563 2608 719 2703; x_wconf 83' lang='lat' dir='ltr'><strong>justiciae</strong></span> <span class='ocrx_word' id='word_1_128' title='bbox 751 2613 789 2680; x_wconf 90' lang='lat' dir='ltr'><strong>et</strong></span> <span class='ocrx_word' id='word_1_129' title='bbox 822 2606 1008 2698; x_wconf 83' lang='lat' dir='ltr'><strong>libertatis,</strong></span> <span class='ocrx_word' id='word_1_130' title='bbox 1034 2606 1241 2679; x_wconf 90' lang='lat' dir='ltr'><strong>contrarius</strong></span> <span class='ocrx_word' id='word_1_131' title='bbox 1266 2607 1460 2681; x_wconf 86' lang='lat' dir='ltr'><strong>modernis.</strong></span> <span class='ocrx_word' id='word_1_132' title='bbox 1495 2610 1541 2682; x_wconf 82' lang='lat' dir='ltr'><strong>Et</strong></span> <span class='ocrx_word' id='word_1_133' title='bbox 1571 2608 1743 2682; x_wconf 84' lang='lat' dir='ltr'><strong>describit</strong></span> 
     </span>
     <span class='ocr_line' id='line_1_17' title="bbox 570 2715 1743 2821; baseline 0.002 -21"><span class='ocrx_word' id='word_1_134' title='bbox 570 2728 688 2821; x_wconf 92' lang='lat' dir='ltr'><strong>ipsum</strong></span> <span class='ocrx_word' id='word_1_135' title='bbox 707 2746 773 2820; x_wconf 90' lang='lat' dir='ltr'><strong>per</strong></span> <span class='ocrx_word' id='word_1_136' title='bbox 790 2724 970 2819; x_wconf 84' lang='lat' dir='ltr'><strong>originem</strong></span> <span class='ocrx_word' id='word_1_137' title='bbox 996 2744 1102 2797; x_wconf 89' lang='lat' dir='ltr'><strong>suam</strong></span> <span class='ocrx_word' id='word_1_138' title='bbox 1116 2715 1166 2817; x_wconf 57' lang='grc' dir='ltr'>(Β),</span> <span class='ocrx_word' id='word_1_139' title='bbox 1183 2724 1327 2799; x_wconf 90' lang='lat' dir='ltr'><strong>dicens:</strong></span> <span class='ocrx_word' id='word_1_140' title='bbox 1350 2747 1457 2799; x_wconf 81' lang='lat' dir='ltr'><strong>esua</strong></span> <span class='ocrx_word' id='word_1_141' title='bbox 1480 2730 1625 2817; x_wconf 73' lang='lat' dir='ltr'><strong>naaion,</strong></span> <span class='ocrx_word' id='word_1_142' title='bbox 1651 2727 1743 2802; x_wconf 90' lang='lat' dir='ltr'><strong>idest</strong></span> 
     </span>
     <span class='ocr_line' id='line_1_18' title="bbox 570 2832 1744 2933; baseline 0.002 -15"><span class='ocrx_word' id='word_1_143' title='bbox 570 2845 737 2918; x_wconf 85' lang='lat' dir='ltr'><strong>nativitas</strong></span> <span class='ocrx_word' id='word_1_144' title='bbox 754 2832 843 2915; x_wconf 84' lang='lat' dir='ltr'><strong>sord</strong></span> <span class='ocrx_word' id='word_1_145' title='bbox 859 2848 918 2914; x_wconf 88' lang='lat' dir='ltr'><strong>tra</strong></span> <span class='ocrx_word' id='word_1_146' title='bbox 934 2845 1050 2914; x_wconf 81' lang='lat' dir='ltr'><strong>Feltro</strong></span> <span class='ocrx_word' id='word_1_147' title='bbox 1066 2863 1085 2913; x_wconf 87' lang='lat' dir='ltr'><strong>e</strong></span> <span class='ocrx_word' id='word_1_148' title='bbox 1101 2845 1230 2933; x_wconf 84' lang='lat' dir='ltr'><strong>Feltro,</strong></span> <span class='ocrx_word' id='word_1_149' title='bbox 1243 2844 1334 2918; x_wconf 92' lang='lat' dir='ltr'><strong>idest</strong></span> <span class='ocrx_word' id='word_1_150' title='bbox 1351 2843 1445 2919; x_wconf 90' lang='lat' dir='ltr'><strong>inter</strong></span> <span class='ocrx_word' id='word_1_151' title='bbox 1457 2848 1594 2919; x_wconf 89' lang='lat' dir='ltr'><strong>ooelum</strong></span> <span class='ocrx_word' id='word_1_152' title='bbox 1611 2854 1648 2920; x_wconf 91' lang='lat' dir='ltr'><strong>et</strong></span> <span class='ocrx_word' id='word_1_153' title='bbox 1664 2866 1744 2920; x_wconf 87' lang='lat' dir='ltr'><strong>coe-</strong></span> 
     </span>
     <span class='ocr_line' id='line_1_19' title="bbox 572 2961 1740 3056; baseline 0.002 -19"><span class='ocrx_word' id='word_1_154' title='bbox 572 2965 661 3037; x_wconf 92' lang='lat' dir='ltr'><strong>lnm.</strong></span> <span class='ocrx_word' id='word_1_155' title='bbox 675 2963 720 3035; x_wconf 87' lang='lat' dir='ltr'><strong>Et</strong></span> <span class='ocrx_word' id='word_1_156' title='bbox 732 2969 786 3036; x_wconf 90' lang='lat' dir='ltr'><strong>est</strong></span> <span class='ocrx_word' id='word_1_157' title='bbox 803 2962 929 3056; x_wconf 89' lang='lat' dir='ltr'><strong>pulcra</strong></span> <span class='ocrx_word' id='word_1_158' title='bbox 943 2967 980 3035; x_wconf 93' lang='lat' dir='ltr'><strong>et</strong></span> <span class='ocrx_word' id='word_1_159' title='bbox 993 2961 1133 3034; x_wconf 92' lang='lat' dir='ltr'><strong>subtilis</strong></span> <span class='ocrx_word' id='word_1_160' title='bbox 1150 2961 1366 3056; x_wconf 82' lang='lat' dir='ltr'><strong>similitud03</strong></span> <span class='ocrx_word' id='word_1_161' title='bbox 1380 2964 1474 3038; x_wconf 91' lang='lat' dir='ltr'><strong>sicut</strong></span> <span class='ocrx_word' id='word_1_162' title='bbox 1491 2965 1588 3038; x_wconf 93' lang='lat' dir='ltr'><strong>enim</strong></span> <span class='ocrx_word' id='word_1_163' title='bbox 1601 2964 1740 3039; x_wconf 86' lang='lat' dir='ltr'><strong>filtmm</strong></span> 
     </span>
     <span class='ocr_line' id='line_1_20' title="bbox 570 3071 1743 3181; baseline 0.003 -25"><span class='ocrx_word' id='word_1_164' title='bbox 570 3089 673 3156; x_wconf 88' lang='lat' dir='ltr'><strong>caret</strong></span> <span class='ocrx_word' id='word_1_165' title='bbox 695 3082 796 3155; x_wconf 92' lang='lat' dir='ltr'><strong>omni</strong></span> <span class='ocrx_word' id='word_1_166' title='bbox 822 3088 969 3156; x_wconf 86' lang='lat' dir='ltr'><strong>textura</strong></span> <span class='ocrx_word' id='word_1_167' title='bbox 990 3071 1039 3175; x_wconf 78' lang='lat'><strong>(⁶),</strong></span> <span class='ocrx_word' id='word_1_168' title='bbox 1065 3081 1114 3154; x_wconf 90' lang='lat' dir='ltr'><strong>ita</strong></span> <span class='ocrx_word' id='word_1_169' title='bbox 1140 3082 1277 3154; x_wconf 86' lang='lat' dir='ltr'><strong>coelum</strong></span> <span class='ocrx_word' id='word_1_170' title='bbox 1303 3090 1405 3157; x_wconf 90' lang='lat' dir='ltr'><strong>caret</strong></span> <span class='ocrx_word' id='word_1_171' title='bbox 1434 3084 1533 3157; x_wconf 90' lang='lat' dir='ltr'><strong>omni</strong></span> <span class='ocrx_word' id='word_1_172' title='bbox 1565 3085 1743 3181; x_wconf 88' lang='lat' dir='ltr'><strong>mixtura,</strong></span> 
     </span>
     <span class='ocr_line' id='line_1_21' title="bbox 567 3201 1736 3298; baseline 0.002 -21"><span class='ocrx_word' id='word_1_173' title='bbox 567 3223 654 3277; x_wconf 93' lang='lat' dir='ltr'><strong>cum</strong></span> <span class='ocrx_word' id='word_1_174' title='bbox 680 3202 724 3275; x_wconf 91' lang='lat' dir='ltr'><strong>sit</strong></span> <span class='ocrx_word' id='word_1_175' title='bbox 749 3222 883 3295; x_wconf 92' lang='lat' dir='ltr'><strong>corpus</strong></span> <span class='ocrx_word' id='word_1_176' title='bbox 909 3201 1073 3295; x_wconf 82' lang='lat' dir='ltr'><strong>simplex,</strong></span> <span class='ocrx_word' id='word_1_177' title='bbox 1099 3219 1173 3273; x_wconf 91' lang='lat' dir='ltr'><strong>non</strong></span> <span class='ocrx_word' id='word_1_178' title='bbox 1200 3201 1378 3294; x_wconf 82' lang='lat' dir='ltr'><strong>mixtum3</strong></span> <span class='ocrx_word' id='word_1_179' title='bbox 1396 3203 1501 3295; x_wconf 90' lang='lat' dir='ltr'><strong>quasi</strong></span> <span class='ocrx_word' id='word_1_180' title='bbox 1526 3203 1621 3278; x_wconf 87' lang='lat' dir='ltr'><strong>dicat</strong></span> <span class='ocrx_word' id='word_1_181' title='bbox 1637 3204 1736 3298; x_wconf 88' lang='lat' dir='ltr'><strong>quod</strong></span> 
     </span>
     <span class='ocr_line' id='line_1_22' title="bbox 566 3320 1742 3416; baseline 0.003 -20"><span class='ocrx_word' id='word_1_182' title='bbox 566 3343 589 3396; x_wconf 90' lang='lat' dir='ltr'><strong>a</strong></span> <span class='ocrx_word' id='word_1_183' title='bbox 606 3323 701 3396; x_wconf 90' lang='lat' dir='ltr'><strong>bona</strong></span> <span class='ocrx_word' id='word_1_184' title='bbox 719 3321 992 3395; x_wconf 88' lang='lat' dir='ltr'><strong>constellatione</strong></span> <span class='ocrx_word' id='word_1_185' title='bbox 1009 3320 1092 3394; x_wconf 85' lang='lat' dir='ltr'><strong>coeli</strong></span> <span class='ocrx_word' id='word_1_186' title='bbox 1109 3327 1147 3394; x_wconf 91' lang='lat' dir='ltr'><strong>et</strong></span> <span class='ocrx_word' id='word_1_187' title='bbox 1162 3320 1260 3394; x_wconf 91' lang='lat' dir='ltr'><strong>bona</strong></span> <span class='ocrx_word' id='word_1_188' title='bbox 1276 3322 1534 3416; x_wconf 77' lang='lat' dir='ltr'><strong>coniunctione</strong></span> <span class='ocrx_word' id='word_1_189' title='bbox 1551 3324 1742 3399; x_wconf 89' lang='lat' dir='ltr'><strong>stellarum</strong></span> 
     </span>
     <span class='ocr_line' id='line_1_23' title="bbox 567 3438 1743 3538; baseline 0.002 -23"><span class='ocrx_word' id='word_1_190' title='bbox 567 3447 738 3515; x_wconf 89' lang='lat' dir='ltr'><strong>nascetur</strong></span> <span class='ocrx_word' id='word_1_191' title='bbox 768 3440 836 3513; x_wconf 90' lang='lat' dir='ltr'><strong>iste</strong></span> <span class='ocrx_word' id='word_1_192' title='bbox 865 3439 1041 3533; x_wconf 89' lang='lat' dir='ltr'><strong>princeps.</strong></span> <span class='ocrx_word' id='word_1_193' title='bbox 1075 3438 1112 3511; x_wconf 88' lang='lat' dir='ltr'><strong>Si</strong></span> <span class='ocrx_word' id='word_1_194' title='bbox 1141 3438 1240 3512; x_wconf 91' lang='lat' dir='ltr'><strong>dicas</strong></span> <span class='ocrx_word' id='word_1_195' title='bbox 1269 3458 1314 3512; x_wconf 87' lang='lat' dir='ltr'><strong>ex</strong></span> <span class='ocrx_word' id='word_1_196' title='bbox 1347 3439 1482 3533; x_wconf 88' lang='lat' dir='ltr'><strong>quibus</strong></span> <span class='ocrx_word' id='word_1_197' title='bbox 1517 3444 1743 3538; x_wconf 82' lang='lat' dir='ltr'><strong>parentibus,</strong></span> 
     </span>
     <span class='ocr_line' id='line_1_24' title="bbox 567 3556 1742 3651; baseline 0.003 -18"><span class='ocrx_word' id='word_1_198' title='bbox 567 3561 626 3633; x_wconf 88' lang='lat' dir='ltr'><strong>vel</strong></span> <span class='ocrx_word' id='word_1_199' title='bbox 645 3559 692 3632; x_wconf 88' lang='lat' dir='ltr'><strong>de</strong></span> <span class='ocrx_word' id='word_1_200' title='bbox 716 3577 790 3650; x_wconf 88' lang='lat' dir='ltr'><strong>qua</strong></span> <span class='ocrx_word' id='word_1_201' title='bbox 815 3558 943 3649; x_wconf 88' lang='lat' dir='ltr'><strong>patria,</strong></span> <span class='ocrx_word' id='word_1_202' title='bbox 969 3562 1079 3630; x_wconf 91' lang='lat' dir='ltr'><strong>autor</strong></span> <span class='ocrx_word' id='word_1_203' title='bbox 1103 3575 1176 3629; x_wconf 90' lang='lat' dir='ltr'><strong>non</strong></span> <span class='ocrx_word' id='word_1_204' title='bbox 1202 3556 1385 3650; x_wconf 87' lang='lat' dir='ltr'><strong>specificat</strong></span> <span class='ocrx_word' id='word_1_205' title='bbox 1408 3559 1496 3651; x_wconf 89' lang='lat' dir='ltr'><strong>b0c;</strong></span> <span class='ocrx_word' id='word_1_206' title='bbox 1522 3580 1590 3634; x_wconf 89' lang='lat' dir='ltr'><strong>nec</strong></span> <span class='ocrx_word' id='word_1_207' title='bbox 1615 3568 1671 3634; x_wconf 90' lang='lat' dir='ltr'><strong>est</strong></span> <span class='ocrx_word' id='word_1_208' title='bbox 1693 3563 1742 3637; x_wconf 86' lang='lat' dir='ltr'><strong>de</strong></span> 
     </span>
     <span class='ocr_line' id='line_1_25' title="bbox 568 3676 1740 3773; baseline 0.003 -22"><span class='ocrx_word' id='word_1_209' title='bbox 568 3697 673 3751; x_wconf 92' lang='lat' dir='ltr'><strong>more</strong></span> <span class='ocrx_word' id='word_1_210' title='bbox 696 3677 965 3773; x_wconf 87' lang='lat' dir='ltr'><strong>astrologorum</strong></span> <span class='ocrx_word' id='word_1_211' title='bbox 997 3677 1046 3749; x_wconf 90' lang='lat' dir='ltr'><strong>ita</strong></span> <span class='ocrx_word' id='word_1_212' title='bbox 1080 3676 1348 3769; x_wconf 88' lang='lat' dir='ltr'><strong>particulariter</strong></span> <span class='ocrx_word' id='word_1_213' title='bbox 1378 3679 1588 3772; x_wconf 81' lang='lat' dir='ltr'><strong>exprimere</strong></span> <span class='ocrx_word' id='word_1_214' title='bbox 1613 3680 1740 3756; x_wconf 85' lang='lat' dir='ltr'><strong>lutura</strong></span> 
     </span>
     <span class='ocr_line' id='line_1_26' title="bbox 567 3795 1740 3893; baseline 0.003 -22"><span class='ocrx_word' id='word_1_215' title='bbox 567 3817 652 3871; x_wconf 93' lang='lat' dir='ltr'><strong>cum</strong></span> <span class='ocrx_word' id='word_1_216' title='bbox 670 3796 951 3872; x_wconf 89' lang='lat' dir='ltr'><strong>circumstantiis</strong></span> <span class='ocrx_word' id='word_1_217' title='bbox 967 3796 1053 3869; x_wconf 91' lang='lat' dir='ltr'><strong>suis.</strong></span> <span class='ocrx_word' id='word_1_218' title='bbox 1067 3796 1111 3868; x_wconf 84' lang='lat' dir='ltr'><strong>Et</strong></span> <span class='ocrx_word' id='word_1_219' title='bbox 1128 3795 1209 3869; x_wconf 93' lang='lat' dir='ltr'><strong>ideo</strong></span> <span class='ocrx_word' id='word_1_220' title='bbox 1226 3795 1315 3868; x_wconf 91' lang='lat' dir='ltr'><strong>mibi</strong></span> <span class='ocrx_word' id='word_1_221' title='bbox 1333 3817 1468 3870; x_wconf 88' lang='lat' dir='ltr'><strong>vanum</strong></span> <span class='ocrx_word' id='word_1_222' title='bbox 1484 3798 1628 3873; x_wconf 90' lang='lat' dir='ltr'><strong>videtur</strong></span> <span class='ocrx_word' id='word_1_223' title='bbox 1640 3801 1740 3893; x_wconf 88' lang='lat' dir='ltr'><strong>quod</strong></span> 
     </span>
     <span class='ocr_line' id='line_1_27' title="bbox 566 3916 1738 4014; baseline -0.001 -21"><span class='ocrx_word' id='word_1_224' title='bbox 566 3918 678 4012; x_wconf 89' lang='lat' dir='ltr'><strong>aliqui</strong></span> <span class='ocrx_word' id='word_1_225' title='bbox 701 3917 837 4010; x_wconf 88' lang='lat' dir='ltr'><strong>dicunt,</strong></span> <span class='ocrx_word' id='word_1_226' title='bbox 862 3916 960 4010; x_wconf 90' lang='lat' dir='ltr'><strong>quod</strong></span> <span class='ocrx_word' id='word_1_227' title='bbox 984 3916 1053 3990; x_wconf 90' lang='lat' dir='ltr'><strong>iste</strong></span> <span class='ocrx_word' id='word_1_228' title='bbox 1078 3916 1216 3990; x_wconf 91' lang='lat' dir='ltr'><strong>veltrus</strong></span> <span class='ocrx_word' id='word_1_229' title='bbox 1241 3922 1413 3989; x_wconf 88' lang='lat' dir='ltr'><strong>nascetur</strong></span> <span class='ocrx_word' id='word_1_230' title='bbox 1442 3917 1537 3991; x_wconf 89' lang='lat' dir='ltr'><strong>intra</strong></span> <span class='ocrx_word' id='word_1_231' title='bbox 1562 3918 1738 4014; x_wconf 78' lang='lat' dir='ltr'><strong>Feltmm,</strong></span> 
     </span>
     <span class='ocr_line' id='line_1_28' title="bbox 568 4035 1738 4133; baseline 0 -21"><span class='ocrx_word' id='word_1_232' title='bbox 568 4039 667 4133; x_wconf 84' lang='lat' dir='ltr'><strong>quod</strong></span> <span class='ocrx_word' id='word_1_233' title='bbox 684 4038 792 4112; x_wconf 81' lang='lat' dir='ltr'><strong>estin</strong></span> <span class='ocrx_word' id='word_1_234' title='bbox 811 4035 1060 4129; x_wconf 87' lang='lat' dir='ltr'><strong>Romandiola,</strong></span> <span class='ocrx_word' id='word_1_235' title='bbox 1080 4042 1118 4109; x_wconf 89' lang='lat' dir='ltr'><strong>et</strong></span> <span class='ocrx_word' id='word_1_236' title='bbox 1142 4035 1318 4129; x_wconf 85' lang='lat' dir='ltr'><strong>Feltrum,</strong></span> <span class='ocrx_word' id='word_1_237' title='bbox 1334 4037 1434 4129; x_wconf 89' lang='lat' dir='ltr'><strong>quod</strong></span> <span class='ocrx_word' id='word_1_238' title='bbox 1453 4038 1562 4110; x_wconf 90' lang='lat' dir='ltr'><strong>estin</strong></span> <span class='ocrx_word' id='word_1_239' title='bbox 1580 4039 1738 4113; x_wconf 80' lang='lat' dir='ltr'><strong>ldarcbia</strong></span> 
     </span>
    </p>
   </div>
   <div class='ocr_carea' id='block_1_5' title="bbox 568 4147 1740 4371">
    <p class='ocr_par' dir='ltr' id='par_1_5' title="bbox 568 4147 1740 4371">
     <span class='ocr_line' id='line_1_29' title="bbox 568 4147 1740 4250; baseline 0.002 -20"><span class='ocrx_word' id='word_1_240' title='bbox 568 4158 765 4232; x_wconf 69' lang='lat' dir='ltr'><strong>tarvisina.</strong></span> <span class='ocrx_word' id='word_1_241' title='bbox 793 4157 868 4230; x_wconf 88' lang='lat' dir='ltr'><strong>Nec</strong></span> <span class='ocrx_word' id='word_1_242' title='bbox 895 4155 1015 4229; x_wconf 92' lang='lat' dir='ltr'><strong>minus</strong></span> <span class='ocrx_word' id='word_1_243' title='bbox 1041 4154 1234 4229; x_wconf 89' lang='lat' dir='ltr'><strong>ridiculum</strong></span> <span class='ocrx_word' id='word_1_244' title='bbox 1255 4153 1401 4228; x_wconf 89' lang='lat' dir='ltr'><strong>videtur</strong></span> <span class='ocrx_word' id='word_1_245' title='bbox 1426 4157 1525 4250; x_wconf 90' lang='lat' dir='ltr'><strong>quod</strong></span> <span class='ocrx_word' id='word_1_246' title='bbox 1545 4158 1606 4231; x_wconf 90' lang='lat' dir='ltr'><strong>alii</strong></span> <span class='ocrx_word' id='word_1_247' title='bbox 1621 4147 1659 4249; x_wconf 82' lang='lat'><strong>(⁷)</strong></span> <span class='ocrx_word' id='word_1_248' title='bbox 1683 4158 1740 4232; x_wconf 93' lang='lat' dir='ltr'><strong>di-</strong></span> 
     </span>
     <span class='ocr_line' id='line_1_30' title="bbox 568 4274 1739 4371; baseline 0.001 -19"><span class='ocrx_word' id='word_1_249' title='bbox 568 4283 666 4371; x_wconf 84' lang='lat' dir='ltr'><strong>cunt,</strong></span> <span class='ocrx_word' id='word_1_250' title='bbox 681 4276 779 4371; x_wconf 92' lang='lat' dir='ltr'><strong>quod</strong></span> <span class='ocrx_word' id='word_1_251' title='bbox 794 4282 904 4350; x_wconf 90' lang='lat' dir='ltr'><strong>autor</strong></span> <span class='ocrx_word' id='word_1_252' title='bbox 921 4276 978 4350; x_wconf 93' lang='lat' dir='ltr'><strong>bic</strong></span> <span class='ocrx_word' id='word_1_253' title='bbox 994 4275 1159 4368; x_wconf 91' lang='lat' dir='ltr'><strong>loquitur</strong></span> <span class='ocrx_word' id='word_1_254' title='bbox 1177 4274 1224 4349; x_wconf 94' lang='lat' dir='ltr'><strong>de</strong></span> <span class='ocrx_word' id='word_1_255' title='bbox 1241 4295 1377 4370; x_wconf 84' lang='lat' dir='ltr'><strong>magno</strong></span> <span class='ocrx_word' id='word_1_256' title='bbox 1393 4295 1500 4349; x_wconf 89' lang='lat' dir='ltr'><strong>anno.</strong></span> <span class='ocrx_word' id='word_1_257' title='bbox 1517 4276 1560 4349; x_wconf 87' lang='lat' dir='ltr'><strong>Et</strong></span> <span class='ocrx_word' id='word_1_258' title='bbox 1578 4277 1635 4352; x_wconf 93' lang='lat' dir='ltr'><strong>bic</strong></span> <span class='ocrx_word' id='word_1_259' title='bbox 1652 4285 1739 4352; x_wconf 87' lang='lat' dir='ltr'><strong>nola</strong></span> 
     </span>
    </p>
   </div>
   <div class='ocr_carea' id='block_1_6' title="bbox 573 4424 957 4434">
    <p class='ocr_par' dir='ltr' id='par_1_6' title="bbox 573 4424 957 4434">
     <span class='ocr_line' id='line_1_31' title="bbox 573 4424 957 4434; baseline 0.003 -1"><span class='ocrx_word' id='word_1_260' title='bbox 573 4424 655 4434; x_wconf 60' lang='grc'><strong>..-</strong></span> <span class='ocrx_word' id='word_1_261' title='bbox 667 4425 957 4434; x_wconf 73' lang='grc'><strong>------------</strong></span> 
     </span>
    </p>
   </div>
   <div class='ocr_carea' id='block_1_7' title="bbox 627 4508 1739 4954">
    <p class='ocr_par' dir='ltr' id='par_1_7' title="bbox 628 4508 1739 4649">
     <span class='ocr_line' id='line_1_32' title="bbox 628 4508 1739 4574; baseline 0.004 -14"><span class='ocrx_word' id='word_1_262' title='bbox 628 4511 655 4570; x_wconf 71' lang='lat'><strong>(¹)</strong></span> <span class='ocrx_word' id='word_1_263' title='bbox 672 4512 701 4561; x_wconf 78' lang='lat' dir='ltr'>R</span> <span class='ocrx_word' id='word_1_264' title='bbox 718 4512 847 4574; x_wconf 82' lang='lat' dir='ltr'><strong>disperdet</strong></span> <span class='ocrx_word' id='word_1_265' title='bbox 862 4518 889 4562; x_wconf 88' lang='lat' dir='ltr'><strong>et</strong></span> <span class='ocrx_word' id='word_1_266' title='bbox 906 4513 1029 4562; x_wconf 82' lang='lat' dir='ltr'><strong>destruet.</strong></span> <span class='ocrx_word' id='word_1_267' title='bbox 1237 4508 1263 4569; x_wconf 78' lang='lat'><strong>(¹)</strong></span> <span class='ocrx_word' id='word_1_268' title='bbox 1280 4511 1310 4560; x_wconf 74' lang='lat' dir='ltr'><strong>n</strong></span> <span class='ocrx_word' id='word_1_269' title='bbox 1326 4515 1416 4574; x_wconf 73' lang='lat' dir='ltr'><strong>stagno</strong></span> <span class='ocrx_word' id='word_1_270' title='bbox 1431 4517 1459 4562; x_wconf 86' lang='lat' dir='ltr'><strong>et</strong></span> <span class='ocrx_word' id='word_1_271' title='bbox 1474 4511 1583 4562; x_wconf 77' lang='lat' dir='ltr'><strong>metallo</strong></span> <span class='ocrx_word' id='word_1_272' title='bbox 1600 4512 1641 4562; x_wconf 84' lang='lat' dir='ltr'><strong>rel</strong></span> <span class='ocrx_word' id='word_1_273' title='bbox 1657 4526 1739 4564; x_wconf 77' lang='lat' dir='ltr'><strong>ramo.</strong></span> 
     </span>
     <span class='ocr_line' id='line_1_33' title="bbox 628 4587 1003 4649; baseline 0 -14"><span class='ocrx_word' id='word_1_274' title='bbox 628 4587 655 4648; x_wconf 79' lang='lat'><strong>(¹)</strong></span> <span class='ocrx_word' id='word_1_275' title='bbox 672 4588 697 4635; x_wconf 91' lang='lat' dir='ltr'><strong>S.</strong></span> <span class='ocrx_word' id='word_1_276' title='bbox 714 4600 729 4635; x_wconf 90' lang='lat' dir='ltr'><strong>e</strong></span> <span class='ocrx_word' id='word_1_277' title='bbox 747 4592 801 4642; x_wconf 77' lang='lat' dir='ltr'><strong>tto.</strong></span> <span class='ocrx_word' id='word_1_278' title='bbox 819 4588 860 4636; x_wconf 87' lang='lat' dir='ltr'><strong>bic</strong></span> <span class='ocrx_word' id='word_1_279' title='bbox 878 4590 1003 4649; x_wconf 86' lang='lat' dir='ltr'><strong>princeps.</strong></span> 
     </span>
    </p>

    <p class='ocr_par' dir='ltr' id='par_1_8' title="bbox 629 4663 1235 4726">
     <span class='ocr_line' id='line_1_34' title="bbox 629 4663 1235 4726; baseline 0 -14"><span class='ocrx_word' id='word_1_280' title='bbox 629 4664 653 4722; x_wconf 57' lang='grc' dir='ltr'><strong>Ρ)</strong></span> <span class='ocrx_word' id='word_1_281' title='bbox 671 4664 700 4712; x_wconf 85' lang='grc' dir='ltr'><strong>Ε.</strong></span> <span class='ocrx_word' id='word_1_282' title='bbox 716 4663 794 4725; x_wconf 82' lang='lat' dir='ltr'><strong>aliqui</strong></span> <span class='ocrx_word' id='word_1_283' title='bbox 811 4664 907 4712; x_wconf 90' lang='lat' dir='ltr'><strong>domini</strong></span> <span class='ocrx_word' id='word_1_284' title='bbox 922 4669 948 4712; x_wconf 86' lang='lat' dir='ltr'><strong>et</strong></span> <span class='ocrx_word' id='word_1_285' title='bbox 966 4664 1092 4726; x_wconf 86' lang='lat' dir='ltr'><strong>principes</strong></span> <span class='ocrx_word' id='word_1_286' title='bbox 1109 4663 1235 4713; x_wconf 88' lang='lat' dir='ltr'><strong>moderni.</strong></span> 
     </span>
    </p>

    <p class='ocr_par' dir='ltr' id='par_1_9' title="bbox 627 4739 1597 4802">
     <span class='ocr_line' id='line_1_35' title="bbox 627 4739 1597 4802; baseline 0 -14"><span class='ocrx_word' id='word_1_287' title='bbox 627 4739 655 4798; x_wconf 68' lang='grc' dir='ltr'><strong>ι’)</strong></span> <span class='ocrx_word' id='word_1_288' title='bbox 668 4739 704 4798; x_wconf 74' lang='lat' dir='ltr'><strong>S..</strong></span> <span class='ocrx_word' id='word_1_289' title='bbox 722 4739 751 4787; x_wconf 84' lang='lat' dir='ltr'><strong>E.</strong></span> <span class='ocrx_word' id='word_1_290' title='bbox 768 4751 783 4788; x_wconf 90' lang='lat' dir='ltr'><strong>e</strong></span> <span class='ocrx_word' id='word_1_291' title='bbox 800 4743 853 4798; x_wconf 81' lang='lat' dir='ltr'><strong>lle,</strong></span> <span class='ocrx_word' id='word_1_292' title='bbox 870 4740 953 4800; x_wconf 85' lang='lat' dir='ltr'><strong>ipsum</strong></span> <span class='ocrx_word' id='word_1_293' title='bbox 969 4740 1001 4788; x_wconf 74' lang='lat' dir='ltr'><strong>ab</strong></span> <span class='ocrx_word' id='word_1_294' title='bbox 1017 4740 1117 4802; x_wconf 67' lang='lat' dir='ltr'><strong>origine</strong></span> <span class='ocrx_word' id='word_1_295' title='bbox 1131 4752 1186 4798; x_wconf 74' lang='lat' dir='ltr'><strong>ms,</strong></span> <span class='ocrx_word' id='word_1_296' title='bbox 1203 4739 1306 4789; x_wconf 81' lang='lat' dir='ltr'><strong>dicens:</strong></span> <span class='ocrx_word' id='word_1_297' title='bbox 1323 4753 1337 4789; x_wconf 83' lang='lat' dir='ltr'><strong>e</strong></span> <span class='ocrx_word' id='word_1_298' title='bbox 1352 4752 1401 4789; x_wconf 76' lang='lat' dir='ltr'><strong>sua</strong></span> <span class='ocrx_word' id='word_1_299' title='bbox 1416 4745 1512 4789; x_wconf 68' lang='lat' dir='ltr'><strong>namn</strong></span> <span class='ocrx_word' id='word_1_300' title='bbox 1527 4742 1597 4790; x_wconf 66' lang='lat' dir='ltr'><strong>mad.</strong></span> 
     </span>
    </p>

    <p class='ocr_par' dir='ltr' id='par_1_10' title="bbox 628 4814 1201 4876">
     <span class='ocr_line' id='line_1_36' title="bbox 628 4814 1201 4876; baseline 0.002 -13"><span class='ocrx_word' id='word_1_301' title='bbox 628 4814 653 4874; x_wconf 77' lang='lat'><strong>(⁸)</strong></span> <span class='ocrx_word' id='word_1_302' title='bbox 672 4815 701 4863; x_wconf 83' lang='grc' dir='ltr'><strong>Ε.</strong></span> <span class='ocrx_word' id='word_1_303' title='bbox 719 4814 832 4862; x_wconf 78' lang='lat' dir='ltr'><strong>mixtura</strong></span> <span class='ocrx_word' id='word_1_304' title='bbox 848 4828 907 4862; x_wconf 86' lang='lat' dir='ltr'><strong>cum</strong></span> <span class='ocrx_word' id='word_1_305' title='bbox 925 4815 957 4864; x_wconf 83' lang='lat' dir='ltr'><strong>sit</strong></span> <span class='ocrx_word' id='word_1_306' title='bbox 972 4827 1067 4876; x_wconf 86' lang='lat' dir='ltr'><strong>corpus</strong></span> <span class='ocrx_word' id='word_1_307' title='bbox 1083 4815 1201 4876; x_wconf 86' lang='lat' dir='ltr'><strong>simplex.</strong></span> 
     </span>
    </p>

    <p class='ocr_par' dir='ltr' id='par_1_11' title="bbox 630 4890 911 4954">
     <span class='ocr_line' id='line_1_37' title="bbox 630 4890 911 4954; baseline -0.007 -13"><span class='ocrx_word' id='word_1_308' title='bbox 630 4892 655 4950; x_wconf 68' lang='grc' dir='ltr'><strong>ι’)</strong></span> <span class='ocrx_word' id='word_1_309' title='bbox 672 4892 702 4941; x_wconf 81' lang='grc' dir='ltr'><strong>Ε.</strong></span> <span class='ocrx_word' id='word_1_310' title='bbox 719 4890 798 4954; x_wconf 76' lang='lat' dir='ltr'><strong>aliqui</strong></span> <span class='ocrx_word' id='word_1_311' title='bbox 814 4891 911 4940; x_wconf 85' lang='lat' dir='ltr'><strong>dieunt.</strong></span> 
     </span>
    </p>
   </div>
   <div class='ocr_carea' id='block_1_8' title="bbox 0 0 2082 6546">
    <p class='ocr_par' dir='ltr' id='par_1_12' title="bbox 0 0 2082 6546">
     <span class='ocr_line' id='line_1_38' title="bbox 0 0 2082 6546; baseline 0 3"><span class='ocrx_word' id='word_1_312' title='bbox 0 0 2082 6546; x_wconf 95' lang='lat' dir='ltr'><strong> </strong></span> 
     </span>
    </p>
   </div>
  </div>
 </body>
</html>
