4154 6546
677 789 816 847 cunnus
841 791 998 849 uncinus
1021 792 1165 848 sarnus.
1435 780 1505 848 553

336 938 439 1032 quasi
465 958 582 1011 unum
607 938 745 1032 oleum,
769 960 865 1031 uno,
890 939 1026 1014 scilicet
1042 940 1079 1013 in
1097 938 1293 1033 montibus,
1311 942 1432 1013 avanti
1448 940 1508 1012 clu

335 1061 467 1148 divelli,
493 1057 584 1133 idest
607 1065 808 1152 autequam
834 1060 985 1154 derivet,
1010 1056 1071 1152 piri
1100 1063 1158 1133 nel
1184 1061 1287 1133 burso
1318 1059 1507 1151 11110,εοί-

333 1179 417 1253 licet
442 1178 479 1250 iu
504 1177 688 1272 planitiem
713 1179 971 1274 llnmandielae‚
990 1188 1023 1254 et
1038 1175 1074 1255 δε
1092 1187 1237 1253 vacante
1253 1182 1291 1253 di
1307 1184 1387 1271 quel
1406 1202 1507 1254 nome

334 1320 359 1371 a
375 1291 486 1389 Furti,
506 1298 592 1391 quia
610 1320 683 1375 non
701 1308 855 1375 vocatur
871 1302 1028 1396 amplius
1044 1303 1148 1394 Aqua
1161 1301 1303 1395 Quieta,
1324 1301 1386 1375 sed
1404 1303 1507 1375 blon-

334 1427 455 1513 tnnus,
476 1419 570 1494 lurte
587 1419 673 1512 quia
691 1420 896 1515 impetuose
913 1422 1041 1515 currit,
1057 1423 1267 1513 murbomda,
1287 1422 1378 1497 idest
1403 1442 1506 1497 reso-

335 1551 408 1638 nat,
434 1534 471 1618 td
494 1565 605 1636 sopra
629 1563 694 1616 scu
722 1547 904 1618 benedetto
930 1548 1008 1619 dell
1020 1549 1120 1638 aipe,·
1146 1550 1202 1619 est
1226 1544 1322 1618 enim
1350 1543 1399 1617 ibi
1424 1563 1507 1618 mo·

335 1658 537 1740 nasterium
563 1665 832 1739 monachorum
863 1666 977 1741 sancti
1011 1665 1194 1741 Benedicti
1226 1665 1262 1738 in
1293 1665 1382 1758 Alpe
1410 1663 1506 1742 inter

334 1784 611 1860 anandinlam
637 1788 674 1858 et
708 1785 888 1878 Tusciam,
921 1791 958 1860 et
989 1786 1096 1861 dicit:
1123 1787 1328 1877 pereniter
1357 1787 1407 1856 ud
1433 1804 1507 1856 arra

334 1928 445 1998 sceau,
477 1906 567 1981 idest
592 1913 742 2000 propter
766 1906 899 1981 cadere
923 1907 969 1982 ad
996 1927 1109 1980 unam
1144 1904 1427 1980 descensionem.
1461 1904 1506 1977 Et

334 2026 505 2102 describit
529 2025 639 2099 istum
658 2026 782 2101 lucum
799 2025 846 2100 ab
866 2009 942 2100 uun¹
956 2047 1044 2100 casu
1067 2025 1247 2119 incidenti,
1268 2025 1410 2099 dicens:
1429 2045 1506 2115 ove,

334 2147 425 2222 idest
441 2147 478 2221 in
495 2167 570 2241 qun
588 2148 679 2239 loco,
699 2147 798 2248 apud
815 2154 982 2221 sanctum
1001 2148 1250 2240 benedictum,
1275 2149 1388 2220 άουεα
1412 2168 1506 2220 esser

333 2270 466 2356 ricetto,
492 2266 583 2339 idest
608 2268 897 2361 receptaculum,
924 2267 973 2341 ita
999 2267 1098 2360 quud
1116 2276 1284 2362 receptus
1309 2266 1453 2362 capitur
1467 2258 1505 2358 (¹)

334 2386 392 2459 bic
418 2383 656 2479 substantive,
682 2406 755 2459 nnn
780 2386 968 2480 adiective,
984 2409 1052 2478 per
1068 2390 1171 2479 mdia,
1198 2387 1288 2461 idest
1313 2408 1380 2482 pru
1406 2386 1505 2460 mille

334 2503 552 2579 bominibus.
571 2505 625 2578 Ad
638 2507 743 2579 cuius
760 2505 874 2580 literae
892 2506 1164 2602 intelligentiam
1182 2509 1266 2582 voln
1283 2506 1383 2600 qued
1399 2507 1503 2601 scias,

333 2626 432 2718 quod
451 2626 602 2718 quidam
620 2647 744 2702 comes
765 2648 923 2723 regnans
941 2628 977 2701 in
994 2628 1179 2705 montibus
1201 2627 1267 2701 illis
1288 2629 1504 2702 decreverat

335 2748 457 2821 lacere
482 2747 530 2820 ibi
544 2738 582 2838 (²)
610 2768 726 2821 unum
753 2759 916 2825 castrum
933 2748 1011 2823 sive
1026 2748 1241 2842 lortilitium,
1261 2748 1308 2822 ad
1328 2749 1427 2842 quod
1444 2769 1504 2825 re-

283 2921 285 2925 ,
334 2870 487 2943 duceret
512 2889 640 2943 omnes
655 2859 693 2961 (³)
718 2869 921 2943 habitantes
940 2870 1010 2944 loci
1027 2871 1202 2944 habentes
1218 2869 1346 2943 domos
1362 2890 1449 2943 suas
1465 2876 1505 2945 et

334 2989 539 3063 habitacula
576 2989 779 3083 dispersim,
813 2990 912 3083 quod
945 2997 1173 3064 tamennon
1206 2990 1324 3064 ellecit
1337 2978 1386 3082 (⁴).
1400 2995 1503 3063 -10

258 3150 268 3171 .
332 3131 432 3182 uvea.
460 3109 564 3182 Nunc
588 3114 698 3184 autor
723 3110 849 3184 volens
874 3109 1096 3185 descendere
1111 3110 1158 3184 ad
1176 3114 1373 3186 tractatum
1398 3130 1505 3185 nove

334 3228 509 3321 materiae,
535 3228 669 3302 scilicet
693 3229 842 3323 fraudis,
860 3230 945 3304 lacit
969 3250 1081 3303 unam
1109 3229 1367 3325 pulcerrimam
1389 3229 1507 3307 fictio-

333 3372 418 3425 nem
444 3349 490 3424 ad
515 3349 613 3423 illam
640 3350 939 3445 investigandam.
960 3350 1014 3423 Ad
1030 3351 1137 3425 cuius
1159 3350 1432 3445 intelligentiam
1450 3358 1506 3427 est

332 3470 520 3544 sciendum
546 3470 644 3564 qund
669 3470 802 3543 Dantes
827 3470 1005 3544 subtiliter
1021 3470 1135 3565 fingit,
1154 3471 1252 3564 quud
1268 3470 1315 3545 de
1332 3471 1505 3546 mandato

332 3590 468 3685 Virgilii
494 3590 570 3685 ipse
593 3590 803 3664 discinxerit
827 3590 892 3663 sibi
918 3611 1032 3665 unam
1058 3592 1207 3666 cordam
1229 3613 1304 3686 qua
1325 3597 1407 3666 erat
1426 3591 1504 3665 cin·

331 3718 423 3804 ctus,
450 3718 488 3785 et
511 3710 627 3805 ipsam
653 3710 841 3785 tradiderit
871 3711 1031 3806 Virgilio,
1057 3733 1144 3786 cum
1171 3734 1244 3805 qua
1275 3713 1436 3808 proiecta
1465 3712 1504 3787 in

330 3832 463 3906 vallem
491 3831 602 3923 illam,
626 3830 704 3925 ipse
721 3830 831 3905 traxit
847 3822 884 3923 (⁵)
910 3852 1027 3905 unum
1053 3832 1214 3907 terribile
1230 3823 1266 3925 (⁶)
1294 3839 1501 3907 monstrum

241 4035 243 4038 y
330 3972 489 4024 sursum.
517 3952 588 4024 Per
614 3952 683 4024 buc
711 3958 837 4025 autem
868 3951 1003 4047 figurat
1016 3941 1054 4044 (⁷)
1085 3953 1184 4046 quod
1214 3954 1340 4027 volens
1373 3953 1501 4028 venari

331 4072 498 4145 fraudem
519 4071 555 4144 in
572 4071 745 4166 generali,
767 4072 947 4146 convertit
963 4093 1004 4147 se
1019 4073 1066 4146 ad
1088 4072 1362 4169 imaginandum
1379 4074 1409 4147 si
1427 4095 1500 4147 un-

331 4212 444 4285 quam
471 4213 560 4264 usus
587 4191 706 4266 luerat
731 4191 861 4265 fraude
873 4182 911 4284 (⁸)
938 4192 984 4267 ad
1009 4194 1233 4268 seducendas
1260 4195 1443 4289 mulieres,
1462 4201 1501 4270 et

332 4313 383 4387 sic
408 4331 494 4385 cum
521 4313 632 4386 corda
658 4312 751 4406 cepit
777 4312 975 4388 terribilem
993 4314 1128 4409 piscem
1155 4315 1192 4389 in
1218 4315 1283 4389 ista
1308 4336 1405 4408 aqua
1424 4323 1500 4390 ter-

331 4433 435 4507 rum.
462 4433 516 4506 Aa
541 4433 685 4507 ineram
711 4452 801 4528 ergo
826 4433 911 4507 uon
935 4439 1067 4507 auur:
1093 4440 1135 4507 ιο
1159 4456 1249 4507 acea
1276 4456 1350 4508 mm
1373 4412 1517 4528 cuna?

393 4627 421 4689 (¹)
437 4626 468 4676 E.
484 4626 617 4689 accipitur.
742 4623 769 4687 (¹)
786 4625 816 4675 E.
834 4625 937 4676 ibidem.
1063 4627 1089 4689 (¹)
1107 4632 1160 4686 111,
1176 4640 1267 4678 omnes
1283 4627 1448 4678 habitatores.

391 4702 418 4764 (l)
434 4702 460 4751 S.
477 4701 546 4752 lectt.
1063 4702 1091 4765 (⁸)
1108 4707 1161 4763 ite,
1180 4705 1295 4755 traxerit.

391 4777 418 4839 (⁸)
435 4778 466 4827 Β.
482 4777 615 4828 borribllc.
1062 4780 1089 4842 (¹)
1106 4781 1137 4831 E.
1152 4781 1233 4845 tlnglt.

389 4855 416 4919 Γ)
433 4860 487 4914 tle,
504 4855 596 4905 fraude
611 4856 724 4918 speculi,
734 4861 763 4907 et
772 4856 889 4907 occurrit
904 4855 950 4906 sibl
960 4857 1072 4921 qualiter
1082 4857 1228 4923 aliquando,
1240 4872 1301 4909 cum
1315 4866 1383 4911 uret
1394 4859 1498 4925 jurent·

327 4940 355 4986 et
370 4938 511 4995 moratus,
526 4933 612 4985 inerat
628 4947 690 4985 usus
705 4934 797 4985 irrude
812 4934 1027 4986 edsednoendu.
