4154 6546
478 783 526 854 96
882 791 1083 847 couenruu
1108 792 1259 847 mrnam

478 943 555 1016 deis
580 942 666 1034 suis,
692 947 729 1013 et
754 939 870 1011 multa
895 937 983 1010 vidit
999 928 1033 1028 (¹)
1061 944 1098 1010 et
1124 937 1262 1011 notavit
1278 940 1469 1014 alterantia
1487 949 1649 1017 mentem

478 1062 569 1136 eius.
595 1060 732 1134 Deinde
757 1078 930 1132 reversus
959 1056 1131 1151 Parisius,
1157 1057 1405 1154 interrogatus
1434 1081 1457 1133 a
1489 1063 1650 1136 Zanotlro
1754 1103 1757 1109 ·

478 1182 566 1276 quid
590 1180 657 1253 sibi
683 1179 870 1253 videretur
899 1176 945 1250 de
976 1176 1088 1250 Curia
1112 1177 1302 1270 Romana3
1328 1178 1388 1254 ille
1412 1198 1499 1254 oum
1523 1181 1650 1256 animo

477 1301 677 1375 amaricato
703 1297 905 1392 respondit:
932 1296 1085 1389 malum,
1109 1296 1208 1390 quod
1233 1297 1332 1372 Deus
1356 1298 1417 1373 det
1442 1300 1648 1394 pastoribus

477 1421 571 1515 ipsis,
597 1419 661 1514 qui
686 1425 771 1492 sunt
796 1438 883 1491 vasa
908 1417 1026 1490 omnis
1043 1417 1287 1511 turpitudinis,
1305 1417 1445 1492 sentina
1462 1420 1646 1494 sordium:

476 1541 523 1613 ibi
550 1540 647 1614 enim
673 1545 728 1614 est
754 1539 868 1612 locina
894 1538 1003 1634 gulae,
1029 1537 1199 1629 luxurie,
1221 1537 1395 1632 avaritiae,
1413 1540 1588 1636 simoniae,
1609 1548 1646 1616 et

475 1660 641 1734 omnium
669 1659 795 1731 vilium
822 1658 1128 1750 nidorumque
1152 1657 1276 1730 omnia
1301 1678 1388 1730 oum
1414 1659 1509 1734 bene
1526 1661 1646 1735 oonsi-

475 1779 565 1854 dero
589 1786 626 1853 et
643 1779 803 1869 revolvo,
825 1778 1023 1870 compellor
1040 1776 1192 1850 credere
1209 1782 1246 1849 et
1263 1779 1469 1853 consentire
1485 1771 1521 1871 (²)
1543 1781 1643 1875 quod

474 1900 553 1973 haec
578 1900 653 1972 sola
680 1903 733 1972 est
758 1917 846 1971 vera
873 1895 961 1970 lides
986 1903 1023 1969 et
1047 1894 1166 1988 firma,
1184 1916 1269 1988 quae
1285 1897 1411 1989 spiritu
1431 1907 1558 1973 sancto
1575 1921 1644 1974 cu·

474 2019 652 2093 stodiente
668 2023 908 2091 conservatur
923 2006 972 2107 (³).
992 2015 1076 2089 ldeo
1092 2034 1173 2110 ego,
1191 2015 1255 2108 qui
1272 2016 1318 2088 ad
1335 2022 1400 2090 tua
1417 2018 1530 2092 verba
1548 2020 1643 2094 docti

475 2159 547 2212 non
573 2145 750 2232 poteram,
768 2135 914 2209 intendo
931 2135 1080 2208 omnino
1097 2154 1177 2209 esse
1197 2134 1423 2208 christianus.
1448 2139 1642 2232 Innotlrus,

388 2339 391 2343 ,
474 2259 538 2351 qui
562 2258 672 2330 tristis
698 2256 912 2351 expectabat
928 2243 963 2346 (⁸)
988 2253 1208 2328 eontrariam
1234 2255 1516 2350 conclusionem,
1542 2265 1643 2332 totus

473 2377 697 2452 exhilaratus
723 2377 785 2449 ivit
811 2395 896 2448 cum
922 2374 1081 2448 Abraam
1099 2373 1145 2448 ad
1162 2374 1365 2466 ecclesiam,
1382 2380 1419 2448 et
1439 2376 1542 2448 illum
1559 2376 1643 2451 lecit

473 2497 683 2571 solemniter
707 2495 893 2591 baptizari,
920 2498 956 2569 et
987 2494 1064 2589 ipse
1097 2495 1278 2568 Zanotlrus
1309 2495 1441 2569 levavit
1474 2515 1561 2569 eum
1595 2497 1642 2571 de

472 2615 713 2706 sacrofonte,
740 2620 776 2687 et
800 2614 919 2706 ipsum
946 2613 1146 2686 nominarit
1175 2614 1388 2707 iohannem,
1419 2635 1530 2708 quem
1558 2615 1641 2690 lecit

471 2733 677 2829 plenissime
709 2732 897 2804 informari
931 2731 977 2804 de
1010 2732 1204 2805 christiana
1239 2732 1328 2825 lide3
1364 2735 1427 2827 qui
1443 2726 1479 2825 (⁶)
1514 2742 1640 2828 postea

471 2852 539 2926 fuit
555 2871 700 2945 semper
721 2851 839 2924 bonus
865 2850 976 2923 homo
1001 2857 1037 2924 et
1062 2859 1196 2924 sanctae
1222 2853 1314 2924 vitae.
1336 2852 1388 2925 dd
1413 2854 1637 2948 propositum

471 2991 562 3067 ergo
587 2970 764 3045 veniendo
781 2970 828 3043 nd
846 2970 1000 3062 literam,
1018 2969 1161 3042 Beatrix
1180 2971 1299 3065 primo
1319 2973 1504 3066 premittit
1523 2974 1641 3069 majo·

372 3179 381 3186 ‚
472 3111 550 3166 rem
577 3111 655 3163 suae
670 3079 706 3182 (ὅ)
734 3088 881 3163 rationis
905 3090 1047 3164 dicens:
1079 3092 1154 3163 sola
1171 3079 1207 3181 (⁷)
1241 3091 1409 3166 habentia
1438 3093 1637 3186 potentiam

451 3209 621 3311 [nocendi
648 3215 732 3281 sunt
757 3208 927 3301 timenda,
952 3209 1022 3282 alia
1048 3228 1138 3282 vero
1163 3230 1247 3283 non.
1274 3210 1375 3284 Unde
1403 3212 1505 3285 dicit:
1534 3220 1639 3284 temer

469 3333 501 3403 si
524 3331 585 3402 dee
608 3333 674 3420 sol,
700 3329 789 3402 idest
815 3330 1057 3421 solummodo,
1069 3332 1116 3403 ,di
1135 3333 1243 3420 puelle
1266 3351 1344 3403 cose
1368 3333 1549 3404 olt'ltnmro
1567 3354 1638 3426 po-

470 3453 574 3522 tentin
590 3451 627 3521 di
640 3453 702 3543 sar
727 3452 834 3520 doni
857 3430 960 3539 mole,
977 3451 1054 3520 detl'
1068 3451 1157 3521 altre
1173 3469 1257 3539 rwn,
1276 3451 1413 3544 supple,
1435 3456 1488 3525 est
1506 3452 1638 3527 timen-

469 3569 570 3661 dum,
595 3571 654 3640 cde
677 3589 748 3640 non
772 3589 837 3639 son
855 3588 1024 3658 petrose,
1049 3587 1115 3661 per
1141 3567 1262 3640 locum
1291 3567 1339 3641 ab
1364 3570 1543 3663 oppositis.
1570 3572 1636 3645 Vel

469 3689 672 3763 secundum
689 3687 797 3760 aliam
817 3686 971 3778 literam,
985 3687 1170 3777 poderose,
1189 3686 1290 3778 idest,
1308 3706 1393 3779 quae
1409 3706 1482 3760 non
1501 3688 1634 3762 habent

467 3809 664 3903 potentiam
691 3804 842 3879 faciendi
867 3805 971 3878 alteri
997 3803 1148 3876 malum.
1170 3805 1214 3878 Et
1231 3805 1351 3878 subdit
1372 3806 1553 3880 minorem
1578 3806 1634 3880 di·

467 3949 576 4003 oens:
601 3931 637 4000 io
660 3946 726 3997 son
747 3928 838 4018 sotto
862 3927 910 3996 do
935 3926 1004 3996 Dio
1033 3927 1112 4013 tole,
1144 3923 1234 3998 idest
1266 3930 1341 3999 tarn
1372 3925 1542 4020 perlecta,
1567 3947 1642 4027 suo¹

466 4040 591 4138 merod,
608 4047 698 4119 idest
723 4045 840 4140 gratia
865 4064 931 4117 sua
957 4046 1017 4115 cte
1041 4046 1077 4115 la
1103 4050 1223 4115 vostra
1246 4046 1400 4135 menta,
1418 4043 1508 4118 idest
1528 4047 1633 4142 igno-

467 4166 595 4258 rantia,
622 4171 659 4240 et
688 4164 823 4239 malitia
847 4164 1022 4256 humana,
1048 4184 1119 4234 non
1143 4166 1191 4234 mi
1214 4171 1330 4255 tanpe,
1355 4164 1446 4238 idest
1475 4186 1548 4239 non
1578 4171 1634 4241 at·

465 4288 570 4385 tingit
596 4307 667 4379 me,
694 4294 730 4359 et
763 4305 829 4378 per
863 4304 1090 4377 consequens
1120 4304 1192 4357 non
1225 4284 1384 4378 offendit,
1416 4306 1490 4359 non
1523 4288 1633 4362 violat

526 4531 553 4594 (¹)
571 4532 601 4580 E.
617 4532 700 4582 multa
716 4532 813 4583 nudirlt
827 4539 854 4582 el
870 4533 975 4582 notarit.
1145 4528 1173 4593 (¹)
1192 4536 1247 4589 llo,
1263 4532 1401 4583 ooulldere.

527 4607 553 4668 (Ἴ
570 4613 623 4666 llo,
641 4609 786 4658 custoditur
801 4616 829 4660 et
844 4615 1020 4661 conservatur.
1147 4608 1173 4669 (⁸)
1190 4608 1220 4658 E.
1237 4609 1388 4672 ermetem
1404 4610 1605 4660 oonelurlonum.

526 4686 553 4749 (⁸)
570 4686 600 4734 ll.
616 4686 660 4748 (pri
676 4687 712 4735 ric
729 4685 883 4736 informatus
903 4700 1006 4750 semper
1027 4686 1075 4737 lull
1097 4691 1185 4750 poster
1201 4685 1275 4736 bona
1291 4685 1385 4736 indolis
1400 4685 1480 4736 homo
1496 4691 1522 4736 et
1538 4691 1633 4737 saneto
1672 4734 1677 4744 ,

464 4762 531 4814 rita.
547 4761 623 4824 Quod
639 4765 723 4811 totum
740 4761 818 4812 habas
833 4764 859 4813 ln
874 4762 942 4812 libro
958 4763 1004 4826 (pri
1019 4763 1114 4813 dicitur
1130 4762 1291 4813 Dammeron
1308 4761 1406 4813 domlnl
1422 4761 1547 4813 Iohanni·
1561 4761 1632 4812 Boe-

464 4839 542 4890 clralll
558 4839 583 4888 ln
600 4838 726 4902 principio
741 4838 810 4898 llbrl,
827 4840 853 4888 ln
870 4840 953 4902 primu
969 4840 1018 4901 die,
1034 4845 1061 4890 el
1077 4840 1189 4890 anund·
1204 4840 1315 4893 novella.
1332 4839 1375 4890 Ad
1391 4842 1560 4904 proporllum.

526 4916 553 4979 (¹)
571 4920 625 4976 llo,
642 4927 687 4964 sn·
703 4915 810 4966 ratione.
1143 4917 1169 4978 [Ἶ
1184 4896 1286 4967 11.ἷο1·
1302 4918 1415 4967 hnmana
1430 4917 1551 4978 potantia.
