4154 6546
458 776 528 844 584
851 789 1056 846 coarsuros
1081 791 1233 844 mnannr

456 936 528 1008 otili
552 937 602 1008 olt'
615 955 681 1007 era
705 938 784 1007 oell’
797 937 875 1007 oire
899 938 934 1008 d
948 955 1038 1026 oona
1052 942 1169 1028 porto,
1185 934 1314 1009 sedens
1334 953 1446 1028 super
1466 934 1567 1028 spina
1585 927 1621 1026 ζ’)

452 1054 630 1149 Gerionis,
653 1076 671 1126 e
696 1056 769 1127 ridi
792 1061 914 1146 operto
939 1075 1030 1146 opne
1055 1057 1180 1129 reduto
1201 1059 1287 1148 soor
1311 1056 1371 1127 obe
1395 1057 1438 1127 de
1463 1057 1499 1126 lo
1521 1056 1626 1146 fimo,
1734 1064 1737 1069 ’

453 1177 538 1270 quia
555 1168 591 1267 (²)
630 1183 772 1249 tanturn
808 1175 1000 1271 elongatus
1032 1198 1055 1251 a
1088 1183 1200 1270 terra,
1233 1175 1332 1268 quod
1362 1174 1448 1248 nihil
1482 1175 1628 1250 videbat

455 1296 520 1370 nisi
547 1295 761 1389 Gerionem5
780 1295 950 1392 Virgilius
976 1303 1102 1371 autem
1129 1302 1210 1370 erat
1229 1316 1252 1369 a
1271 1302 1386 1391 tergo.
1405 1295 1448 1368 lit
1465 1296 1523 1370 hic
1541 1303 1627 1369 nota

455 1423 635 1512 qnantum
658 1416 872 1490 mirabiliter
889 1417 993 1491 dictas
1010 1415 1304 1510 comparationes
1324 1415 1457 1490 iaciant
1472 1416 1517 1489 ad
1539 1436 1628 1510 pro·

452 1538 622 1633 positum.
649 1536 750 1611 Sicut
767 1536 864 1610 enirn
883 1536 1072 1611 moraliter
1088 1535 1270 1630 loquendo
1287 1534 1469 1630 praedictae
1493 1535 1626 1610 labulae

452 1658 577 1732 dicunt
597 1658 725 1753 juveni
751 1657 916 1732 animoso
941 1665 977 1732 et
1002 1663 1309 1753 presumptuoso:
1333 1656 1410 1749 Fili,
1438 1676 1510 1728 non
1536 1656 1625 1732 velis

453 1779 579 1853 volare
602 1784 688 1853 ante
713 1779 801 1871 alas,
826 1778 884 1852 vel
910 1779 982 1852 noli
1010 1778 1135 1852 volare
1161 1776 1268 1850 nimis
1296 1776 1370 1850 alte
1394 1776 1542 1869 quando
1567 1776 1625 1848 in·

451 1898 550 1993 cipis,
568 1898 631 1973 sed
656 1898 813 1972 sufficiat
837 1898 899 1970 tibi
925 1897 1029 1991 sequi
1056 1904 1156 1971 recta
1178 1895 1329 1990 vestigia
1350 1895 1552 1989 maiorum;
1572 1896 1621 1970 ita

451 2020 724 2113 quodammodo
749 2024 859 2092 autor
884 2018 1083 2111 dubitabat,
1103 2017 1189 2111 quia
1212 2015 1432 2091 extendebat
1457 2017 1621 2091 volatum

452 2115 692 2233 suum,'idest
725 2157 937 2233 processum
969 2143 1005 2212 et
1037 2158 1189 2211 cursum
1220 2157 1298 2211 suae
1331 2136 1495 2210 materiae
1527 2136 1623 2210 ultra

452 2265 650 2333 tractatum
664 2258 810 2353 Virgilii,
830 2257 892 2350 qui
911 2267 991 2333 erat
1003 2264 1107 2352 pater
1122 2257 1213 2349 eius,
1231 2256 1325 2331 sicut
1347 2275 1443 2350 saepe
1460 2256 1624 2330 nominat

451 2379 570 2473 ipsum
590 2379 626 2452 in
644 2382 713 2453 hoc
730 2399 862 2473 opere:
882 2378 980 2453 unde
992 2378 1179 2475 distinguit
1191 2378 1301 2451 istum
1316 2384 1488 2451 octavum
1503 2378 1625 2452 circu-

451 2498 529 2571 lum
541 2498 696 2573 mirabili
709 2499 896 2592 phantasia
907 2520 973 2572 sua
987 2498 1024 2571 in
1038 2498 1165 2572 decern
1180 2498 1334 2592 bulgias,
1345 2497 1579 2582 adinveniens
1586 2488 1624 2590 (³)

451 2638 579 2712 poenas
603 2619 875 2713 inexcogitalas,
901 2618 1000 2712 quod
1031 2638 1099 2693 nec
1131 2618 1301 2713 Virgilius
1332 2637 1399 2692 noc
1428 2618 1521 2692 alius
1550 2639 1623 2690 un-

451 2760 563 2833 quam
591 2738 737 2813 lecerat.
764 2740 859 2811 Dum
887 2759 978 2834 crgo
1002 2745 1113 2813 autor
1141 2744 1338 2813 attentaret
1363 2746 1437 2812 tam
1463 2738 1620 2812 arduam

451 2858 644 2932 materiam
671 2858 770 2933 venit
794 2858 860 2932 sibi
882 2858 919 2932 in
937 2868 1097 2934 mentam
1122 2865 1281 2953 utraque
1297 2857 1431 2953 sabula,
1450 2879 1497 2933 ne
1516 2879 1622 2934 more

450 2979 596 3053 illorum
623 2979 771 3055 caderet
786 2968 823 3072 (δ)
856 2980 892 3053 in
926 2980 1111 3075 abyssum.
1147 2981 1267 3053 Unum
1301 2986 1426 3054 tamen
1460 2981 1619 3054 mullum

450 3100 678 3194 temperabat
703 3100 874 3176 timorem
901 3099 992 3193 eiua,
1015 3099 1101 3193 quia
1123 3106 1281 3192 uterque
1307 3098 1564 3194 praedictorum
1582 3092 1620 3192 (⁵)

448 3218 533 3293 lecit
556 3226 683 3293 contra
709 3219 900 3293 consilium
927 3226 965 3294 et
989 3219 1251 3296 dissuasionem
1277 3221 1406 3314 patris3
1434 3219 1510 3314 ipse
1530 3241 1620 3295 vero

449 3361 471 3414 e
495 3347 622 3413 contra
649 3345 767 3413 totum
794 3339 949 3415 iaciebat
973 3340 1123 3415 oonsilio
1147 3350 1185 3416 et
1209 3341 1446 3435 persuasione
1472 3342 1620 3439 Virgilii.

448 3463 599 3533 -Ello
630 3461 695 3534 llic
723 3466 833 3535 autor
865 3461 1019 3535 ostendit
1050 3461 1236 3554 quomodo
1265 3461 1400 3536 Gerion
1431 3463 1622 3538 incedebat

449 3581 547 3656 lente
571 3587 608 3654 ct
634 3581 706 3655 late
731 3581 934 3655 secundum
961 3588 1186 3676 praeceptum
1214 3581 1362 3677 Virgilii,
1389 3582 1452 3675 qui
1478 3583 1622 3658 dixerat

448 3722 571 3795 supra,
597 3704 727 3774 torota
752 3705 874 3792 tarpio
899 3724 918 3773 e
942 3706 976 3776 lo
1003 3705 1149 3775 scandar
1172 3706 1228 3775 sio
1254 3723 1353 3794 poco.
1387 3703 1479 3778 Dicit
1504 3724 1621 3800 ergo:

448 3824 529 3912 ello,
555 3821 689 3895 scilicet
706 3822 840 3897 Gerion
859 3822 950 3916 sera,
966 3844 1028 3896 sen
1046 3825 1092 3896 bo
1110 3825 1266 3896 notando
1284 3825 1376 3897 boto
1395 3827 1500 3913 lenm,
1519 3824 1621 3917 idest,

449 3961 597 4014 morose
622 3947 659 4014 et
684 3941 799 4036 tarde,
817 3943 911 4016 sicul
937 3943 1153 4037 expediebat
1171 3944 1239 4036 hic,
1256 3952 1373 4035 ruoto,
1390 3945 1492 4038 idest,
1511 3947 1623 4019 volvil

449 4083 489 4135 se
515 4062 551 4135 in
576 4061 711 4157 girum,
729 4084 748 4134 e
767 4064 937 4156 discorde,
956 4063 1092 4137 scilicet
1117 4084 1248 4138 versus
1273 4065 1466 4158 circulum,
1484 4065 1546 4159 qui
1568 4074 1624 4139 est

449 4182 552 4256 velut
577 4181 694 4256 insula
720 4182 980 4259 circumcincta
1006 4183 1073 4257 ista
1099 4205 1209 4278 aqua,
1227 4190 1264 4258 et
1283 4185 1384 4259 dicit:
1404 4207 1462 4258 mo
1479 4207 1551 4258 non
1568 4208 1623 4259 me

447 4307 655 4393 n'occorpo,
674 4325 712 4376 se
731 4324 804 4376 ooo
819 4306 918 4377 clt'ol
934 4307 1022 4394 vrbo,
1039 4326 1058 4377 e
1074 4308 1112 4378 di
1126 4313 1215 4378 sotto
1239 4309 1430 4397 m'oocnto,
1449 4307 1539 4381 idest
1556 4328 1623 4380 va·

446 4424 553 4518 cillat,
584 4430 621 4496 et
652 4423 703 4496 sio
737 4424 852 4519 tangit
884 4413 1009 4497 actum
1041 4424 1293 4520 navigantium
1312 4416 1362 4517 (ὓ),
1381 4425 1515 4518 quibus
1548 4447 1620 4499 non

449 4542 593 4616 videtur
615 4543 717 4616 navis
735 4543 789 4618 iro
806 4542 902 4617 ultra
921 4542 990 4625 nisi
1007 4544 1106 4637 quod
1125 4552 1333 4639 quassatur,
1351 4552 1389 4620 et
1405 4546 1520 4620 oculis
1537 4567 1624 4641 per-

507 4776 534 4840 (¹)
552 4778 583 4827 lt.
599 4792 679 4841 super
694 4778 802 4841 spinam.
1057 4776 1084 4838 (¹)
1100 4776 1179 4837 s.‚1t.
1195 4790 1210 4826 a
1229 4782 1283 4838 llo,
1300 4778 1360 4842 quia
1374 4781 1432 4827 orat
1448 4780 1558 4828 uotum

508 4853 534 4915 ζ’)
552 4854 581 4904 Ε.
600 4856 739 4904 inveniens.
1053 4852 1080 4915 (⁸)
1097 4854 1127 4905 E.
1144 4854 1226 4904 oadal.

508 4928 535 4991 (⁸)
552 4930 581 4979 F..
598 4929 706 4980 illorum
723 4930 793 4981 lecit.
1054 4928 1083 4991 (⁸)
1098 4930 1126 4982 S.
1140 4931 1283 4996 navigantis
1298 4932 1341 4982 oni
1357 4944 1418 4982 non.
