4154 6546
451 790 523 857 208
607 774 611 781 ’
850 801 1054 859 coucuruu
1079 803 1229 857 manum

450 950 499 1021 do
523 947 620 1020 c’toi
638 937 735 1039 pietd
756 948 814 1019 det
836 955 958 1020 rwstro
983 951 1059 1021 mot
1074 968 1247 1040 perverso
1264 939 1316 1040 (¹),
1341 947 1433 1022 tuest
1465 948 1513 1024 dc
1542 969 1619 1043 quo

449 1066 668 1163 compateris
693 1073 818 1140 nostro
842 1067 962 1141 amori
982 1087 1169 1162 perverso,
1187 1066 1295 1142 cuius
1311 1086 1424 1142 causa
1440 1067 1490 1142 ita
1503 1068 1621 1163 jacta·

449 1209 547 1262 mur.
572 1187 631 1260 Isti
658 1186 756 1260 enim
783 1186 891 1260 nimis
907 1194 1167 1280 perverterunt
1183 1186 1349 1262 ordinem
1367 1186 1515 1282 amoris,
1533 1188 1642 1282 quia·

449 1307 594 1403 cognati
619 1314 736 1381 erant.
762 1308 807 1381 Et
831 1307 952 1382 subdit
976 1308 1075 1402 quod
1104 1313 1190 1381 sunt
1224 1308 1384 1402 prompti
1412 1306 1459 1381 ad
1490 1327 1619 1382 vocem

449 1426 600 1520 autoris,
626 1426 768 1501 dicens:
785 1429 847 1500 nol
861 1430 1032 1519 odirenrm
1050 1427 1185 1502 scilicet
1205 1448 1272 1502 vos
1288 1428 1481 1521 loquentes
1496 1449 1516 1500 e
1529 1448 1623 1520 por·

449 1551 583 1620 torento
607 1566 632 1619 α
657 1550 727 1637 voi,
744 1546 879 1622 scilicet
904 1546 1215 1644 interrogantibus
1239 1550 1278 1621 dt
1302 1551 1381 1640 poet
1395 1550 1455 1620 cte
1474 1550 1510 1621 oi
1521 1551 1623 1640 piace

448 1669 597 1740 d'odirc
620 1687 640 1737 e
664 1669 701 1740 dl
718 1670 852 1757 partor
877 1666 1084 1742 scilicetde
1110 1667 1265 1743 materia
1288 1686 1486 1760 amorosa3
1509 1674 1547 1742 ct
1566 1664 1622 1741 di-

448 1786 519 1859 cit:
546 1793 678 1858 mentre
701 1788 762 1858 cte
777 1788 803 1858 ’t
828 1793 925 1858 uento
940 1789 973 1858 si
987 1793 1074 1877 tace,
1093 1786 1195 1880 idest,
1217 1785 1335 1862 donec
1351 1794 1484 1861 ventus
1504 1794 1620 1863 cessat

448 1913 486 1980 et
510 1925 583 1979 non
609 1912 843 1997 murmurat3
868 1925 966 1979 come
986 1908 1041 1999 so,
1068 1905 1161 1980 idest
1185 1906 1279 1981 sicut
1302 1913 1399 1981 tacet
1415 1927 1524 1980 nunc.
1551 1906 1622 1982 Sed

447 2044 564 2120 quare
580 2016 615 2115 (²)
643 2031 752 2098 autor
779 2024 925 2099 videtur
949 2025 1201 2100 contradicere
1216 2025 1283 2098 sibi
1306 2026 1393 2120 ipsit
1410 2027 1506 2099 Dixit
1521 2026 1620 2101 enim

446 2167 558 2241 supra
584 2145 682 2240 quod
700 2145 757 2220 isti
774 2166 848 2220 non
864 2153 1033 2241 poterant
1050 2164 1199 2240 sperare
1216 2144 1392 2239 quietem,
1410 2165 1509 2219 nuuc
1526 2164 1618 2220 vero

446 2267 533 2342 dicit
559 2266 658 2361 quod
682 2266 833 2361 quietati
848 2257 884 2359 (³)
904 2273 1006 2340 sunt:
1024 2265 1218 2340 dicendum
1238 2265 1399 2341 breviter
1416 2265 1515 2359 quod
1532 2273 1618 2338 sunt

446 2387 597 2480 quietuti
623 2408 722 2461 nunc
738 2387 1008 2464 accidentaliter
1025 2397 1062 2462 et
1078 2386 1124 2461 ad
1145 2386 1482 2482 augmentationem
1500 2406 1617 2482 penae,

447 2507 533 2598 quia
561 2494 809 2598 renovatust‘)
832 2513 887 2581 est
911 2508 1016 2581 dolor
1041 2526 1185 2601 eorum,
1202 2512 1244 2578 ut
1267 2507 1390 2580 statim
1415 2506 1620 2601 patebit.-

449 2628 545 2697 Sede.
573 2627 637 2699 Hic
663 2626 852 2701 Francisca
879 2627 963 2700 lacit
988 2627 1235 2702 narrationem
1252 2634 1291 2702 et
1306 2627 1426 2723 primo
1449 2628 1618 2703 describit

449 2743 569 2849 locum
596 2745 744 2840 originis
775 2766 853 2818 suae
884 2745 1018 2840 dicens,
1048 2746 1235 2839 quomodo
1268 2746 1335 2821 luit
1368 2747 1415 2821 de
1445 2747 1618 2822 Ravenna

447 2863 697 2958 antiquissima
721 2865 877 2940 civitate.
904 2865 996 2939 Dicit
1021 2886 1135 2962 ergo:
1162 2871 1199 2940 to
1224 2875 1323 2941 terro
1341 2871 1431 2942 door
1445 2877 1531 2942 acta
1553 2873 1619 2962 stri,

449 2984 549 3077 idest,
574 2985 748 3059 Ravenna
763 2977 799 3077 (ὅ)
827 3004 941 3080 prope
966 3004 1071 3059 mare
1094 2986 1170 3060 duo
1201 2987 1259 3061 vel
1292 2988 1361 3062 tria
1393 2989 1558 3083 miliaria,
1584 2995 1622 3063 et

448 3104 601 3180 distata
626 3105 706 3179 loco
732 3104 795 3178 ubi
812 3104 932 3180 Padus
956 3104 1052 3182 cadit
1068 3105 1105 3179 in
1131 3126 1236 3181 mare
1253 3126 1320 3202 per
1336 3107 1529 3183 duodecim
1551 3107 1622 3181 mi-

448 3224 561 3299 liaria.
587 3224 689 3298 Unde
713 3223 821 3298 dicit:
839 3227 928 3298 dooe
947 3228 973 3298 ’l
988 3230 1040 3298 Po
1057 3228 1244 3319 doenum
1261 3226 1422 3323 intellige
1439 3233 1618 3322 quantum

447 3346 492 3418 ad
516 3346 707 3419 brachium
734 3351 902 3421 rectum:
929 3347 1040 3420 intrat
1057 3347 1155 3422 enim
1173 3346 1293 3421 Padus
1311 3347 1347 3421 in
1365 3367 1470 3422 mare
1487 3349 1523 3420 in
1541 3348 1622 3423 loeo

448 3466 511 3558 qui
537 3472 691 3540 vocatur
715 3467 956 3560 primarium;
982 3472 1020 3541 et
1044 3465 1152 3540 dicit:
1176 3488 1243 3559 per
1267 3487 1354 3539 ooo
1373 3487 1464 3560 poce
1488 3470 1543 3540 ooi
1565 3488 1621 3539 se-

448 3587 550 3674 pocot
569 3587 633 3678 soi,
656 3583 758 3677 idest,
782 3605 868 3659 cum
893 3584 1114 3678 fluminibus,
1135 3584 1222 3679 quia
1240 3585 1307 3659 nisi
1325 3585 1445 3659 Padus
1465 3587 1617 3660 intraret

450 3724 553 3779 mare
578 3704 750 3778 continuo
777 3704 1024 3778 reluctaretur
1048 3722 1135 3776 cum
1161 3704 1372 3777 numinibus
1397 3703 1483 3797 suis,
1506 3710 1543 3777 et
1567 3704 1618 3777 sic

448 3831 543 3900 esset
568 3826 605 3898 in
631 3823 804 3898 continuo
833 3822 940 3896 bello.
971 3822 1092 3897 Padus
1125 3822 1236 3918 enim,
1265 3823 1469 3897 secundum
1499 3823 1619 3918 Virgi-

449 3947 551 4039 lium,
577 3966 644 4019 rex
670 3943 867 4017 tluviorum
892 3942 1064 4017 discurrit
1087 3962 1155 4037 por
1184 3942 1347 4018 medium
1377 3941 1615 4037 Lomhardiae‚

449 4071 485 4137 et
510 4064 644 4160 colligit
668 4082 797 4138 omnes
821 4082 937 4158 aquas
962 4063 1157 4137 fluminum
1183 4082 1268 4158 quae
1293 4064 1428 4138 intrant
1452 4064 1571 4158 ipsum
1596 4085 1617 4138 a

448 4185 584 4259 dextris
610 4191 647 4258 et
672 4184 834 4279 sinistris,
860 4191 897 4258 et
920 4184 1044 4257 omnia
1068 4204 1195 4258 secum
1222 4184 1333 4260 trahit
1357 4192 1396 4259 et
1426 4191 1548 4278 portat
1571 4184 1618 4259 ud

450 4325 553 4380 marc
578 4325 644 4400 per
673 4305 835 4379 diversas
869 4303 1005 4398 lauces,
1036 4310 1078 4377 ut
1108 4303 1252 4378 dicetur
1285 4304 1445 4378 Paradisi
1477 4302 1618 4399 plenius

509 4547 536 4604 (¹)
553 4546 578 4596 S.
593 4559 718 4609 pervum,
735 4546 811 4595 cuius
826 4557 903 4595 criu·
918 4545 954 4595 lla
966 4543 1105 4608 lactamur.
1118 4570 1147 4581 -
1159 4548 1214 4603 tlt,
1231 4557 1357 4609 ponem,
1375 4542 1441 4593 idest
1455 4555 1488 4592 ex
1503 4552 1565 4606 quo.

508 4622 534 4681 (¹)
553 4626 605 4679 llo,
623 4622 673 4672 Sed
689 4623 731 4672 hie
748 4628 833 4672 autor.
843 4647 874 4658 -
884 4621 913 4670 li.
929 4620 980 4671 Sed
996 4625 1088 4671 contra
1104 4625 1190 4671 autor.

509 4697 535 4756 (¹)
553 4698 582 4746 E.
599 4697 704 4759 quictati
720 4702 780 4746 sunt
796 4710 866 4746 nune
881 4695 1084 4746 accidentaliter.

508 4772 534 4832 (⁸)
552 4773 581 4822 F.
599 4777 741 4822 renovatur
755 4771 859 4832 dolor„

509 4850 536 4909 (¹)
552 4851 587 4908 S„
604 4848 634 4898 li.
651 4861 666 4898 e
684 4851 737 4907 tlt,
754 4848 874 4898 Ravenna
891 4848 972 4912 putria
987 4860 1054 4897 mea.
1073 4848 1142 4909 Sede,
1159 4849 1224 4900 idest
1240 4851 1333 4901 situata
1349 4854 1389 4900 est
1403 4862 1434 4897 ru
1450 4849 1476 4898 la
1491 4845 1616 4897 murra:

449 4926 513 4975 idest
528 4937 607 4989 super
621 4924 688 4976 mrrt
704 4924 819 4984 adunco:
836 4924 962 4974 ostentm
978 4923 1100 4975 Ravenna
1117 4937 1198 4988 propo
1213 4938 1287 4978 mare
1304 4938 1351 4991 per
1366 4924 1428 4976 duo.
