4154 6546
599 779 668 853 art
986 788 1191 849 cousstlnbll
1216 789 1366 848 lltmtu

596 937 754 1033 suendae
777 935 1070 1030 promptissimus
1094 954 1291 1030 persuasor
1308 929 1517 1029 virtutislb,
1532 955 1620 1011 orm
1645 944 1766 1032 posset

596 1059 633 1133 in
656 1075 789 1132 wcura
813 1054 982 1133 libertate
1006 1055 1133 1131 vivere
1157 1055 1195 1128 in
1217 1054 1336 1150 patria
1360 1075 1427 1130 sua
1442 1046 1481 1147 (¹)
1497 1055 1601 1131 ldelia
1617 1055 1655 1130 iu
1673 1056 1766 1133 Gre-

596 1177 664 1271 cia,
690 1175 855 1255 transivit
879 1174 918 1249 iu
942 1174 1113 1268 Siciliam,
1132 1181 1171 1249 et
1195 1175 1296 1251 venit
1312 1174 1552 1272 Agrigentum
1568 1175 1766 1268 civitatem,

598 1297 661 1377 ubi
687 1294 865 1391 regnabat
889 1293 1051 1371 Phalaris
1081 1294 1247 1370 tirannus
1272 1285 1558 1389 crudelissimus,
1583 1295 1767 1370 conlidens
1844 1367 1848 1376 .

599 1416 735 1497 virtuto
759 1420 796 1492 et
820 1413 946 1510 linguan
970 1433 1076 1508 posse
1101 1433 1298 1489 removere
1317 1414 1501 1489 Phalarim
1518 1414 1566 1489 ab
1583 1414 1769 1508 impietate

599 1555 690 1628 auu3
716 1533 780 1615 sed
804 1553 891 1611 cum
917 1532 1004 1611 nibil
1028 1533 1234 1628 proliceret,
1258 1534 1420 1609 incitavit
1440 1534 1597 1629 juvenes
1622 1535 1770 1610 nobilis·

599 1654 711 1736 simos
735 1652 889 1733 uriom
911 1653 959 1729 nd
984 1653 1211 1731 liberandam
1235 1654 1402 1750 patriam.
1432 1653 1538 1742 Quod
1567 1674 1655 1731 eum
1684 1675 1769 1750 per-

599 1773 757 1849 venisset
780 1773 829 1851 ad
853 1793 964 1849 aures
981 1773 1154 1867 Phalaris,
1180 1778 1380 1849 convocato
1404 1773 1539 1867 populo
1566 1773 1603 1847 irr
1633 1774 1768 1869 lorum,

599 1892 710 1989 uoepit
733 1893 856 1975 iacere
871 1893 989 1987 ipsum
1012 1892 1176 1986 torqueri
1193 1891 1296 1967 vario
1311 1910 1451 1987 genere
1466 1912 1658 1988 penarum,
1677 1916 1771 1989 que-

602 2033 686 2095 rens
710 2034 804 2108 quos
818 2004 855 2105 (³)
882 2014 1035 2091 haberet
1056 2011 1253 2106 complices
1274 2010 1558 2105 oonJ'urationis3
1584 2013 1648 2087 sed
1674 2016 1771 2088 Zeno

601 2134 745 2214 nudum
774 2133 986 2227 nominavit,
1017 2133 1092 2206 imo
1119 2131 1256 2206 amieos
1291 2129 1516 2206 fidelissimos
1546 2130 1680 2210 tiranni
1709 2153 1771 2208 ac-

603 2254 755 2348 cusarit,
780 2261 817 2331 et
841 2260 1028 2348 suspectus
1052 2251 1148 2344 iecit,
1173 2256 1211 2325 et
1233 2248 1372 2345 positus
1388 2249 1483 2325 inter
1499 2256 1685 2326 tormenta
1704 2272 1772 2327 er-

603 2375 801 2468 protrahat
823 2371 1068 2470 Agrigentinis
1093 2370 1268 2444 vilitatem
1294 2374 1330 2443 et
1357 2368 1598 2443 timiditatem.
1625 2370 1773 2465 Exque

603 2493 714 2569 animi
725 2493 861 2567 civium
879 2491 1047 2567 concitati
1066 2490 1257 2565 irruerunt
1277 2487 1315 2560 iu
1332 2487 1514 2562 Phalarim
1532 2508 1619 2563 cum
1636 2489 1773 2584 lurore,

602 2618 640 2685 et
670 2611 789 2704 ipsum
818 2631 906 2685 cum
936 2610 1116 2704 lapidibus
1131 2613 1424 2700 mactaverunt3
1459 2609 1588 2702 etsie,
1619 2617 1662 2683 ut
1689 2612 1774 2687 dicit

605 2729 782 2822 Valerius,
810 2749 887 2804 non
912 2747 983 2802 vor
1001 2727 1160 2820 humilis,
1177 2746 1251 2801 non
1267 2727 1412 2821 plantus
1432 2727 1645 2804 miserabilis
1665 2731 1776 2806 unius

604 2848 754 2924 senicull
779 2847 883 2942 positi
908 2847 945 2923 io
972 2851 1128 2938 tortura,
1154 2845 1219 2920 sed
1248 2844 1351 2919 tortis
1380 2846 1587 2923 exhortatio
1620 2851 1776 2924 mutarit

602 2969 768 3049 animum
792 2974 832 3043 el
856 2967 1041 3043 sommam
1066 2965 1178 3039 totius
1196 2965 1306 3041 unius
1322 2965 1477 3041 civitatis
1496 2955 1544 3059 (⁸).
1561 2967 1664 3043 llius
1680 2972 1774 3044 Zeno

603 3089 835 3184 philosophus
861 3087 939 3180 init,
965 3085 1029 3180 qui
1052 3085 1142 3159 dum
1168 3092 1407 3179 torqueretur
1429 3087 1478 3161 ab
1505 3088 1578 3162 alio
1607 3097 1775 3185 tyranno,

603 3210 668 3304 qui
692 3209 811 3285 dictus
835 3213 891 3282 est
911 3208 1085 3299 laureas,
1106 3205 1386 3281 cuius‘mortam
1407 3207 1484 3302 ipse
1499 3217 1774 3302 procuraverat,

605 3349 694 3428 usus
726 3348 860 3423 magna
891 3326 1024 3403 mutia
1053 3324 1157 3403 linxit
1186 3345 1225 3399 se
1255 3327 1350 3400 valle
1380 3326 1504 3402 dicere
1536 3328 1692 3402 verbum
1717 3349 1775 3404 ae·

606 3439 758 3538 cremii)
782 3448 820 3523 in
844 3466 938 3522 aure
963 3446 1011 3521 illi
1029 3435 1080 3536 l‘l,
1097 3450 1246 3540 propter
1264 3444 1362 3538 quod
1377 3445 1564 3540 depositus
1579 3468 1602 3522 a
1620 3455 1774 3542 tortura,

603 3569 800 3646 observata
826 3563 1109 3660 opportunitate,
1137 3562 1375 3657 apprehendit
1404 3564 1610 3641 auriculam
1643 3568 1776 3642 tiranni

603 3708 691 3763 curu
717 3684 896 3776 dentibus,
921 3703 990 3759 nec
1015 3681 1150 3758 dimisit
1171 3681 1288 3755 donec
1312 3681 1390 3774 ipse
1414 3683 1579 3776 priuatus
1608 3692 1665 3757 est
1691 3687 1776 3788 ritu,

607 3814 644 3881 ut
669 3807 830 3882 bearcus
846 3808 951 3898 parte
967 3800 1153 3895 eorporis3
1173 3820 1261 3875 num
1287 3800 1366 3895 ipse
1380 3820 1513 3876 aurem
1536 3801 1776 3898 detruncsm

609 3933 647 4001 et
673 3926 748 4020 ipse
769 3943 795 3999 a
817 3921 963 4001 tumulis
988 3925 1178 3997 truncatus
1202 3908 1321 4011 eslf).
1338 3925 1373 3995 Ε
1390 3922 1470 3995 υἱώ.
1490 3920 1557 3997 Ηὶυ
1576 3928 1686 3996 autor
1710 3945 1778 3999 no-

612 4045 724 4118 minat
747 4043 842 4117 duos
867 4041 1080 4136 precipuos,
1098 4059 1218 4116 unum
1234 4039 1427 4135 phisicam,
1442 4039 1600 4117 alterum
1618 4048 1776 4137 poetam,

604 4171 643 4238 et
666 4161 789 4257 primo
812 4159 1084 4258 llyascuridem,
1110 4178 1222 4253 quem
1239 4159 1410 4236 describit
1427 4160 1671 4256 specialitera
1696 4185 1778 4239 ma-

605 4283 709 4376 teria,
733 4282 780 4357 de
805 4302 880 4376 qua
903 4280 1045 4375 scripsit
1065 4267 1115 4370 (⁸).
1141 4278 1196 4353 dd
1227 4279 1326 4372 quod
1358 4278 1561 4375 aeteruum,
1587 4281 1687 4375 quod
1711 4283 1778 4359 iste

671 4535 697 4596 ζ’)
715 4536 745 4584 Ε.
763 4534 885 4584 veritatis.
990 4531 1017 4592 (⁸)
1033 4531 1063 4580 Ε.
1082 4532 1162 4594 putria
1178 4544 1232 4589 sua,
1249 4529 1322 4593 Cityo
1339 4532 1364 4580 lu
1380 4531 1486 4581 Gracia.
1590 4527 1618 4593 (ἦ
1637 4534 1690 4590 lle,
1706 4538 1778 4595 quot.

672 4610 698 4670 (⁸)
718 4612 739 4659 ll
754 4617 827 4660 tato:
844 4609 911 4658 senis
931 4622 995 4671 ergo
1011 4606 1088 4657 unius
1102 4605 1195 4657 amiso
1207 4606 1320 4668 inpudtl
1334 4619 1389 4657 ιιι
1404 4607 1512 4669 emb!
1528 4620 1585 4665 vox,
1602 4618 1650 4657 aas
1670 4607 1779 4658 muers-

611 4685 666 4735 bills
681 4684 800 4744 eiulatus,
816 4685 861 4733 sed
877 4683 952 4733 sortis
969 4683 1115 4733 cohortatio
1131 4684 1210 4733 lodus
1224 4683 1297 4732 uhts
1311 4683 1427 4733 suham
1444 4681 1629 4746 unumque
1644 4683 1762 4733 nonsit.

670 4761 696 4820 θ)
715 4764 760 4810 tls
775 4773 790 4809 e
806 4759 832 4808 S.
849 4764 988 4808 sacrarum.
1300 4756 1326 4818 (⁸)
1344 4758 1374 4808 n
1392 4759 1418 4808 h
1433 4771 1497 4808 aare
1512 4759 1576 4808 stus.

672 4835 698 4897 (²)
715 4835 779 4885 Vedl
796 4833 901 4883 Valerio
917 4834 1048 4891 blasima,
1065 4832 1109 4883 lh
1126 4832 1172 4890 ΙΙΙ,
1189 4845 1244 4894 cap
1260 4834 1305 4882 lll.

672 4911 698 4973 (⁸)
715 4911 742 4962 S.
758 4910 936 4974 mmm.
