<?xml version="1.0" encoding="UTF-8"?>
<!DOCTYPE html PUBLIC "-//W3C//DTD XHTML 1.0 Transitional//EN"
    "http://www.w3.org/TR/xhtml1/DTD/xhtml1-transitional.dtd">
<html xmlns="http://www.w3.org/1999/xhtml" xml:lang="en" lang="en">
 <head>
  <title>
</title>
<meta http-equiv="Content-Type" content="text/html;charset=utf-8" />
  <meta name='ocr-system' content='tesseract 3.04.00' />
  <meta name='ocr-capabilities' content='ocr_page ocr_carea ocr_par ocr_line ocrx_word'/>
</head>
<body>
  <div class='ocr_page' id='page_1' title='image "./comentumsuperda00benvgoog_0352.png"; bbox 0 0 4154 6546; ppageno 0'>
   <div class='ocr_carea' id='block_1_1' title="bbox 969 800 1349 860">
    <p class='ocr_par' dir='ltr' id='par_1_1' title="bbox 969 800 1349 860">
     <span class='ocr_line' id='line_1_1' title="bbox 969 800 1349 860; baseline 0 -2"><span class='ocrx_word' id='word_1_1' title='bbox 969 800 1171 859; x_wconf 69' lang='lat' dir='ltr'>consutum</span> <span class='ocrx_word' id='word_1_2' title='bbox 1198 801 1349 860; x_wconf 73' lang='lat' dir='ltr'>tumtun</span> 
     </span>
    </p>
   </div>
   <div class='ocr_carea' id='block_1_2' title="bbox 575 1178 1740 1596">
    <p class='ocr_par' dir='ltr' id='par_1_2' title="bbox 575 1178 1740 1596">
     <span class='ocr_line' id='line_1_2' title="bbox 575 1178 1736 1263; baseline 0 -16"><span class='ocrx_word' id='word_1_3' title='bbox 575 1179 739 1247; x_wconf 73' lang='lat' dir='ltr'>oculus</span> <span class='ocrx_word' id='word_1_4' title='bbox 762 1179 914 1260; x_wconf 86' lang='lat' dir='ltr'>NONUS,</span> <span class='ocrx_word' id='word_1_5' title='bbox 938 1181 974 1244; x_wconf 73' lang='lat' dir='ltr'>in</span> <span class='ocrx_word' id='word_1_6' title='bbox 988 1200 1048 1262; x_wconf 70' lang='lat' dir='ltr'>pso</span> <span class='ocrx_word' id='word_1_7' title='bbox 1073 1179 1227 1263; x_wconf 59' lang='lat' dir='ltr'>Mitius</span> <span class='ocrx_word' id='word_1_8' title='bbox 1249 1180 1391 1246; x_wconf 81' lang='lat' dir='ltr'>dcclcrut</span> <span class='ocrx_word' id='word_1_9' title='bbox 1406 1178 1511 1246; x_wconf 74' lang='lat' dir='ltr'>Danti</span> <span class='ocrx_word' id='word_1_10' title='bbox 1527 1183 1736 1262; x_wconf 64' lang='lat' dir='ltr'>mutauere,</span> 
     </span>
     <span class='ocr_line' id='line_1_3' title="bbox 646 1290 1737 1375; baseline 0.002 -18"><span class='ocrx_word' id='word_1_11' title='bbox 646 1293 727 1357; x_wconf 69' lang='lat' dir='ltr'>sicto</span> <span class='ocrx_word' id='word_1_12' title='bbox 748 1292 816 1356; x_wconf 83' lang='lat' dir='ltr'>otio</span> <span class='ocrx_word' id='word_1_13' title='bbox 837 1293 902 1357; x_wconf 79' lang='lat' dir='ltr'>ricc</span> <span class='ocrx_word' id='word_1_14' title='bbox 922 1291 987 1372; x_wconf 76' lang='lat' dir='ltr'>fuit</span> <span class='ocrx_word' id='word_1_15' title='bbox 1008 1291 1189 1357; x_wconf 78' lang='lat' dir='ltr'>incivitate</span> <span class='ocrx_word' id='word_1_16' title='bbox 1202 1290 1331 1375; x_wconf 76' lang='lat' dir='ltr'>Irsserni</span> <span class='ocrx_word' id='word_1_17' title='bbox 1351 1297 1443 1357; x_wconf 67' lang='lat' dir='ltr'>tecm</span> <span class='ocrx_word' id='word_1_18' title='bbox 1464 1312 1534 1357; x_wconf 73' lang='lat' dir='ltr'>enm</span> <span class='ocrx_word' id='word_1_19' title='bbox 1555 1293 1594 1357; x_wconf 82' lang='lat' dir='ltr'>dc</span> <span class='ocrx_word' id='word_1_20' title='bbox 1615 1295 1737 1369; x_wconf 73' lang='lat' dir='ltr'>itincre,</span> 
     </span>
     <span class='ocr_line' id='line_1_4' title="bbox 647 1401 1740 1484; baseline 0.002 -17"><span class='ocrx_word' id='word_1_21' title='bbox 647 1422 684 1467; x_wconf 86' lang='lat' dir='ltr'>oc</span> <span class='ocrx_word' id='word_1_22' title='bbox 706 1405 801 1466; x_wconf 84' lang='lat' dir='ltr'>etium</span> <span class='ocrx_word' id='word_1_23' title='bbox 822 1402 862 1466; x_wconf 85' lang='lat' dir='ltr'>de</span> <span class='ocrx_word' id='word_1_24' title='bbox 883 1402 985 1467; x_wconf 67' lang='lat' dir='ltr'>tribus</span> <span class='ocrx_word' id='word_1_25' title='bbox 998 1401 1097 1483; x_wconf 67' lang='lat' dir='ltr'>furiis</span> <span class='ocrx_word' id='word_1_26' title='bbox 1112 1403 1222 1468; x_wconf 63' lang='lat' dir='ltr'>circus</span> <span class='ocrx_word' id='word_1_27' title='bbox 1237 1403 1433 1484; x_wconf 67' lang='lat' dir='ltr'>serpentibus</span> <span class='ocrx_word' id='word_1_28' title='bbox 1439 1425 1449 1481; x_wconf 90' lang='grc'>,·</span> <span class='ocrx_word' id='word_1_29' title='bbox 1471 1408 1501 1467; x_wconf 85' lang='lat' dir='ltr'>et</span> <span class='ocrx_word' id='word_1_30' title='bbox 1515 1404 1551 1467; x_wconf 82' lang='lat' dir='ltr'>iu</span> <span class='ocrx_word' id='word_1_31' title='bbox 1568 1405 1640 1484; x_wconf 72' lang='lat' dir='ltr'>piot,</span> <span class='ocrx_word' id='word_1_32' title='bbox 1659 1406 1740 1470; x_wconf 74' lang='lat' dir='ltr'>sicut</span> 
     </span>
     <span class='ocr_line' id='line_1_5' title="bbox 645 1512 1631 1596; baseline 0.004 -22"><span class='ocrx_word' id='word_1_33' title='bbox 645 1516 779 1593; x_wconf 82' lang='lat' dir='ltr'>propter</span> <span class='ocrx_word' id='word_1_34' title='bbox 801 1514 906 1577; x_wconf 76' lang='lat' dir='ltr'>nuntii</span> <span class='ocrx_word' id='word_1_35' title='bbox 928 1512 995 1576; x_wconf 84' lang='lat' dir='ltr'>coeli</span> <span class='ocrx_word' id='word_1_36' title='bbox 1016 1513 1221 1591; x_wconf 76' lang='lat' dir='ltr'>securitatem,</span> <span class='ocrx_word' id='word_1_37' title='bbox 1245 1514 1382 1596; x_wconf 77' lang='lat' dir='ltr'>inpressi</span> <span class='ocrx_word' id='word_1_38' title='bbox 1402 1518 1476 1578; x_wconf 81' lang='lat' dir='ltr'>suot</span> <span class='ocrx_word' id='word_1_39' title='bbox 1491 1519 1631 1594; x_wconf 82' lang='lat' dir='ltr'>portam.</span> 
     </span>
    </p>
   </div>
   <div class='ocr_carea' id='block_1_3' title="bbox 573 1796 1740 2583">
    <p class='ocr_par' dir='ltr' id='par_1_3' title="bbox 573 1796 1740 2583">
     <span class='ocr_line' id='line_1_6' title="bbox 654 1796 1739 2004; baseline 0.003 -41"><span class='ocrx_word' id='word_1_40' title='bbox 654 1796 809 2004; x_wconf 77' lang='lat' dir='ltr'>Qum</span> <span class='ocrx_word' id='word_1_41' title='bbox 833 1893 931 1962; x_wconf 87' lang='lat' dir='ltr'>color</span> <span class='ocrx_word' id='word_1_42' title='bbox 953 1893 1014 1963; x_wconf 81' lang='lat' dir='ltr'>cite</span> <span class='ocrx_word' id='word_1_43' title='bbox 1039 1881 1122 1962; x_wconf 81' lang='lat' dir='ltr'>oiltd</span> <span class='ocrx_word' id='word_1_44' title='bbox 1146 1893 1184 1963; x_wconf 86' lang='lat' dir='ltr'>di</span> <span class='ocrx_word' id='word_1_45' title='bbox 1205 1894 1266 1983; x_wconf 81' lang='lat' dir='ltr'>sor</span> <span class='ocrx_word' id='word_1_46' title='bbox 1291 1892 1340 1962; x_wconf 80' lang='lat' dir='ltr'>mi</span> <span class='ocrx_word' id='word_1_47' title='bbox 1352 1894 1463 1982; x_wconf 63' lang='grc' dir='ltr'>ριἰιςε.</span> <span class='ocrx_word' id='word_1_48' title='bbox 1486 1892 1684 1986; x_wconf 58' lang='lat' dir='ltr'>Quonam</span> <span class='ocrx_word' id='word_1_49' title='bbox 1703 1894 1739 1967; x_wconf 93' lang='lat' dir='ltr'>in</span> 
     </span>
     <span class='ocr_line' id='line_1_7' title="bbox 573 2003 1740 2104; baseline 0.003 -22"><span class='ocrx_word' id='word_1_50' title='bbox 573 2011 753 2104; x_wconf 77' lang='lat' dir='ltr'>superiori</span> <span class='ocrx_word' id='word_1_51' title='bbox 782 2010 941 2104; x_wconf 80' lang='lat' dir='ltr'>cepltulo</span> <span class='ocrx_word' id='word_1_52' title='bbox 969 2009 1137 2103; x_wconf 84' lang='lat' dir='ltr'><strong>proxime</strong></span> <span class='ocrx_word' id='word_1_53' title='bbox 1167 2009 1383 2103; x_wconf 78' lang='lat' dir='ltr'>precedenti</span> <span class='ocrx_word' id='word_1_54' title='bbox 1416 2016 1522 2102; x_wconf 91' lang='lat' dir='ltr'>poeta</span> <span class='ocrx_word' id='word_1_55' title='bbox 1537 2003 1573 2101; x_wconf 82' lang='lat'>(¹)</span> <span class='ocrx_word' id='word_1_56' title='bbox 1606 2012 1740 2086; x_wconf 76' lang='lat' dir='ltr'>Dentes</span> 
     </span>
     <span class='ocr_line' id='line_1_8' title="bbox 573 2129 1738 2225; baseline 0.003 -23"><span class='ocrx_word' id='word_1_57' title='bbox 573 2130 728 2204; x_wconf 79' lang='lat' dir='ltr'><strong>ostendit</strong></span> <span class='ocrx_word' id='word_1_58' title='bbox 761 2130 947 2223; x_wconf 88' lang='lat' dir='ltr'>quomodo</span> <span class='ocrx_word' id='word_1_59' title='bbox 981 2129 1151 2225; x_wconf 83' lang='lat' dir='ltr'>Virgilius</span> <span class='ocrx_word' id='word_1_60' title='bbox 1188 2129 1297 2203; x_wconf 87' lang='lat' dir='ltr'>luerit</span> <span class='ocrx_word' id='word_1_61' title='bbox 1326 2129 1483 2224; x_wconf 78' lang='lat' dir='ltr'>turpiter</span> <span class='ocrx_word' id='word_1_62' title='bbox 1511 2132 1684 2205; x_wconf 80' lang='lat' dir='ltr'>exclusus</span> <span class='ocrx_word' id='word_1_63' title='bbox 1717 2152 1738 2205; x_wconf 85' lang='lat' dir='ltr'>a</span> 
     </span>
     <span class='ocr_line' id='line_1_9' title="bbox 574 2250 1739 2349; baseline 0.002 -27"><span class='ocrx_word' id='word_1_64' title='bbox 574 2257 679 2343; x_wconf 91' lang='lat' dir='ltr'>porta</span> <span class='ocrx_word' id='word_1_65' title='bbox 702 2251 853 2324; x_wconf 89' lang='lat' dir='ltr'>civitatis</span> <span class='ocrx_word' id='word_1_66' title='bbox 870 2250 1065 2349; x_wconf 77' lang='lat' dir='ltr'>infernalis,</span> <span class='ocrx_word' id='word_1_67' title='bbox 1092 2270 1190 2323; x_wconf 88' lang='lat' dir='ltr'>nunc</span> <span class='ocrx_word' id='word_1_68' title='bbox 1214 2255 1481 2342; x_wconf 73' lang='lat' dir='ltr'>consequenter</span> <span class='ocrx_word' id='word_1_69' title='bbox 1498 2250 1536 2322; x_wconf 93' lang='lat' dir='ltr'>in</span> <span class='ocrx_word' id='word_1_70' title='bbox 1552 2250 1621 2323; x_wconf 89' lang='lat' dir='ltr'>isto</span> <span class='ocrx_word' id='word_1_71' title='bbox 1642 2271 1739 2324; x_wconf 92' lang='lat' dir='ltr'>nono</span> 
     </span>
     <span class='ocr_line' id='line_1_10' title="bbox 574 2368 1739 2464; baseline 0 -22"><span class='ocrx_word' id='word_1_72' title='bbox 574 2369 732 2464; x_wconf 91' lang='lat' dir='ltr'>capitulo</span> <span class='ocrx_word' id='word_1_73' title='bbox 762 2370 913 2443; x_wconf 90' lang='lat' dir='ltr'>intendit</span> <span class='ocrx_word' id='word_1_74' title='bbox 942 2368 1137 2443; x_wconf 88' lang='lat' dir='ltr'>ostendere</span> <span class='ocrx_word' id='word_1_75' title='bbox 1166 2368 1350 2461; x_wconf 88' lang='lat' dir='ltr'>quomodo</span> <span class='ocrx_word' id='word_1_76' title='bbox 1387 2374 1425 2442; x_wconf 90' lang='lat' dir='ltr'>et</span> <span class='ocrx_word' id='word_1_77' title='bbox 1461 2368 1567 2441; x_wconf 88' lang='lat' dir='ltr'>cuius</span> <span class='ocrx_word' id='word_1_78' title='bbox 1602 2369 1739 2443; x_wconf 80' lang='lat' dir='ltr'>auxilio</span> 
     </span>
     <span class='ocr_line' id='line_1_11' title="bbox 575 2481 1738 2583; baseline 0.003 -25"><span class='ocrx_word' id='word_1_79' title='bbox 575 2489 763 2561; x_wconf 81' lang='lat' dir='ltr'>intraverit</span> <span class='ocrx_word' id='word_1_80' title='bbox 777 2481 814 2578; x_wconf 80' lang='lat'>(²)</span> <span class='ocrx_word' id='word_1_81' title='bbox 833 2489 938 2561; x_wconf 86' lang='lat' dir='ltr'>istam</span> <span class='ocrx_word' id='word_1_82' title='bbox 956 2489 1151 2563; x_wconf 89' lang='lat' dir='ltr'>civitatem.</span> <span class='ocrx_word' id='word_1_83' title='bbox 1170 2489 1214 2561; x_wconf 88' lang='lat' dir='ltr'>Et</span> <span class='ocrx_word' id='word_1_84' title='bbox 1230 2507 1390 2582; x_wconf 75' lang='lat' dir='ltr'>presens</span> <span class='ocrx_word' id='word_1_85' title='bbox 1405 2488 1604 2581; x_wconf 88' lang='lat' dir='ltr'>capitulum</span> <span class='ocrx_word' id='word_1_86' title='bbox 1621 2496 1738 2583; x_wconf 87' lang='lat' dir='ltr'>potest</span> 
     </span>
    </p>
   </div>
   <div class='ocr_carea' id='block_1_4' title="bbox 572 2724 1740 4604">
    <p class='ocr_par' dir='ltr' id='par_1_4' title="bbox 572 2724 1740 4604">
     <span class='ocr_line' id='line_1_12' title="bbox 575 2724 1738 2822; baseline 0.004 -27"><span class='ocrx_word' id='word_1_87' title='bbox 575 2724 693 2818; x_wconf 92' lang='lat' dir='ltr'>prima</span> <span class='ocrx_word' id='word_1_88' title='bbox 719 2724 888 2797; x_wconf 81' lang='lat' dir='ltr'>describit</span> <span class='ocrx_word' id='word_1_89' title='bbox 904 2724 1202 2799; x_wconf 84' lang='lat' dir='ltr'>deliberationem</span> <span class='ocrx_word' id='word_1_90' title='bbox 1219 2732 1257 2798; x_wconf 92' lang='lat' dir='ltr'>et</span> <span class='ocrx_word' id='word_1_91' title='bbox 1276 2725 1466 2798; x_wconf 87' lang='lat' dir='ltr'>eonsilium</span> <span class='ocrx_word' id='word_1_92' title='bbox 1487 2726 1622 2822; x_wconf 80' lang='lat' dir='ltr'>Virgilii</span> <span class='ocrx_word' id='word_1_93' title='bbox 1643 2727 1738 2800; x_wconf 83' lang='lat' dir='ltr'>circa</span> 
     </span>
     <span class='ocr_line' id='line_1_13' title="bbox 572 2842 1740 2919; baseline 0.003 -4"><span class='ocrx_word' id='word_1_94' title='bbox 572 2843 684 2915; x_wconf 88' lang='lat' dir='ltr'>istum</span> <span class='ocrx_word' id='word_1_95' title='bbox 711 2842 910 2915; x_wconf 91' lang='lat' dir='ltr'>introitum.</span> <span class='ocrx_word' id='word_1_96' title='bbox 937 2844 977 2915; x_wconf 95' lang='lat' dir='ltr'>ln</span> <span class='ocrx_word' id='word_1_97' title='bbox 1000 2844 1161 2916; x_wconf 90' lang='lat' dir='ltr'>secunda</span> <span class='ocrx_word' id='word_1_98' title='bbox 1184 2843 1354 2917; x_wconf 85' lang='lat' dir='ltr'>describit</span> <span class='ocrx_word' id='word_1_99' title='bbox 1373 2845 1740 2919; x_wconf 83' lang='lat' dir='ltr'>monstra-infernalia</span> 
     </span>
     <span class='ocr_line' id='line_1_14' title="bbox 574 2961 1740 3055; baseline 0.002 -21"><span class='ocrx_word' id='word_1_100' title='bbox 574 2982 660 3054; x_wconf 82' lang='lat' dir='ltr'>que</span> <span class='ocrx_word' id='word_1_101' title='bbox 684 2968 934 3055; x_wconf 88' lang='lat' dir='ltr'>apparuerunt</span> <span class='ocrx_word' id='word_1_102' title='bbox 959 2961 1026 3034; x_wconf 88' lang='lat' dir='ltr'>sibi</span> <span class='ocrx_word' id='word_1_103' title='bbox 1051 2961 1088 3034; x_wconf 92' lang='lat' dir='ltr'>in</span> <span class='ocrx_word' id='word_1_104' title='bbox 1113 2962 1181 3036; x_wconf 87' lang='lat' dir='ltr'>ista</span> <span class='ocrx_word' id='word_1_105' title='bbox 1207 2963 1311 3054; x_wconf 90' lang='lat' dir='ltr'>turri,</span> <span class='ocrx_word' id='word_1_106' title='bbox 1333 2963 1406 3036; x_wconf 92' lang='lat' dir='ltr'>ibi:</span> <span class='ocrx_word' id='word_1_107' title='bbox 1423 2969 1457 3035; x_wconf 85' lang='lat' dir='ltr'>et</span> <span class='ocrx_word' id='word_1_108' title='bbox 1473 2967 1567 3036; x_wconf 76' lang='lat' dir='ltr'>ultro</span> <span class='ocrx_word' id='word_1_109' title='bbox 1583 2967 1683 3036; x_wconf 71' lang='lat' dir='ltr'>dese.</span> <span class='ocrx_word' id='word_1_110' title='bbox 1702 2964 1740 3036; x_wconf 91' lang='lat' dir='ltr'>lu</span> 
     </span>
     <span class='ocr_line' id='line_1_15' title="bbox 577 3080 1739 3174; baseline 0.002 -20"><span class='ocrx_word' id='word_1_111' title='bbox 577 3080 682 3155; x_wconf 89' lang='lat' dir='ltr'>tertia</span> <span class='ocrx_word' id='word_1_112' title='bbox 706 3080 877 3153; x_wconf 89' lang='lat' dir='ltr'>describit</span> <span class='ocrx_word' id='word_1_113' title='bbox 901 3081 1004 3153; x_wconf 92' lang='lat' dir='ltr'>illum</span> <span class='ocrx_word' id='word_1_114' title='bbox 1030 3081 1094 3174; x_wconf 88' lang='lat' dir='ltr'>qui</span> <span class='ocrx_word' id='word_1_115' title='bbox 1110 3081 1311 3155; x_wconf 85' lang='lat' dir='ltr'>introduxit</span> <span class='ocrx_word' id='word_1_116' title='bbox 1328 3101 1392 3156; x_wconf 87' lang='lat' dir='ltr'>eos</span> <span class='ocrx_word' id='word_1_117' title='bbox 1409 3082 1445 3154; x_wconf 91' lang='lat' dir='ltr'>in</span> <span class='ocrx_word' id='word_1_118' title='bbox 1462 3082 1566 3155; x_wconf 88' lang='lat' dir='ltr'>istam</span> <span class='ocrx_word' id='word_1_119' title='bbox 1589 3089 1739 3174; x_wconf 84' lang='lat' dir='ltr'>terram,</span> 
     </span>
     <span class='ocr_line' id='line_1_16' title="bbox 575 3191 1739 3296; baseline 0.001 -23"><span class='ocrx_word' id='word_1_120' title='bbox 575 3201 645 3274; x_wconf 90' lang='lat' dir='ltr'>ibi:</span> <span class='ocrx_word' id='word_1_121' title='bbox 672 3205 705 3273; x_wconf 83' lang='lat' dir='ltr'><em>E</em></span> <span class='ocrx_word' id='word_1_122' title='bbox 726 3191 787 3290; x_wconf 81' lang='lat' dir='ltr'>piri</span> <span class='ocrx_word' id='word_1_123' title='bbox 809 3204 919 3273; x_wconf 68' lang='lat' dir='ltr'>mmo.</span> <span class='ocrx_word' id='word_1_124' title='bbox 937 3202 977 3274; x_wconf 92' lang='lat' dir='ltr'>ln</span> <span class='ocrx_word' id='word_1_125' title='bbox 994 3207 1127 3294; x_wconf 75' lang='lat' dir='ltr'>quarta</span> <span class='ocrx_word' id='word_1_126' title='bbox 1144 3208 1181 3275; x_wconf 91' lang='lat' dir='ltr'>et</span> <span class='ocrx_word' id='word_1_127' title='bbox 1197 3202 1326 3276; x_wconf 90' lang='lat' dir='ltr'>ultima</span> <span class='ocrx_word' id='word_1_128' title='bbox 1343 3202 1514 3275; x_wconf 77' lang='lat' dir='ltr'>describit</span> <span class='ocrx_word' id='word_1_129' title='bbox 1528 3191 1564 3292; x_wconf 81' lang='lat'>(³)</span> <span class='ocrx_word' id='word_1_130' title='bbox 1583 3202 1739 3296; x_wconf 86' lang='lat' dir='ltr'>primam</span> 
     </span>
     <span class='ocr_line' id='line_1_17' title="bbox 575 3308 1739 3414; baseline 0 -21"><span class='ocrx_word' id='word_1_131' title='bbox 575 3340 722 3413; x_wconf 83' lang='lat' dir='ltr'>poeuam</span> <span class='ocrx_word' id='word_1_132' title='bbox 748 3339 832 3412; x_wconf 82' lang='lat' dir='ltr'>quae</span> <span class='ocrx_word' id='word_1_133' title='bbox 857 3320 1040 3414; x_wconf 91' lang='lat' dir='ltr'>reperitur</span> <span class='ocrx_word' id='word_1_134' title='bbox 1054 3308 1092 3410; x_wconf 69' lang='lat'>(⁴)</span> <span class='ocrx_word' id='word_1_135' title='bbox 1112 3320 1207 3394; x_wconf 87' lang='lat' dir='ltr'>intra</span> <span class='ocrx_word' id='word_1_136' title='bbox 1224 3321 1422 3412; x_wconf 87' lang='lat' dir='ltr'>civitatem,</span> <span class='ocrx_word' id='word_1_137' title='bbox 1439 3321 1573 3395; x_wconf 89' lang='lat' dir='ltr'>scilicet</span> <span class='ocrx_word' id='word_1_138' title='bbox 1593 3336 1739 3414; x_wconf 85' lang='lat' dir='ltr'>poenanr</span> 
     </span>
     <span class='ocr_line' id='line_1_18' title="bbox 575 3439 1740 3534; baseline 0.001 -21"><span class='ocrx_word' id='word_1_139' title='bbox 575 3439 851 3532; x_wconf 73' lang='lat' dir='ltr'>hereticorum,</span> <span class='ocrx_word' id='word_1_140' title='bbox 886 3439 957 3512; x_wconf 90' lang='lat' dir='ltr'>ibi:</span> <span class='ocrx_word' id='word_1_141' title='bbox 988 3442 1112 3524; x_wconf 64' lang='lat' dir='ltr'>metro</span> <span class='ocrx_word' id='word_1_142' title='bbox 1143 3444 1349 3512; x_wconf 83' lang='lat' dir='ltr'>o’iutrumo.</span> <span class='ocrx_word' id='word_1_143' title='bbox 1385 3440 1438 3513; x_wconf 84' lang='lat' dir='ltr'>dd</span> <span class='ocrx_word' id='word_1_144' title='bbox 1473 3440 1631 3534; x_wconf 87' lang='lat' dir='ltr'>primam</span> <span class='ocrx_word' id='word_1_145' title='bbox 1660 3440 1740 3514; x_wconf 88' lang='lat' dir='ltr'>dico</span> 
     </span>
     <span class='ocr_line' id='line_1_19' title="bbox 574 3558 1740 3653; baseline 0 -22"><span class='ocrx_word' id='word_1_146' title='bbox 574 3560 673 3652; x_wconf 85' lang='lat' dir='ltr'>quod</span> <span class='ocrx_word' id='word_1_147' title='bbox 706 3565 816 3632; x_wconf 75' lang='lat' dir='ltr'>auor</span> <span class='ocrx_word' id='word_1_148' title='bbox 847 3558 1017 3633; x_wconf 83' lang='lat' dir='ltr'>describit</span> <span class='ocrx_word' id='word_1_149' title='bbox 1047 3558 1344 3632; x_wconf 80' lang='lat' dir='ltr'>deliberationem</span> <span class='ocrx_word' id='word_1_150' title='bbox 1374 3559 1522 3653; x_wconf 85' lang='lat' dir='ltr'>Virgilii,</span> <span class='ocrx_word' id='word_1_151' title='bbox 1555 3566 1592 3633; x_wconf 90' lang='lat' dir='ltr'>et</span> <span class='ocrx_word' id='word_1_152' title='bbox 1621 3561 1740 3653; x_wconf 86' lang='lat' dir='ltr'>primo</span> 
     </span>
     <span class='ocr_line' id='line_1_20' title="bbox 575 3676 1740 3773; baseline -0.002 -22"><span class='ocrx_word' id='word_1_153' title='bbox 575 3678 759 3773; x_wconf 81' lang='lat' dir='ltr'>premittit</span> <span class='ocrx_word' id='word_1_154' title='bbox 789 3677 1108 3750; x_wconf 83' lang='lat' dir='ltr'>continuationem.</span> <span class='ocrx_word' id='word_1_155' title='bbox 1141 3676 1195 3749; x_wconf 84' lang='lat' dir='ltr'>dd</span> <span class='ocrx_word' id='word_1_156' title='bbox 1220 3676 1491 3771; x_wconf 88' lang='lat' dir='ltr'>intelligentiam</span> <span class='ocrx_word' id='word_1_157' title='bbox 1523 3678 1628 3751; x_wconf 88' lang='lat' dir='ltr'>cuius</span> <span class='ocrx_word' id='word_1_158' title='bbox 1657 3677 1740 3750; x_wconf 86' lang='lat' dir='ltr'>volo</span> 
     </span>
     <span class='ocr_line' id='line_1_21' title="bbox 575 3789 1740 3890; baseline -0.001 -19"><span class='ocrx_word' id='word_1_159' title='bbox 575 3807 613 3873; x_wconf 93' lang='lat' dir='ltr'>te</span> <span class='ocrx_word' id='word_1_160' title='bbox 625 3789 663 3890; x_wconf 76' lang='lat'>(⁵)</span> <span class='ocrx_word' id='word_1_161' title='bbox 691 3797 794 3889; x_wconf 86' lang='lat' dir='ltr'>scire,</span> <span class='ocrx_word' id='word_1_162' title='bbox 812 3797 910 3890; x_wconf 87' lang='lat' dir='ltr'>quod</span> <span class='ocrx_word' id='word_1_163' title='bbox 932 3796 1026 3869; x_wconf 89' lang='lat' dir='ltr'>istud</span> <span class='ocrx_word' id='word_1_164' title='bbox 1043 3795 1244 3888; x_wconf 84' lang='lat' dir='ltr'>capitulum</span> <span class='ocrx_word' id='word_1_165' title='bbox 1262 3802 1316 3869; x_wconf 88' lang='lat' dir='ltr'>est</span> <span class='ocrx_word' id='word_1_166' title='bbox 1333 3795 1438 3869; x_wconf 89' lang='lat' dir='ltr'>valde</span> <span class='ocrx_word' id='word_1_167' title='bbox 1455 3796 1559 3887; x_wconf 82' lang='lat' dir='ltr'>sorte,</span> <span class='ocrx_word' id='word_1_168' title='bbox 1577 3802 1614 3869; x_wconf 91' lang='lat' dir='ltr'>et</span> <span class='ocrx_word' id='word_1_169' title='bbox 1631 3796 1740 3870; x_wconf 91' lang='lat' dir='ltr'>babet</span> 
     </span>
     <span class='ocr_line' id='line_1_22' title="bbox 577 3913 1739 4010; baseline -0.003 -21"><span class='ocrx_word' id='word_1_170' title='bbox 577 3918 710 3990; x_wconf 86' lang='lat' dir='ltr'>multos</span> <span class='ocrx_word' id='word_1_171' title='bbox 734 3936 862 4010; x_wconf 89' lang='lat' dir='ltr'>passus</span> <span class='ocrx_word' id='word_1_172' title='bbox 885 3915 1048 3989; x_wconf 86' lang='lat' dir='ltr'>difficiles</span> <span class='ocrx_word' id='word_1_173' title='bbox 1078 3915 1171 3988; x_wconf 88' lang='lat' dir='ltr'>sicut</span> <span class='ocrx_word' id='word_1_174' title='bbox 1203 3914 1334 4006; x_wconf 81' lang='lat' dir='ltr'>aliquis</span> <span class='ocrx_word' id='word_1_175' title='bbox 1362 3920 1486 3988; x_wconf 82' lang='lat' dir='ltr'>textus</span> <span class='ocrx_word' id='word_1_176' title='bbox 1517 3914 1652 4007; x_wconf 83' lang='lat' dir='ltr'>Virgilii</span> <span class='ocrx_word' id='word_1_177' title='bbox 1682 3913 1739 3986; x_wconf 92' lang='lat' dir='ltr'>vel</span> 
     </span>
     <span class='ocr_line' id='line_1_23' title="bbox 574 4026 1738 4129; baseline -0.004 -20"><span class='ocrx_word' id='word_1_178' title='bbox 574 4036 725 4110; x_wconf 90' lang='lat' dir='ltr'>alterius</span> <span class='ocrx_word' id='word_1_179' title='bbox 750 4042 876 4129; x_wconf 86' lang='lat' dir='ltr'>poetae.</span> <span class='ocrx_word' id='word_1_180' title='bbox 904 4037 975 4109; x_wconf 91' lang='lat' dir='ltr'>Pro</span> <span class='ocrx_word' id='word_1_181' title='bbox 1000 4033 1180 4109; x_wconf 89' lang='lat' dir='ltr'>evidentia</span> <span class='ocrx_word' id='word_1_182' title='bbox 1205 4054 1297 4129; x_wconf 90' lang='lat' dir='ltr'>ergo</span> <span class='ocrx_word' id='word_1_183' title='bbox 1327 4029 1429 4107; x_wconf 89' lang='lat' dir='ltr'>istius</span> <span class='ocrx_word' id='word_1_184' title='bbox 1455 4026 1562 4127; x_wconf 91' lang='lat' dir='ltr'>primi</span> <span class='ocrx_word' id='word_1_185' title='bbox 1592 4032 1738 4125; x_wconf 86' lang='lat' dir='ltr'>ritbimi‚</span> 
     </span>
     <span class='ocr_line' id='line_1_24' title="bbox 574 4151 1740 4247; baseline -0.003 -20"><span class='ocrx_word' id='word_1_186' title='bbox 574 4155 654 4229; x_wconf 91' lang='lat' dir='ltr'>dico</span> <span class='ocrx_word' id='word_1_187' title='bbox 691 4154 789 4247; x_wconf 87' lang='lat' dir='ltr'>quod</span> <span class='ocrx_word' id='word_1_188' title='bbox 821 4161 931 4228; x_wconf 90' lang='lat' dir='ltr'>autor</span> <span class='ocrx_word' id='word_1_189' title='bbox 969 4154 1046 4227; x_wconf 85' lang='lat' dir='ltr'>vult</span> <span class='ocrx_word' id='word_1_190' title='bbox 1076 4153 1199 4227; x_wconf 90' lang='lat' dir='ltr'>dicere</span> <span class='ocrx_word' id='word_1_191' title='bbox 1232 4153 1492 4227; x_wconf 84' lang='lat' dir='ltr'>sententialiter</span> <span class='ocrx_word' id='word_1_192' title='bbox 1528 4152 1564 4224; x_wconf 95' lang='lat' dir='ltr'>in</span> <span class='ocrx_word' id='word_1_193' title='bbox 1595 4151 1740 4244; x_wconf 85' lang='lat' dir='ltr'>ellectu,</span> 
     </span>
     <span class='ocr_line' id='line_1_25' title="bbox 575 4271 1738 4370; baseline -0.003 -23"><span class='ocrx_word' id='word_1_194' title='bbox 575 4275 672 4368; x_wconf 88' lang='lat' dir='ltr'>quod</span> <span class='ocrx_word' id='word_1_195' title='bbox 698 4274 869 4370; x_wconf 89' lang='lat' dir='ltr'>Virgilius</span> <span class='ocrx_word' id='word_1_196' title='bbox 894 4280 973 4348; x_wconf 91' lang='lat' dir='ltr'>erat</span> <span class='ocrx_word' id='word_1_197' title='bbox 999 4273 1115 4345; x_wconf 90' lang='lat' dir='ltr'>iratus</span> <span class='ocrx_word' id='word_1_198' title='bbox 1138 4278 1286 4366; x_wconf 91' lang='lat' dir='ltr'>propter</span> <span class='ocrx_word' id='word_1_199' title='bbox 1304 4279 1451 4366; x_wconf 89' lang='lat' dir='ltr'>turpem</span> <span class='ocrx_word' id='word_1_200' title='bbox 1469 4272 1652 4366; x_wconf 86' lang='lat' dir='ltr'>repulsam</span> <span class='ocrx_word' id='word_1_201' title='bbox 1674 4271 1738 4344; x_wconf 90' lang='lat' dir='ltr'>sibi</span> 
     </span>
     <span class='ocr_line' id='line_1_26' title="bbox 573 4390 1740 4486; baseline -0.005 -18"><span class='ocrx_word' id='word_1_202' title='bbox 573 4396 695 4469; x_wconf 88' lang='lat' dir='ltr'>datam</span> <span class='ocrx_word' id='word_1_203' title='bbox 722 4416 745 4469; x_wconf 87' lang='lat' dir='ltr'>a</span> <span class='ocrx_word' id='word_1_204' title='bbox 770 4394 1007 4484; x_wconf 65' lang='lat' dir='ltr'>daemonibus</span> <span class='ocrx_word' id='word_1_205' title='bbox 1033 4399 1071 4466; x_wconf 91' lang='lat' dir='ltr'>et</span> <span class='ocrx_word' id='word_1_206' title='bbox 1100 4392 1151 4467; x_wconf 87' lang='lat' dir='ltr'>sic</span> <span class='ocrx_word' id='word_1_207' title='bbox 1174 4412 1240 4486; x_wconf 90' lang='lat' dir='ltr'>per</span> <span class='ocrx_word' id='word_1_208' title='bbox 1270 4412 1497 4485; x_wconf 89' lang='lat' dir='ltr'>consequens</span> <span class='ocrx_word' id='word_1_209' title='bbox 1531 4390 1740 4465; x_wconf 89' lang='lat' dir='ltr'>rubelactus</span> 
     </span>
     <span class='ocr_line' id='line_1_27' title="bbox 575 4511 1739 4604; baseline -0.005 -18"><span class='ocrx_word' id='word_1_210' title='bbox 575 4514 629 4587; x_wconf 91' lang='lat' dir='ltr'>ira</span> <span class='ocrx_word' id='word_1_211' title='bbox 647 4515 912 4604; x_wconf 83' lang='lat' dir='ltr'>inflammante3</span> <span class='ocrx_word' id='word_1_212' title='bbox 938 4518 974 4585; x_wconf 90' lang='lat' dir='ltr'>et</span> <span class='ocrx_word' id='word_1_213' title='bbox 995 4532 1041 4585; x_wconf 83' lang='lat' dir='ltr'>ex</span> <span class='ocrx_word' id='word_1_214' title='bbox 1063 4514 1132 4585; x_wconf 88' lang='lat' dir='ltr'>boc</span> <span class='ocrx_word' id='word_1_215' title='bbox 1149 4512 1283 4586; x_wconf 78' lang='lat' dir='ltr'>Dentes</span> <span class='ocrx_word' id='word_1_216' title='bbox 1302 4518 1382 4586; x_wconf 90' lang='lat' dir='ltr'>erat</span> <span class='ocrx_word' id='word_1_217' title='bbox 1402 4512 1506 4585; x_wconf 89' lang='lat' dir='ltr'>valde</span> <span class='ocrx_word' id='word_1_218' title='bbox 1523 4511 1739 4585; x_wconf 76' lang='lat' dir='ltr'>terrefactus</span> 
     </span>
    </p>
   </div>
   <div class='ocr_carea' id='block_1_5' title="bbox 636 4749 1485 4961">
    <p class='ocr_par' dir='ltr' id='par_1_5' title="bbox 636 4749 1485 4961">
     <span class='ocr_line' id='line_1_28' title="bbox 636 4749 1485 4811; baseline 0 -13"><span class='ocrx_word' id='word_1_219' title='bbox 636 4749 665 4811; x_wconf 87' lang='lat'>(¹)</span> <span class='ocrx_word' id='word_1_220' title='bbox 682 4752 735 4807; x_wconf 82' lang='grc'><strong>116,</strong></span> <span class='ocrx_word' id='word_1_221' title='bbox 753 4754 826 4810; x_wconf 79' lang='lat' dir='ltr'>poem</span> <span class='ocrx_word' id='word_1_222' title='bbox 843 4754 929 4799; x_wconf 83' lang='lat' dir='ltr'>noster</span> <span class='ocrx_word' id='word_1_223' title='bbox 944 4749 1063 4799; x_wconf 85' lang='lat' dir='ltr'>ostendit.</span> <span class='ocrx_word' id='word_1_224' title='bbox 1200 4750 1228 4811; x_wconf 83' lang='lat'>(¹)</span> <span class='ocrx_word' id='word_1_225' title='bbox 1245 4752 1299 4809; x_wconf 79' lang='lat' dir='ltr'>ltu,</span> <span class='ocrx_word' id='word_1_226' title='bbox 1316 4750 1485 4799; x_wconf 76' lang='lat' dir='ltr'>intraverunt.</span> 
     </span>
     <span class='ocr_line' id='line_1_29' title="bbox 636 4823 1425 4889; baseline 0.001 -16"><span class='ocrx_word' id='word_1_227' title='bbox 636 4823 662 4885; x_wconf 64' lang='grc' dir='ltr'>(Ἴ</span> <span class='ocrx_word' id='word_1_228' title='bbox 678 4823 703 4873; x_wconf 85' lang='lat' dir='ltr'>S.</span> <span class='ocrx_word' id='word_1_229' title='bbox 719 4825 839 4874; x_wconf 84' lang='lat' dir='ltr'>describit</span> <span class='ocrx_word' id='word_1_230' title='bbox 855 4838 965 4886; x_wconf 78' lang='lat' dir='ltr'>pmnrm.</span> <span class='ocrx_word' id='word_1_231' title='bbox 1199 4825 1226 4887; x_wconf 80' lang='lat'>(⁸)</span> <span class='ocrx_word' id='word_1_232' title='bbox 1243 4825 1274 4876; x_wconf 84' lang='lat' dir='ltr'>E.</span> <span class='ocrx_word' id='word_1_233' title='bbox 1290 4825 1425 4889; x_wconf 81' lang='lat' dir='ltr'>recipitur.</span> 
     </span>
     <span class='ocr_line' id='line_1_30' title="bbox 637 4898 920 4961; baseline -0.004 -13"><span class='ocrx_word' id='word_1_234' title='bbox 637 4898 664 4961; x_wconf 80' lang='lat'>(⁸)</span> <span class='ocrx_word' id='word_1_235' title='bbox 681 4904 735 4959; x_wconf 82' lang='lat' dir='ltr'>ltu,</span> <span class='ocrx_word' id='word_1_236' title='bbox 753 4905 777 4948; x_wconf 86' lang='lat' dir='ltr'>te</span> <span class='ocrx_word' id='word_1_237' title='bbox 793 4902 920 4961; x_wconf 70' lang='lat' dir='ltr'>prescire.</span> 
     </span>
    </p>
   </div>
   <div class='ocr_carea' id='block_1_6' title="bbox 0 0 2084 6546">
    <p class='ocr_par' dir='ltr' id='par_1_6' title="bbox 0 0 2084 6546">
     <span class='ocr_line' id='line_1_31' title="bbox 0 0 2084 6546; baseline 0 0"><span class='ocrx_word' id='word_1_238' title='bbox 0 0 2084 6546; x_wconf 95' lang='lat' dir='ltr'> </span> 
     </span>
    </p>
   </div>
  </div>
 </body>
</html>
