4154 6546
774 825 1030 880 xnrnonucrxo.
1447 808 1490 875 la

316 982 447 1068 aspera
471 979 587 1066 sonat,
603 971 693 1045 dum
719 971 881 1066 increpat
906 970 998 1044 vicia
1024 970 1226 1043 multorum
1245 969 1489 1045 acerbissime.

317 1095 435 1166 lmmo
459 1091 571 1166 etiam
596 1110 708 1165 sonus
732 1090 933 1165 verborum
959 1109 1056 1184 sepe
1080 1089 1225 1164 videtur
1240 1088 1492 1164 amarissimus

316 1211 383 1285 illis
408 1230 501 1305 quos
526 1210 651 1305 tangit.
671 1209 796 1297 Quare
814 1203 852 1300 (¹)
877 1209 1098 1283 horribiliter
1113 1209 1248 1283 clamat
1264 1229 1336 1283 vox
1353 1207 1492 1281 autoris

317 1332 406 1405 dum
433 1331 614 1405 exclamat
639 1331 755 1404 irate:

517 1497 608 1567 Ali!
632 1514 738 1567 screa
762 1494 880 1583 ltalia,
906 1495 944 1565 di
966 1495 1088 1567 dolore
1113 1496 1240 1565 ortelle.

320 1683 363 1754 llt
388 1701 474 1755 cum
500 1681 604 1755 dicit:

520 1848 551 1918 0
576 1845 754 1934 anama,
779 1845 838 1915 cite
856 1844 944 1934 puoi
967 1850 1002 1914 lu
1022 1836 1085 1933 piri
1105 1846 1232 1935 ferme.

320 2054 363 2126 llt
388 2053 438 2126 ita
461 2052 508 2127 de
534 2051 657 2125 multis
681 2049 1006 2125 exclamationibus
1038 2055 1075 2123 et
1099 2048 1404 2142 increpationibus
1428 2071 1493 2145 ge-

320 2172 506 2246 neralibus
530 2177 569 2246 et
593 2169 883 2265 particularibus.
900 2169 998 2264 Ergo
1017 2167 1112 2242 bene
1132 2168 1195 2260 qui
1213 2167 1334 2242 luerat
1357 2168 1395 2242 in
1420 2169 1493 2241 vita

319 2297 454 2385 pastor,
474 2290 731 2386 postmortem
749 2289 890 2384 peperit
910 2308 1103 2383 pavonem,
1121 2287 1212 2362 idest
1228 2288 1499 2415 pulcerrimum

322 2411 459 2485 librum
484 2411 608 2484 istum.

393 2529 624 2604 Florentinus
657 2528 880 2602 vocabulum
905 2534 961 2602 est
985 2528 1140 2622 propriae
1176 2527 1350 2620 nationis,
1380 2547 1493 2622 argu-

323 2656 489 2724 mentum
514 2649 613 2723 enim
639 2647 799 2721 sumitur
823 2668 846 2721 a
871 2646 998 2742 patria.
1024 2646 1206 2720 Florentia
1229 2653 1369 2740 autem,
1385 2648 1492 2742 juxta

320 2769 488 2843 vocabuli
514 2768 743 2860 allusionem,
768 2767 1022 2842 florentissima
1054 2766 1214 2860 urbium,
1239 2767 1338 2841 bunc
1363 2767 1492 2841 liorem

319 2889 458 2984 peperit
491 2889 642 2982 mundo,
673 2888 737 2981 qui
767 2887 888 2961 attulit
921 2894 1065 2961 tantum
1099 2887 1273 2981 fructum,
1305 2887 1389 2960 licet
1419 2906 1492 2960 non

323 3009 468 3084 nouerit
491 3028 592 3101 eum,
618 3006 682 3081 sed
706 3007 887 3101 expulerit
911 3027 933 3080 a
959 3026 999 3083 se
1023 3025 1109 3080 cum
1135 3013 1216 3080 erat
1239 3006 1277 3080 in
1301 3005 1378 3100 ipso
1403 3006 1493 3079 tlore

321 3127 449 3221 aetatis,
476 3126 643 3221 ionunae,
677 3133 714 3202 et
745 3126 937 3223 dignitatis.
964 3124 1066 3200 Unde
1090 3126 1401 3219 quemadmodum
1426 3126 1494 3200 iste

319 3254 427 3340 poeta
456 3244 604 3319 illustris
628 3246 677 3319 lli
702 3246 785 3340 Cap.
813 3244 973 3318 Paradisi
998 3246 1148 3318 beatum
1174 3244 1406 3319 l‘ranciscum
1427 3264 1493 3338 ap·

318 3367 425 3461 pellat
450 3366 585 3460 Solem,
611 3373 649 3440 et
674 3366 797 3439 locum
821 3364 972 3460 originis
1005 3364 1099 3438 illius
1126 3363 1325 3456 Orientem,
1346 3364 1396 3437 ita
1420 3383 1492 3459 ego

322 3486 454 3561 merito
477 3485 597 3580 ipsum
620 3486 774 3559 Dantem
791 3484 946 3558 dixerim
964 3484 1098 3578 Solem,
1117 3483 1181 3577 qui
1198 3483 1382 3560 modernis
1400 3490 1494 3557 tem·

318 3605 468 3701 poribus
483 3605 602 3679 illuxit
618 3604 889 3679 ambulantibus
906 3604 943 3677 in
960 3605 1111 3678 tenebra
1118 3595 1156 3696 β)
1174 3603 1387 3699 ignoranda
1405 3624 1493 3698 poe

320 3723 399 3798 tica
423 3723 627 3817 facultatis3
652 3730 690 3798 et
713 3722 934 3797 Florentiam
951 3723 1150 3816 Orientem,
1168 3743 1252 3816 quae
1277 3723 1375 3796 bunc
1399 3745 1494 3817 prm·

319 3840 561 3918 clarissimum
575 3842 697 3917 Solem
715 3842 834 3918 emisit
851 3842 888 3916 in
907 3843 1100 3917 mundum.
1115 3844 1228 3917 Natus
1246 3850 1301 3917 est
1316 3850 1441 3916 autem
1454 3835 1490 3932 (³f·

320 3964 387 4038 iste
404 3963 691 4059 fulgentissimus
708 3963 877 4059 splendor
893 3962 1036 4038 ltalicus
1052 3963 1089 4036 in
1106 3963 1256 4057 praelata
1280 3962 1397 4057 patria
1413 3983 1492 4056 sua,

319 4091 473 4159 vacante
498 4104 653 4158 romano
678 4083 843 4178 imperio,
861 4090 942 4178 post
964 4090 1123 4158 mortem
1145 4082 1308 4157 cherici
1331 4082 1494 4175 secundi,

318 4203 447 4277 famosi
471 4202 706 4298 Imperatoris
730 4205 996 4297 Romanorum,
1025 4224 1121 4278 anno
1151 4202 1348 4279 salutilerae
1372 4203 1495 4277 lucar-

319 4321 470 4396 nationis
501 4323 597 4418 regis
629 4322 791 4397 universi
826 4322 1020 4417 MCCbllV,
1050 4323 1199 4398 sedente
1223 4324 1370 4397 Urbano
1395 4323 1493 4415 Papa

319 4449 462 4533 quarto.
488 4442 575 4516 llaec
599 4442 646 4517 de
671 4451 813 4517 autore.
1523 4473 1526 4477 ’

393 4561 553 4654 Materia,
578 4561 655 4636 sive
680 4561 885 4657 subjectum
913 4562 1022 4656 hujus
1039 4561 1131 4655 libri,
1149 4567 1204 4635 est
1220 4567 1337 4634 status
1361 4560 1494 4634 animan

384 4841 564 4903 ersom
907 4839 937 4904 υ)
955 4847 1009 4903 xxo,
1027 4842 1148 4893 mesra.

385 4915 414 4978 (¹)
429 4916 456 4968 S.
472 4922 559 4967 autern
575 4917 812 4981 splendentlsslmus
827 4917 916 4982 fulgor
932 4918 1045 4969 italicus.
