4154 6546
597 775 644 845 76
996 789 1198 845 causarum
1223 792 1374 844 mrnnur

594 938 705 1032 hujus
720 936 835 1011 litera:
860 939 915 1010 est
925 927 962 1026 (¹)
982 935 1143 1009 breviter
1168 935 1382 1029 notandum,
1399 936 1498 1029 quod
1514 942 1622 1011 autor
1646 937 1767 1011 conm-

593 1056 734 1131 deravit
758 1056 828 1129 tria
853 1056 1015 1130 maxime
1041 1055 1245 1130 necessaria
1262 1055 1329 1128 sibi
1355 1055 1401 1129 ad
1423 1055 1683 1149 perfectionem
1708 1056 1765 1130 sui

593 1177 730 1270 operis;
748 1197 908 1269 quorum
929 1175 1091 1270 primum
1110 1181 1164 1248 est
1181 1173 1340 1249 scientiae
1364 1174 1589 1268 profunditas
1606 1174 1664 1249 vel
1683 1175 1767 1248 uni-

594 1297 762 1370 versitas:
776 1295 990 1388 secundum,
1000 1293 1203 1368 intellectus
1218 1292 1489 1388 perspicacitas:
1508 1294 1671 1387 tertium,
1688 1314 1767 1370 me-

596 1415 722 1489 moriae
735 1413 917 1487 vivacitas.
932 1412 1098 1485 Primum
1112 1412 1226 1508 tangit
1243 1432 1330 1486 cum
1347 1411 1444 1505 dicit,
1460 1432 1482 1484 o
1499 1433 1619 1484 musa:
1632 1432 1765 1486 secun·

570 1520 696 1625 ”dum‚
710 1554 796 1607 cum
817 1532 1015 1628 subjungit,
1032 1552 1055 1604 ο
1071 1535 1142 1605 olm
1158 1535 1329 1622 arpenno:
1346 1533 1509 1626 tertium,
1526 1552 1613 1606 cum
1631 1531 1763 1626 subdit,

594 1659 764 1726 omotte.
799 1652 843 1725 Et
877 1651 944 1725 ista
977 1651 1047 1725 tria
1080 1657 1188 1724 autor
1220 1650 1372 1726 fidenter
1409 1652 1553 1726 invocat
1583 1652 1621 1725 in
1654 1671 1763 1725 suum

594 1772 819 1846 subsidium:
837 1769 904 1843 luit
921 1769 1099 1864 siquidem
1126 1770 1201 1864 ipse
1226 1770 1329 1842 mirae
1347 1771 1565 1864 capacitatis,
1582 1770 1764 1865 perspicui

594 1891 807 1983 intellectus,
828 1889 989 1962 altissimi
1015 1888 1160 1984 ingenii,
1187 1896 1222 1962 et
1247 1888 1387 1961 subtilis
1404 1889 1640 1982 inventionis3
1658 1891 1765 1984 cujus

592 2011 704 2084 animi
730 2009 942 2102 qualitatem
966 2007 1131 2101 corporis
1159 2007 1299 2102 effigies
1328 2007 1542 2082 mirabiliter
1571 2009 1762 2105 arguebat

593 2129 674 2202 Fuit
698 2147 860 2220 namquo
877 2126 935 2199 bic
951 2125 1168 2200 venerabilis
1185 2126 1319 2200 Dantes
1335 2132 1486 2201 staturae
1503 2128 1707 2222 mediocris,
1725 2135 1763 2202 et

591 2269 677 2322 cum
703 2247 749 2321 ad
775 2251 960 2319 maturam
986 2245 1209 2339 pervenisset
1233 2252 1380 2320 etatem
1397 2245 1472 2320 ibat
1493 2248 1763 2341 aliquantulum

591 2388 740 2459 curvus,
758 2366 920 2439 incessus
945 2364 1025 2459 ejus
1051 2371 1133 2440 erat
1155 2365 1278 2460 gravis
1303 2371 1340 2439 et
1365 2372 1600 2459 mansuetus3
1619 2366 1763 2440 babitus

591 2485 876 2577 honestissimus,
903 2483 1123 2558 couveniens
1147 2483 1360 2576 professioni
1385 2504 1483 2576 suae;
1510 2485 1615 2558 vultu
1640 2486 1761 2580 longo,

592 2624 681 2676 naso
707 2602 879 2695 aquilino,
905 2601 1020 2674 oculis
1045 2601 1280 2696 grassiuculis
1294 2593 1344 2695 (²),
1371 2603 1526 2676 maxillis
1551 2604 1761 2700 grandibus,

592 2722 688 2795 labio
701 2721 871 2794 interiore
886 2720 1028 2814 majori,
1042 2720 1165 2794 colore
1179 2721 1291 2815 lusco,
1306 2722 1441 2817 capillis
1453 2730 1490 2797 et
1502 2723 1617 2798 barba
1630 2725 1761 2816 densis,

592 2841 715 2937 nigris,
734 2847 769 2914 et
787 2840 923 2933 crispis,
949 2839 1041 2913 iacie
1065 2859 1211 2934 semper
1237 2841 1505 2936 melancolicus,
1532 2844 1762 2919 meditabun-

590 2960 671 3054 dus,
697 2958 951 3053 speculativus.
986 2957 1120 3032 Accidit
1149 2978 1240 3055 ergo
1268 2962 1382 3034 semel
1412 2961 1449 3034 in
1479 2961 1589 3036 nobili
1616 2963 1763 3037 civitate

591 3080 745 3153 Veronae
773 3078 871 3172 quod
894 3080 971 3173 jam
999 3099 1066 3151 sua
1096 3077 1194 3152 lama
1209 3069 1245 3171 (³)
1274 3081 1433 3176 vulgata,
1459 3087 1496 3157 et
1525 3082 1670 3157 lulerno
1694 3104 1762 3177 pu·

589 3199 732 3291 blicato,
758 3198 848 3271 dum
873 3197 1042 3271 transiret
1067 3218 1133 3292 per
1158 3219 1272 3273 unam
1297 3199 1395 3273 viam
1418 3207 1504 3276 ante
1522 3208 1677 3297 portam,
1698 3200 1761 3274 ubi

590 3324 695 3393 erant
722 3319 848 3391 multae
872 3317 1029 3392 dominae
1054 3325 1298 3414 congregate,
1316 3319 1405 3393 dixit
1422 3341 1497 3395 una
1522 3342 1654 3397 earum
1671 3341 1763 3397 voce

591 3439 783 3531 submissa,
801 3438 850 3510 ita
868 3443 992 3511 tamen
1008 3444 1050 3510 ut
1066 3439 1274 3512 audiretur:
1300 3442 1408 3512 otdata
1422 3443 1518 3512 mom
1535 3445 1594 3532 qm·
1613 3445 1711 3515 vadit
1724 3445 1762 3514 ia

591 3562 772 3651 lasanum
788 3564 822 3629 et
835 3544 1064 3646 revertiturt⁸l
1075 3577 1152 3628 cum
1162 3558 1361 3650 sidtplaoct,
1371 3566 1406 3631 et
1415 3568 1574 3650 reportat
1587 3563 1652 3633 buc
1668 3582 1761 3633 noua

592 3679 635 3751 de
648 3679 714 3768 bis,
732 3679 790 3766 qut
805 3681 886 3747 sunt
906 3676 962 3746 ibi.
990 3674 1185 3768 Respondit
1209 3677 1302 3750 alia:
1331 3699 1450 3752 oerum
1474 3682 1559 3752 dens
1575 3672 1629 3773 (ἥς
1647 3701 1761 3752 marae

592 3800 688 3870 otdes
712 3797 884 3886 quomodo
903 3796 1005 3867 babet
1021 3796 1168 3866 bardam
1193 3798 1346 3887 cnspcm
1365 3806 1514 3889 propter
1537 3803 1705 3890 coloreo,
1729 3807 1763 3872 ct

591 3921 743 3990 colorem
752 3919 887 4008 luscum
895 3921 1041 4006 propter
1055 3917 1191 4006 sumum
1202 3905 1342 4007 qaodl⁶l
1355 3923 1405 3989 est
1418 3918 1493 3988 ibi?
1510 3918 1562 3992 De
1575 3939 1651 4011 quo
1663 3919 1760 3992 Dan-

573 3998 646 4110 Ltes
672 4035 759 4128 risit,
786 4035 848 4128 qui
874 4041 999 4108 tamen
1024 4054 1120 4127 raro,
1143 4035 1209 4108 vel·
1227 4056 1430 4129 numquam
1462 4037 1583 4112 ridere
1609 4039 1759 4112 solebat.

592 4154 645 4229 De
662 4155 741 4248 ejus
751 4153 823 4226 vita
841 4153 942 4227 varia
960 4159 996 4227 et
1012 4152 1167 4227 adversa
1184 4152 1342 4247 fortuna,
1361 4155 1447 4248 quia
1465 4156 1541 4250 ipse
1558 4177 1655 4250 saepe
1672 4157 1761 4231 scri-

591 4272 692 4345 bitin
709 4272 779 4344 boc
796 4271 900 4365 libro,
918 4271 1059 4345 dicetur
1075 4272 1164 4345 alias
1174 4261 1211 4365 (⁷)
1231 4274 1306 4346 suis
1323 4274 1420 4348 locis.
1439 4275 1544 4349 Nunc
1557 4276 1603 4350 ad
1616 4276 1759 4351 literam

654 4507 680 4564 d)
715 4542 722 4556 .
754 4519 766 4554 s
792 4507 1032 4559 sciendum—tlt
1048 4521 1064 4559 c
1081 4508 1111 4558 E.
1129 4509 1334 4570 praenotandum.

553 4591 557 4598 ·
654 4582 680 4641 ς’)
696 4582 727 4632 Ε.
745 4583 933 4645 grommcutts.

652 4657 681 4717 ς’)
696 4657 721 4707 S.
739 4672 784 4707 sua
801 4657 869 4707 tama
885 4659 952 4708 bona
967 4661 1080 4724 vulgata.
1092 4688 1120 4697 -
1132 4661 1162 4712 B.
1180 4662 1248 4712 tama
1263 4663 1375 4728 vulgatu,
1392 4668 1419 4714 et
1434 4664 1539 4714 luierno
1563 4677 1611 4727 per
1632 4677 1694 4714 eum
1713 4664 1762 4714 da-
1903 4687 1907 4695 ·

590 4733 688 4795 scripto
704 4731 841 4794 publicato.

655 4807 680 4864 (⁸)
697 4806 727 4855 E.
744 4807 884 4855 revertitur
901 4807 960 4857 inde
976 4822 1037 4858 cum
1054 4810 1101 4860 sibl
1117 4811 1201 4873 placet
1217 4817 1243 4863 et
1259 4819 1377 4876 reportat
1391 4815 1484 4867 adbuc.

655 4882 680 4939 l'l
699 4885 752 4939 ΗΘ,
769 4886 840 4929 corte
857 4893 948 4931 verum
964 4883 1036 4934 dtcts.
1146 4884 1177 4946 (⁸)
1194 4887 1224 4936 E.
1241 4891 1285 4951 qul
1301 4894 1340 4939 est
1353 4890 1396 4941 ibt.
1505 4891 1531 4952 (³)
1549 4896 1595 4943 lta
1609 4903 1625 4941 ο
1641 4889 1672 4940 Ε.
1688 4888 1757 4940 allbl.
