4154 6546
590 772 612 838 8
790 810 793 821 ·
1049 781 1300 836 rnrnonuurro.

436 944 442 956 ·
588 930 699 1003 totius
715 926 899 1022 sapientia:
916 934 954 1000 et
969 926 1188 1018 eloquentia:
1207 927 1413 1021 plenissime
1434 929 1556 1004 dicere
1577 933 1710 1025 possim
1722 925 1758 1021 (¹)

588 1049 675 1124 illud
699 1048 834 1144 Ugonis
858 1047 904 1121 de
929 1051 1055 1119 sancto
1085 1045 1230 1120 Victore
1255 1047 1292 1120 in
1322 1069 1391 1121 suo
1415 1048 1679 1125 Didascalicon:
1706 1056 1761 1124 lu'c

584 1172 754 1261 prcroulus
770 1158 920 1257 suooel²l
948 1169 1110 1257 luctotur,
1127 1167 1182 1238 tic
1206 1167 1344 1240 odulm
1367 1172 1561 1261 affluentius
1580 1174 1758 1261 educatur,

586 1293 640 1363 bic
663 1290 954 1381 pymnoooplttrtoe
979 1289 1144 1377 membr,
1170 1288 1225 1359 tie
1250 1288 1424 1360 drduseuli
1441 1292 1689 1381 quadriomles,
1707 1295 1760 1363 tte·

588 1414 700 1501 lupum
720 1411 953 1500 professores,
979 1408 1033 1478 lu'c
1057 1408 1283 1478 astronomia:
1301 1414 1595 1500 perscrutatores,
1612 1412 1666 1481 lu'c
1683 1419 1761 1482 lure-

589 1531 667 1601 dem
675 1531 816 1620 proficit
822 1518 857 1619 (³)
872 1530 986 1599 omnis
997 1528 1147 1600 scientia
1162 1528 1284 1598 cultor.
1299 1525 1375 1599 lloc
1387 1534 1512 1601 autem
1527 1528 1631 1602 lacile
1644 1530 1761 1622 lique-

591 1646 642 1719 bit
666 1647 801 1739 cuique
825 1646 921 1719 vires
946 1644 1086 1738 poetice
1102 1631 1138 1734 l‘)
1166 1644 1436 1737 contemplanti.
1457 1645 1502 1718 Ut
1527 1646 1624 1720 euim
1641 1639 1676 1736 (⁵)
1706 1655 1760 1719 te-

590 1774 708 1840 statur
732 1765 940 1839 Aristoteles
966 1764 1002 1836 in
1028 1784 1094 1837 sua
1120 1763 1279 1837 Poetria:
1310 1768 1419 1836 Omne
1437 1786 1566 1856 pamm
1590 1774 1624 1838 el
1646 1772 1759 1839 ommis

589 1889 704 1959 ‹raoo
724 1887 859 1976 poetico
881 1890 944 1956 out
961 1890 1011 1955 est
1025 1884 1193 1973 laudatio,
1212 1890 1276 1955 out
1289 1886 1494 1973 vituperat-rb
1503 1911 1518 1974 ,·
1539 1888 1652 1957 omnir
1669 1890 1757 1957 emm

589 2009 679 2079 uctto
704 2011 737 2076 et
759 2005 872 2074 munis
896 2022 972 2074 mos
986 1992 1022 2091 (ὅ)
1050 2022 1122 2072 nou
1146 2008 1307 2074 amamur
1335 2004 1403 2074 nim
1425 2005 1521 2074 circu
1545 2006 1703 2077 oetatem
1729 2014 1760 2076 el

589 2127 721 2196 lamium.
748 2110 850 2194 Unde
872 2118 1042 2192 Avcrrois
1067 2124 1334 2193 commentator
1359 2119 1508 2194 ibidem:
1534 2125 1669 2195 aalma
1693 2144 1759 2193 au-

587 2245 669 2315 oues
705 2248 737 2313 et
772 2244 935 2313 virtuosa
967 2241 1175 2311 mutter
1206 2239 1459 2335 adiuuenermnt
1488 2243 1607 2331 primo
1648 2249 1757 2313 orma

586 2365 782 2434 carminum
807 2362 857 2432 od
887 2360 1101 2432 laudandum
1131 2365 1164 2430 et
1193 2360 1403 2450 effermtdum
1435 2361 1533 2452 sueto
1564 2363 1692 2452 pulcro
1729 2371 1760 2431 el

587 2486 741 2555 decoro.-
766 2484 893 2553 animm
917 2500 1001 2552 uero
1025 2481 1216 2569 aenaeum
1231 2479 1277 2549 ub
1292 2481 1346 2551 btv
1363 2481 1401 2550 in
1416 2480 1592 2552 mutuate
1615 2482 1759 2552 adiuue-

587 2607 713 2673 :rerum
749 2602 909 2671 carmina
942 2599 991 2669 ud
1024 2598 1288 2688 vituperandum
1323 2605 1356 2669 et
1389 2599 1626 2672 mmstoudom
1660 2603 1757 2692 suctu

588 2724 704 2812 turpio
737 2726 770 2790 el
797 2719 986 2790 inlrooestu.
1023 2716 1067 2789 Et
1100 2716 1242 2789 subdit:
1279 2720 1437 2808 quumvis
1470 2738 1605 2790 amesae
1634 2727 1685 2790 est
1712 2722 1755 2804 ei,

588 2842 686 2931 cujus
705 2841 922 2930 propositum
948 2842 999 2907 est
1020 2837 1185 2907 detestari
1207 2837 1319 2908 malm
1344 2843 1376 2908 et
1399 2838 1508 2927 molo,
1525 2838 1708 2928 utprobet,
1726 2846 1758 2908 el

588 2963 705 3034 laudet
733 2961 825 3030 bonu
855 2960 952 3050 suctu
986 2963 1018 3028 et
1046 2957 1211 3030 pumma
1242 2955 1370 3029 Nullus
1403 2962 1528 3030 autem
1564 2961 1756 3050 poetarum

588 3080 690 3153 scivit
720 3075 955 3151 excellentius
988 3082 1054 3149 aut
1084 3075 1263 3149 efficatius
1294 3075 1445 3151 laudare
1478 3083 1515 3151 et
1550 3076 1757 3170 vituperare

588 3217 700 3292 quam
727 3194 1007 3290 perfectissimus
1022 3183 1058 3285 C)
1085 3200 1193 3288 poeta
1217 3195 1369 3288 Dantes;
1395 3195 1556 3269 laudavit
1579 3195 1756 3288 siquidem

587 3318 741 3391 virtutes
773 3322 811 3389 et
839 3314 1031 3405 virtuosos,
1064 3312 1284 3407 vituperavit
1315 3313 1406 3387 vicia
1436 3321 1474 3388 et
1507 3313 1682 3404 viciosos3
1712 3312 1758 3385 dc

587 3457 662 3530 quo
687 3435 818 3509 merito
843 3433 911 3506 dici
937 3439 1054 3526 potest
1071 3432 1160 3506 illud
1176 3432 1461 3506 Provcrhiorum
1483 3432 1556 3504 llll.
1576 3438 1629 3505 De
1642 3436 1757 3526 fructu

587 3559 662 3629 om‘s
678 3559 728 3629 tui
746 3555 932 3647 replebitur
947 3554 1186 3643 mmqoisqoe.
1205 3551 1280 3625 Nec
1301 3551 1422 3624 minus
1439 3551 1537 3644 illud,
1555 3551 1653 3644 quod
1673 3551 1758 3623 dicit

588 3675 735 3750 Ovidius
752 3676 788 3748 iu
805 3671 1159 3748 commendationem
1183 3670 1320 3766 Virgilii
1347 3670 1516 3764 principis
1541 3677 1753 3764 poetarum:

788 3848 915 3918 omnm
938 3845 1055 3916 diolco
1080 3846 1234 3943 cantauit
1255 3847 1411 3916 carmine
1436 3850 1539 3915 uates

590 4031 664 4102 lloc
688 4029 734 4102 de
760 4029 888 4123 primo.

661 4148 883 4241 Secundum,
918 4149 1016 4241 quod
1056 4150 1217 4244 tangitur
1255 4149 1291 4221 in
1327 4149 1525 4223 autoritate
1559 4149 1754 4243 praemissa,

588 4274 644 4341 est
670 4268 803 4340 utilitas
827 4267 1082 4360 desiderabilis,
1110 4268 1242 4343 utilitas
1272 4268 1421 4361 inquam
1448 4267 1656 4362 multiplex:
1685 4267 1755 4340 uti-

589 4387 668 4460 litas
688 4386 914 4480 inventionis,
933 4388 1066 4461 utilitas
1083 4388 1338 4479 instructionis,
1356 4388 1491 4462 utilitas
1509 4389 1755 4463 correctionis.

650 4647 681 4707 (¹)
696 4646 722 4696 S.
739 4647 885 4709 plenissime
902 4647 988 4698 dicere
1005 4656 1097 4710 posset.
1280 4650 1309 4707 l'l
1325 4649 1356 4699 E.
1373 4662 1433 4699 sone
1450 4649 1596 4700 lactabitur.

650 4722 680 4783 (⁸)
696 4724 726 4772 E.
743 4727 850 4784 prostat.
1280 4726 1310 4786 ι’)
1326 4726 1352 4776 S.
1369 4728 1489 4789 poeticos.

654 4799 683 4856 t'l
700 4803 754 4856 llo,
770 4798 937 4848 eoam-lt.
954 4805 983 4849 ut
998 4799 1139 4851 evidentur.
1279 4801 1309 4859 ι’)
1326 4806 1380 4859 llll,
1396 4808 1492 4852 molus.

654 4875 680 4936 (⁷)
696 4873 721 4922 S.
740 4873 915 4935 peritissimus.
