4154 6546
681 801 820 857 CANTUS
844 800 1002 857 DECiMUS
1026 800 1170 857 smus.
1428 789 1497 856 551

332 947 588 1044 Phiegemntis
613 945 713 1040 qnod
742 945 838 1020 cedit
866 947 903 1020 in
932 946 1046 1020 alium
1076 945 1257 1020 circulum
1286 944 1502 1020 srnndnlen-

329 1075 466 1162 torum,
485 1068 579 1142 sieut
604 1067 833 1162 praemissnm
861 1066 930 1141 suit
955 1066 992 1140 in
1017 1066 1192 1161 principio
1218 1067 1326 1140 huius
1343 1064 1502 1160 capituli,

330 1192 365 1261 η’
378 1210 443 1262 cra
467 1180 498 1260 si
522 1189 650 1277 ccciccc,
676 1187 763 1280 quia
788 1186 1174 1282 appropinquabamus
1198 1185 1244 1260 ad
1270 1185 1379 1260 finem
1402 1185 1503 1259 istius

329 1309 411 1401 vim,
428 1311 488 1381 cde
506 1329 574 1400 per
596 1310 727 1400 parler
739 1327 916 1381 sarcmmo
941 1329 966 1379 a
985 1328 1082 1399 pena
1100 1306 1502 1398 praemisissemus

330 1430 410 1504 soni
435 1428 674 1525 perturbabat
698 1428 877 1503 anditum.
891 1467 941 1481 -
957 1431 1068 1501 Come.
1096 1426 1161 1501 Hic
1192 1434 1302 1500 autor
1333 1425 1503 1501 describit

332 1571 484 1625 cursum
510 1558 548 1625 et
572 1569 700 1624 cesum
721 1549 824 1622 istius
840 1569 948 1641 aqnae
966 1547 1210 1643 Phlegemntis
1227 1567 1293 1641 per
1309 1567 1503 1641 compara·

333 1672 469 1748 tionem
494 1689 603 1763 equae
626 1670 777 1744 alterius
801 1669 961 1743 fluminis
978 1668 1096 1745 italici.
1114 1669 1159 1742 Et
1176 1669 1263 1761 quia
1279 1668 1502 1762 comparatio

334 1799 389 1865 est
415 1791 609 1865 fortissime
629 1797 667 1865 et
684 1789 950 1864 intricatissimn
972 1795 1153 1882 quantum
1170 1789 1217 1862 ad
1233 1788 1447 1864 sententiam
1466 1797 1504 1866 et

334 1918 514 2005 quantum
539 1911 586 1986 ed
612 1910 766 2002 literam,
781 1915 819 1983 et
842 1910 949 1985 multi
970 1911 1089 1984 muita
1104 1903 1142 2002 (¹)
1160 1929 1314 1984 erronea
1331 1909 1504 1983 dixerunt

333 2032 369 2105 in
394 2033 475 2106 eius
495 2031 731 2126 expcsitinne
749 2031 830 2105 ideo
846 2039 903 2105 est
923 2032 1017 2105 bene
1033 2031 1299 2106 advertendum
1316 2030 1364 2104 nd
1383 2030 1504 2105 decie-

333 2153 513 2226 rationem
547 2152 626 2226 eins
639 2143 690 2244 (¹),
721 2151 820 2245 quod
852 2151 947 2228 inter
979 2151 1133 2225 Galliam
1159 2159 1197 2225 et
1221 2151 1359 2225 italiam
1392 2170 1504 2244 suprn

332 2272 672 2346 Montemierretum
690 2277 728 2345 et
743 2271 927 2345 innuense
938 2260 987 2362 (³),
1006 2276 1061 2344 est
1074 2291 1192 2364 mens,
1205 2271 1269 2363 qui
1286 2270 1417 2346 dicitur
1430 2270 1503 2344 Ve-

332 2393 447 2484 sniuS,
468 2390 685 2486 principium
704 2390 836 2464 montis
852 2390 1049 2483 Apennini3
1067 2410 1114 2465 ex
1135 2411 1211 2484 qno
1228 2397 1354 2464 monte
1371 2389 1505 2465 Vesuin

332 2511 492 2585 nascitur
518 2510 647 2585 nobilis
672 2511 805 2584 fluvius
829 2510 960 2603 Padus,
987 2510 1050 2604 qui
1076 2511 1210 2605 colligit
1234 2531 1364 2587 omnes
1387 2532 1504 2606 epuns

332 2632 559 2707 inmmrdiae
591 2631 762 2706 cadentes
792 2651 814 2704 a
844 2630 987 2705 sinistre
1020 2631 1208 2725 Apennini.
1238 2632 1343 2706 Modo
1374 2653 1504 2707 omnes

333 2754 423 2827 tales
447 2772 556 2845 eqnae
581 2772 653 2826 nnn
678 2751 847 2826 derivant
871 2771 938 2845 per
959 2772 999 2826 se
1013 2752 1060 2826 ad
1078 2772 1194 2845 mere,
1219 2758 1257 2827 et
1281 2753 1503 2848 immediate,

333 2872 420 2965 quin
445 2871 568 2947 omnia
594 2871 745 2945 numina
770 2871 1048 2946 Pedemnntinm
1074 2877 1112 2945 et
1136 2871 1362 2947 Lombardiae
1384 2874 1504 2967 primo

333 2993 537 3067 decurrunt
555 2991 602 3065 ad
618 2991 774 3065 Pedum:
791 2991 922 3067 deinde
935 2992 1055 3066 Padus
1067 2999 1188 3085 portet
1199 2992 1323 3066 omnin
1337 2993 1372 3066 in
1386 3014 1503 3069 mare.

334 3112 480 3185 Primus
512 3121 639 3191 autem
674 3111 820 3204 fluvius,
845 3111 910 3203 qui
941 3111 1020 3185 sine
1052 3111 1150 3186 Pado
1176 3111 1286 3186 intrat
1319 3132 1424 3187 mere
1450 3120 1505 3189 est

337 3232 487 3327 quidem
512 3230 658 3324 ssuvius,
683 3230 748 3324 qui
765 3236 920 3305 vocatur
936 3230 1039 3306 Aries
1056 3231 1133 3305 sive
1149 3231 1354 3325 imotenus,
1371 3233 1435 3327 qni
1452 3233 1506 3307 in-

335 3354 434 3427 bitur
454 3353 563 3447 juxta
589 3351 725 3425 moenia
750 3350 896 3426 Foriivii
922 3352 958 3425 in
983 3352 1232 3445 Romendioin,
1257 3359 1295 3428 et
1318 3353 1415 3448 apud
1432 3355 1506 3427 Re·

335 3493 493 3547 vennam
519 3472 631 3546 intrat
657 3491 761 3545 mare
776 3459 825 3564 (ἢ,
843 3477 880 3545 et
904 3477 1061 3573 nocetur
1076 3474 1182 3564 Aque
1198 3472 1327 3560 Quieta
1345 3473 1381 3546 in
1399 3493 1506 3546 mnn-

334 3592 450 3685 tinum
480 3591 545 3666 sed
576 3599 768 3686 postquam
801 3590 923 3684 incipit
956 3591 1254 3666 descenderem
1285 3592 1428 3687 alpibus
1458 3593 1505 3667 nd

335 3714 497 3808 planum,
519 3720 673 3788 vocatur
697 3712 812 3786 Aries,
831 3710 936 3786 Modo
956 3711 1002 3786 ad
1020 3712 1264 3807 prepositnm3
1289 3713 1368 3787 vnit
1383 3713 1506 3790 dicere

335 3840 457 3927 enter,
476 3833 575 3927 qued
599 3833 694 3907 sicut
718 3833 853 3907 fluvius
873 3834 1076 3926 idomenus,
1095 3833 1158 3926 qui
1176 3833 1337 3907 nascitur
1357 3834 1394 3907 in
1411 3836 1503 3931 alpe,

337 3953 457 4047 primo
482 3953 617 4027 inbitur
642 3973 708 4046 per
731 3953 812 4028 loen
838 3960 1010 4027 montane
1035 3952 1130 4027 inter
1154 3973 1255 4047 mxc,
1279 3953 1410 4029 deinde
1439 3955 1505 4030 de-

336 4071 476 4148 scendit
500 4093 585 4146 cum
613 4092 748 4166 magno
774 4092 972 4147 murmure
995 4072 1042 4147 nd
1072 4074 1152 4147 inca
1177 4075 1284 4168 plana
1316 4081 1353 4148 et
1386 4082 1506 4151 mntnt

335 4211 481 4287 nomen,
503 4192 590 4285 quie
607 4198 727 4265 mutat
744 4193 867 4268 iocum
882 4216 892 4285 3
910 4193 961 4268 ite
976 4192 1046 4267 iste
1062 4194 1195 4268 fluvius
1211 4195 1421 4290 Phlegeton,
1441 4196 1504 4289 qui

336 4311 497 4386 nascitur
512 4332 536 4386 n
553 4318 750 4387 montanea
770 4312 859 4405 Yde,
877 4312 1012 4386 inbitur
1038 4312 1157 4406 primo
1182 4334 1249 4408 per
1273 4315 1389 4389 multe
1413 4316 1503 4410 loen,

336 4433 430 4507 sicut
447 4452 513 4526 per
525 4424 564 4524 (Β)
581 4433 738 4508 circulos
757 4432 1059 4509 incontinentium
1078 4438 1116 4508 et
1133 4433 1390 4529 violentorum,
1409 4442 1505 4511 iarn·

335 4573 448 4647 quem
474 4574 540 4647 per
565 4554 645 4629 ioca
671 4560 863 4629 montana:
889 4553 1020 4630 deinde
1045 4553 1139 4628 cedit
1158 4575 1244 4628 cum
1262 4576 1398 4652 mngnn
1413 4577 1505 4632 sono

393 4784 420 4846 (¹)
437 4788 491 4843 m,
507 4784 591 4834 mite
607 4784 736 4835 dixerunt.
1064 4779 1093 4845 (ί)
1110 4784 1140 4834 Ε,
1157 4784 1236 4836 mm

394 4859 421 4923 (')
437 4860 467 4910 Β.
479 4861 632 4924 januensem
648 4861 781 4911 ditionem.
1064 4859 1092 4924 (⁸)
1108 4866 1161 4923 ιω,
1178 4862 1206 4913 ιῃ
1222 4874 1303 4913 m

393 4936 421 4998 (⁸)
435 4937 462 4988 8.
475 4947 523 5000 pu
538 4935 637 4988 meite·
652 4937 774 4988 mrcnics.
