4154 6546
762 798 899 861 cronos
925 799 1089 862 oncrnus.
1117 749 1119 753 ⁷
1439 788 1506 864 341

339 947 458 1027 luerat
484 948 520 1026 in
542 951 671 1027 eadem
697 953 852 1049 pessima
875 934 1102 1046 credulitate,
1119 950 1206 1044 defin
1222 956 1262 1026 ct
1275 961 1402 1046 morto,
1422 956 1511 1048 quia

336 1093 409 1147 non
439 1080 653 1150 surrexerat
689 1081 789 1150 recte
822 1074 858 1148 in
895 1073 1048 1170 pedibus
1083 1073 1176 1148 sicut
1207 1074 1393 1170 Furinata3
1428 1074 1511 1150 ideo

335 1194 443 1269 dicit:
468 1197 575 1269 oredo
598 1198 659 1269 ctae
682 1198 785 1270 sero
809 1198 847 1269 to
870 1192 1045 1288 pino'ccdie
1069 1197 1196 1288 leonto,
1220 1216 1287 1291 per
1304 1197 1374 1270 hoc
1391 1196 1510 1271 innuit

334 1322 444 1391 autor
469 1316 568 1412 quod
593 1316 660 1391 iste
685 1337 759 1390 non
783 1322 865 1391 erat
891 1322 1001 1390 tanne
1027 1316 1316 1411 magnificentiae,
1338 1336 1407 1392 nec
1431 1322 1507 1391 tam

335 1436 397 1511 alti
418 1435 538 1512 cordis
555 1435 649 1512 sieut
668 1436 848 1512 Farinata.
863 1436 933 1512 Iste
950 1456 1035 1510 cum
1054 1436 1214 1512 audisset
1230 1444 1401 1512 autorem
1418 1456 1508 1511 oon·

334 1557 512 1661 terentem
538 1557 654 1631 multa
681 1578 767 1631 cum
793 1557 962 1632 Farinata
987 1557 1033 1632 de
1058 1556 1278 1632 novitatibus
1303 1557 1508 1652 Florentiae,

335 1685 373 1752 et
397 1677 443 1753 de
468 1677 681 1773 expulsione
705 1683 743 1753 et
767 1677 978 1753 reversione
1002 1677 1115 1773 partis
1130 1670 1181 1772 (¹),
1206 1678 1367 1752 surrexit
1385 1677 1505 1752 statim

335 1796 489 1872 libenter
505 1797 550 1872 ad
571 1787 606 1890 (¹)
629 1796 825 1872 videndum
842 1805 1024 1892 autorem,
1045 1796 1108 1892 qui
1126 1796 1175 1873 ita
1192 1797 1413 1873 mordaciter
1427 1805 1509 1873 tan-

335 1917 444 2012 gebat
475 1917 688 2014 ghibelinos,
716 1918 804 2013 quia
839 1917 916 2015 ipse
944 1917 1162 1993 Cavalcante
1203 1925 1284 1993 erat
1326 1917 1507 2014 guelphus

334 2057 421 2111 cum
447 2038 540 2113 suis:
567 2038 649 2113 ideo
674 2038 769 2114 bene
794 2038 897 2136 fingit
925 2045 1035 2114 antor
1063 2037 1162 2132 quod
1192 2038 1353 2113 surrexit
1377 2044 1505 2113 contra

334 2156 553 2255 Farinatam‚
567 2158 654 2254 quin
670 2158 841 2233 Farinata
856 2157 1040 2253 loquendo
1057 2165 1185 2233 contra
1200 2157 1354 2233 Dantem
1375 2156 1422 2232 de
1438 2178 1506 2233 ex-

332 2278 497 2372 pulsione
515 2300 683 2375 suorum,
700 2278 871 2374 implicite
889 2278 1057 2375 tetigerat
1067 2269 1106 2371 (⁸)
1122 2276 1233 2354 etiam
1249 2277 1504 2374 expulsionem

330 2400 643 2496 predecessorum
668 2400 780 2498 ipsius
797 2401 1033 2477 cavalcantis.
1051 2402 1096 2475 Et
1112 2401 1163 2477 sic
1180 2401 1263 2509 vide
1278 2403 1378 2496 quod
1394 2409 1504 2479 autor

330 2521 430 2617 ponit
462 2522 555 2598 dnos
586 2523 777 2619 epicureos
806 2521 917 2597 simul
947 2520 994 2596 de
1023 2527 1128 2616 parte
1160 2522 1355 2618 contraria,
1381 2543 1499 2596 unum

328 2640 566 2740 ghibelinum‚
584 2644 744 2721 alterum
761 2643 976 2740 guelphum,
993 2661 1154 2737 quorum
1172 2662 1271 2717 unus
1282 2632 1319 2736 (ἥ
1335 2648 1502 2717 meretur

329 2759 464 2836 tamam
492 2762 633 2838 ratione
657 2770 847 2861 gestorum
880 2783 1046 2858 snorum,
1075 2763 1169 2838 aller
1201 2763 1342 2838 ratione
1371 2762 1432 2836 tilii
1450 2753 1499 2855 (⁶).

329 2883 568 2957 -Dintorno
583 2882 648 2957 Hic
660 2890 769 2960 autor
781 2882 937 2958 ostendit
953 2881 1139 2978 quomodo
1152 2880 1370 2958 Carnicante
1381 2903 1422 2958 se
1434 2883 1501 2958 lra-

328 2999 451 3076 buerit
469 2991 505 3096 (⁰)
532 3023 622 3100 erga
648 3023 735 3078 eum
758 3008 844 3078 actu
870 3009 907 3078 et
931 3002 1058 3097 verbo,
1084 3001 1231 3077 dicens:
1257 3003 1317 3078 ille
1341 3000 1500 3099 spiritns,

327 3140 382 3194 me
404 3117 545 3214 pucrdd
570 3125 735 3198 diatmaro
759 3144 855 3197 come
879 3143 999 3197 coesse
1024 3124 1151 3196 talento
1174 3124 1213 3196 di
1241 3124 1348 3197 ceder
1374 3125 1501 3197 datm

327 3264 391 3316 ero
416 3264 520 3318 meco.
547 3245 624 3319 Hoc
648 3243 751 3343 fingit
770 3251 880 3320 autor
897 3243 982 3339 quia
1001 3242 1194 3319 videbatur
1213 3242 1410 3318 verisimile
1428 3242 1499 3319 Ca·

326 3364 482 3441 valcanti
507 3366 607 3460 quod
631 3364 749 3441 Guido
775 3364 869 3439 lilius
885 3386 976 3439 suus
992 3364 1143 3440 deberet
1159 3384 1240 3439 esse
1264 3385 1351 3439 oum
1368 3364 1498 3462 Dante,

325 3486 412 3581 quia
437 3486 587 3562 luerunt
610 3487 686 3562 duo
702 3487 841 3563 lumina
855 3475 893 3581 (⁷)
916 3485 1120 3581 Florentiae,
1138 3506 1237 3559 unus
1252 3485 1498 3581 philosophus,

323 3608 416 3681 alter
441 3615 561 3704 poeta,
586 3607 716 3684 eodem
741 3614 920 3703 tempore,
953 3607 1000 3683 de
1030 3607 1161 3683 eadem
1186 3612 1302 3702 parte,
1326 3606 1434 3682 amici
1460 3613 1498 3681 et

322 3725 426 3822 socii3
452 3727 534 3802 ideo
558 3727 666 3803 dicit:
696 3748 716 3801 e
744 3730 836 3803 drsse
858 3731 1075 3822 plangendo,
1109 3728 1267 3831 quando
1286 3727 1374 3802 vidit
1397 3727 1497 3823 quod

322 3867 426 3921 eram
450 3847 550 3922 solus
575 3845 692 3942 vivus,
718 3854 756 3922 et
781 3848 880 3943 quod
901 3846 1019 3922 Guido
1035 3867 1109 3923 non
1125 3855 1207 3923 erat
1222 3868 1383 3943 mecum,
1401 3848 1496 3923 sicut

321 3966 398 4063 ipse
422 3965 707 4064 imaginabatur,
727 3964 854 4060 potede*
871 3970 897 4040 ’1
918 3970 1136 4064 sosptccrsu
1155 3975 1240 4042 tudo
1254 3975 1388 4062 specto,
1405 3967 1496 4043 idest

320 4093 514 4183 postquam
541 4086 621 4163 eius
645 4087 859 4183 suspitioet
875 4088 1072 4164 credulitas
1088 4088 1157 4163 tuit
1174 4089 1325 4164 omnino
1345 4089 1494 4164 exclusa

319 4215 357 4283 et
382 4229 487 4305 vana,
514 4207 602 4303 quia
625 4206 761 4285 scilieet
785 4228 859 4282 non
883 4207 972 4285 vidit
996 4207 1111 4283 fllium
1136 4229 1259 4303 suum,
1285 4210 1356 4282 mio
1381 4208 1493 4301 pylio,

319 4327 465 4423 scilicet,
490 4327 620 4425 Guido‚
645 4331 701 4402 ου’
710 4325 759 4422 e‘e,
786 4327 890 4423 quasi
915 4328 1035 4404 dicat:
1052 4327 1140 4423 quid
1165 4327 1280 4402 taciti
1298 4317 1491 4420 marcet(⁸)

318 4449 395 4545 ipse
419 4449 524 4524 otiot
548 4445 716 4543 epercle'
738 4469 810 4522 non
834 4441 871 4522 dc
895 4455 981 4540 uon,
1007 4447 1112 4543 quasi
1131 4447 1249 4522 dicat:
1276 4439 1405 4541 quare
1419 4466 1491 4521 non

320 4587 867 4766 “mann
953 4627 1120 4755 tius
1133 4627 1166 4678 “¹
1181 4625 1347 4677 ,nn

378 4708 406 4842 {l
421 4704 819 4847 ssnnuuffigoerpuuuxgnromr.
869 4704 939 4768 m
989 4716 1005 4756 v
1047 4781 1075 4843 (⁸)
1091 4781 1122 4832 ll.
1138 4781 1185 4832 otu
1201 4781 1251 4832 tul.

378 4856 407 4919 υ)
421 4857 448 4909 8.
464 4858 563 4911 munta
1047 4858 1074 4919 (η
1092 4862 1146 4919 rto,
1163 4858 1309 4911 munte

379 4932 407 4995 (Ἴ
423 4933 454 4986 n
470 4939 572 4988 marcet
587 4948 622 4988 no
636 4937 691 5002 ipsc
706 4936 776 4988 otlor
