4154 6546
447 795 517 866 420
838 804 1043 864 tonsorum
1069 804 1218 862 tuream

445 956 515 1029 dit:
542 960 625 1028 Sum
649 954 764 1027 Attila
786 958 959 1047 flagellum
981 957 1054 1027 Dei.
1077 954 1177 1026 Tunc
1191 945 1227 1045 (⁴)
1248 951 1483 1025 Geminianus
1507 950 1617 1026 dixit:

446 1082 528 1149 Sum
558 1079 778 1148 dominianus
801 1097 923 1147 smero
947 1078 1036 1167 θείς
1066 1081 1103 1147 ot
1135 1073 1308 1147 continuo
1339 1075 1473 1168 apertis
1505 1075 1626 1191 portis

446 1197 563 1270 Athila
581 1195 745 1270 transivit
761 1215 827 1290 per
845 1196 1006 1269 medium
1027 1194 1180 1268 civitatis
1197 1193 1344 1268 nomine
1359 1194 1509 1269 offenso.
1524 1195 1617 1268 Dicit

447 1336 556 1412 ergo:
572 1321 622 1387 Lo
635 1317 755 1388 dimne
766 1317 928 1405 giosdzio
935 1336 1055 1407 punge
1072 1317 1110 1387 di
1122 1335 1203 1405 quo,
1218 1313 1352 1388 seilicet
1368 1333 1412 1388 ex
1428 1322 1532 1410 parte
1547 1316 1616 1390 ista

447 1442 702 1531 tyrannorum,
726 1438 825 1528 poelt
838 1438 943 1508 Attila
966 1438 1026 1507 cltc
1046 1438 1087 1528 so
1110 1437 1247 1526 flagello
1270 1436 1309 1506 in
1334 1440 1443 1525 terro,
1469 1441 1507 1509 et
1529 1455 1619 1510 vere

448 1556 515 1628 fuit
545 1554 729 1651 flagellum
759 1555 823 1630 Dei
858 1555 904 1628 ad
938 1554 1119 1649 punienda
1155 1560 1304 1648 peccata
1336 1554 1549 1628 multorum.
1567 1594 1618 1608 --

437 1682 481 1749 >E
503 1680 621 1749 Pirro.
643 1677 707 1750 llic
732 1687 841 1753 autor
865 1676 928 1749 dat
952 1675 1045 1750 duos
1070 1674 1186 1748 socios
1206 1674 1346 1770 bthilae,
1367 1674 1501 1749 seilicet
1527 1674 1619 1770 Pyr-

449 1800 558 1872 rhum
585 1804 621 1872 et
646 1798 809 1874 Sextum.
836 1797 906 1871 Sed
934 1796 991 1870 hic
1016 1802 1072 1870 est
1096 1796 1190 1870 bene
1215 1795 1493 1889 advertendum,
1518 1794 1617 1889 quod

449 1917 556 1991 multi
581 1924 769 2012 exponunt
793 1916 851 1991 bic
876 1916 922 1991 de
947 1916 1087 2011 Pyrrho
1103 1907 1140 2007 (²)
1167 1914 1239 1988 filio
1264 1914 1420 2009 Achillis,
1446 1915 1509 2008 qui
1540 1915 1618 2009 fuit,

449 2045 492 2111 ut
516 2038 650 2132 dieunt,
678 2037 783 2112 valde
809 2037 1000 2129 violentus,
1033 2035 1118 2130 quia
1153 2035 1285 2110 evertit
1315 2035 1415 2129 llion,
1448 2034 1622 2109 mactavit

450 2159 651 2252 Priamum,
677 2158 839 2231 imolavit
854 2148 889 2249 (³)
918 2157 1153 2249 Polissenam,
1172 2155 1292 2250 rapuit
1317 2176 1473 2230 uxorem
1500 2156 1617 2228 llore-

451 2278 505 2351 sti.
534 2277 603 2352 Sed
629 2284 731 2352 certe
760 2278 932 2371 quicquid
962 2277 1104 2350 dicatur
1136 2296 1208 2348 non
1239 2276 1349 2350 oredo
1382 2275 1480 2369 quod
1510 2281 1619 2348 autor

452 2398 626 2494 intelligat
650 2396 740 2472 *hic
765 2398 811 2472 de
836 2397 1008 2492 praedicto
1028 2398 1180 2492 Pyrrho,
1200 2396 1285 2490 quia
1311 2396 1500 2470 violentias
1523 2418 1619 2491 prae-

453 2519 565 2592 dietas
591 2519 674 2592 feeit
699 2518 793 2592 iuste
818 2524 946 2591 contra
963 2518 1084 2591 hostes
1100 2537 1206 2611 suos,
1225 2517 1299 2590 imo
1320 2517 1430 2591 credo
1447 2518 1547 2610 quod
1563 2520 1619 2592 lo-

453 2627 673 2733 quatur*(‘)
707 2638 753 2712 de
784 2638 925 2733 Pyrrho
957 2658 1046 2733 rege
1079 2637 1175 2731 Epiri
1205 2638 1242 2711 in
1271 2638 1421 2732 Graecia,
1455 2639 1519 2733 qui
1552 2639 1619 2712 fuit

453 2757 720 2832 valentissimus
745 2762 782 2830 et
808 2756 1096 2831 violentissimus.
1124 2757 1206 2830 Fuit
1231 2758 1327 2831 onim
1347 2760 1440 2832 alter
1466 2760 1622 2833 Alexan-

453 2879 530 2972 der,
557 2878 620 2952 sed
645 2877 840 2952 virtuosior
865 2899 931 2971 eo;
950 2885 986 2952 et
1007 2878 1074 2950 fuit
1090 2878 1136 2952 de
1152 2898 1288 2973 gonaro
1306 2878 1434 2974 Pyrrhi
1460 2878 1620 2973 praedicti

455 3000 515 3073 filii
533 3000 687 3094 Achillis,
714 3007 751 3074 et
775 3000 1014 3074 consobrinus
1032 2999 1142 3094 ipsius
1160 2999 1355 3073 Alexandri
1373 3000 1507 3094 magni.
1525 2999 1621 3074 Fue-

455 3127 542 3193 runt
567 3121 664 3195 enim
689 3120 776 3194 olim
798 3126 872 3194 tres
890 3119 1117 3194 famosissimi
1135 3120 1248 3193 duces
1268 3120 1461 3212 bellorum,
1481 3120 1622 3214 peritis-

455 3241 535 3313 simi
562 3261 771 3333 armorum3
790 3240 924 3314 seilicet
949 3240 1165 3333 Alexander,
1183 3240 1346 3336 Pyrrhus
1371 3247 1409 3313 et
1434 3239 1620 3315 Hannibal.
1749 3277 1751 3282 ·

454 3362 506 3434 hd
527 3362 751 3456 propositum
778 3382 879 3456 ergo,
900 3366 940 3433 ut
957 3360 1079 3433 scribit
1097 3360 1270 3454 lustinus,
1288 3360 1355 3434 iste
1371 3360 1535 3456 Pyrrhus
1554 3363 1621 3435 ha-

454 3482 535 3555 buit
559 3503 625 3576 pro
651 3503 784 3577 magna
811 3482 996 3574 voluptate
1022 3488 1186 3554 certare:
1206 3481 1272 3556 iste
1299 3481 1397 3554 venit
1423 3480 1458 3554 in
1484 3481 1622 3555 ltaliam

455 3603 492 3675 in
518 3602 719 3676 subsidium
736 3602 1017 3675 Tarentinorum
1035 3608 1162 3674 eontra
1179 3603 1374 3695 Romanos,
1393 3608 1430 3675 et
1447 3622 1512 3696 per
1529 3623 1623 3694 qua·

456 3722 661 3796 driennium
689 3721 850 3817 fatigavit
876 3721 1048 3795 virtutem
1077 3742 1280 3795 romanam.
1311 3721 1447 3795 Deinde
1476 3721 1623 3795 dimissa

456 3843 556 3917 ltalia
583 3843 745 3915 transivit
770 3841 807 3914 in
832 3842 1000 3935 Siciliam,
1026 3848 1063 3915 et
1088 3850 1235 3916 creatus
1261 3864 1327 3916 rex
1357 3842 1483 3915 insulae
1509 3843 1624 3915 multa

456 3963 550 4036 bella
589 3982 672 4034 cum
707 3961 1052 4057 Carthaginensibus
1091 3962 1242 4035 feliciter
1281 3961 1386 4055 fecit,
1420 3962 1482 4036 sed
1515 3962 1625 4057 paulo

457 4089 537 4177 post
554 4082 681 4154 Siciliae
696 4073 732 4173 (⁵)
757 4102 911 4176 regnum
934 4081 1072 4154 facilius
1090 4082 1243 4175 perdidit
1261 4103 1373 4175 quam
1391 4081 1621 4175 quaesiverat

457 4202 593 4276 Deinde
632 4222 802 4276 reversus
837 4201 870 4273 in
906 4222 1061 4296 regnum
1097 4224 1206 4274 suum
1241 4222 1367 4297 regem
1406 4200 1624 4276 Macedoniae

457 4322 677 4417 Antigonum
697 4322 843 4415 invasit,
864 4343 938 4416 quo
962 4322 1059 4396 vieto
1079 4343 1234 4417 regnum
1258 4322 1457 4416 occupavit.
1478 4321 1628 4417 Antigo-

458 4466 526 4517 nus
541 4465 604 4518 rex
620 4443 751 4517 iniuste
768 4442 940 4537 spoliatus
957 4444 1053 4516 bello
1070 4442 1233 4538 confugit
1250 4443 1295 4516 ad
1315 4442 1441 4537 Argos.
1464 4443 1629 4537 Pyrrhus

520 4614 547 4677 (¹)
563 4615 588 4664 S.
606 4617 680 4664 Tune
695 4616 858 4665 Geminiaous
874 4628 964 4664 servus
981 4614 1027 4663 Dei
1042 4615 1115 4664 iussit
1132 4620 1220 4677 portas
1236 4614 1345 4664 civitatis
1361 4614 1465 4676 aperiri,
1481 4620 1508 4663 et
1524 4614 1627 4676 apertis,

459 4692 549 4742 Arbita
566 4692 692 4741 transivit.

521 4769 547 4831 (¹)
564 4770 594 4818 E.
611 4769 694 4831 Pyrro
711 4769 865 4831 Achilleide,
881 4771 926 4835 qui
943 4769 1000 4820 fuit.
1205 4767 1231 4830 (¹)
1247 4768 1273 4818 S.
1289 4768 1394 4818 violavit
1409 4767 1566 4817 Polixemm.

520 4844 548 4908 (¹)
563 4845 600 4894 Le
616 4846 704 4906 parole
721 4846 761 4896 fra
777 4847 785 4895 i
801 4847 851 4896 doe
868 4848 998 4898 mterischi
1015 4861 1079 4898 sono
1097 4846 1138 4896 dei
1153 4845 1239 4896 Codici
1255 4845 1404 4895 Stroninno
1419 4856 1435 4892 e
1451 4842 1567 4894 mene.

522 4922 548 4984 (⁸)
565 4922 595 4971 Ε.
612 4921 724 4972 Siciliam
741 4922 850 4973 facilius.
