4154 6546
447 816 518 883 ela
842 824 1045 881 conuuruu
1068 824 1220 879 urrunnu

446 973 483 1045 in
508 977 684 1066 quartum
714 960 905 1044 circulum.
932 969 1071 1044 Dicitur
1103 969 1202 1046 enim
1234 969 1347 1061 lacco,
1378 966 1469 1042 idest
1494 973 1605 1060 wia,

449 1099 490 1166 ut
514 1097 612 1186 patet
637 1091 697 1163 Vll
722 1089 880 1184 capitulo
900 1089 1119 1186 Purgatorii‚
1136 1090 1319 1183 ptqtiuado
1332 1083 1394 1181 ptri
1417 1089 1460 1161 de
1484 1090 1521 1159 to
1543 1088 1610 1160 do-

448 1217 534 1286 lente
548 1214 644 1303 ripa,
662 1209 749 1303 quia
764 1207 1018 1284 descendimus
1035 1209 1151 1307 magis
1170 1208 1321 1285 iniurius
1338 1214 1375 1282 et
1390 1199 1427 1299 (⁴)
1448 1205 1611 1301 cepimus

448 1332 528 1425 plus
552 1329 599 1405 de
624 1330 702 1424 ripa
726 1327 859 1405 Inferni
884 1349 968 1425 quae
993 1335 1049 1405 est
1073 1328 1152 1424 ripa
1175 1327 1312 1404 doloris
1336 1333 1373 1402 at
1388 1317 1424 1418 (‘)
1454 1325 1613 1400 continet

449 1450 530 1543 plus
554 1468 685 1544 poeme,
711 1448 810 1525 unde
834 1447 942 1523 dicit:
967 1451 1028 1523 cte
1043 1453 1069 1523 't
1091 1452 1166 1523 mot
1187 1451 1230 1523 de
1255 1449 1443 1521 caucaso
1459 1452 1542 1520 tutto
1556 1448 1613 1519 iu·

450 1588 567 1659 socca,
593 1566 684 1642 idest
708 1586 792 1662 quae
817 1566 896 1662 ripa
919 1567 1055 1643 claudit
1079 1575 1117 1644 et
1141 1572 1334 1643 conservat
1350 1566 1444 1640 intra
1461 1585 1502 1640 se
1517 1547 1615 1641 tani-

450 1707 563 1780 quam
588 1685 626 1760 iu
650 1705 756 1761 sacoo
780 1685 918 1761 inclusa
943 1687 1068 1763 omnia
1093 1687 1191 1762 mala
1216 1692 1253 1760 et
1277 1693 1426 1781 peccata
1450 1683 1587 1760 mundi.

522 1804 840 1880 antummum
870 1812 927 1881 ert
955 1806 1114 1882 secunda
1146 1826 1232 1901 pars
1259 1805 1441 1903 generalis
1473 1805 1511 1879 iu
1540 1824 1614 1901 qna

447 1933 557 2000 autor
582 1931 713 2000 tractat
727 1914 764 2016 (⁸)
792 1924 840 2000 de
870 1945 980 2020 poena
1007 1920 1206 2001 avarorum
1241 1932 1278 2000 at
1307 1925 1546 2021 prodigorum
1577 1923 1614 1997 in

448 2044 633 2141 generali3
658 2051 695 2119 et
720 2043 805 2139 quia
831 2063 939 2139 poeua
963 2050 1019 2120 est
1043 2043 1193 2120 difficilis
1217 2049 1256 2119 et
1280 2043 1385 2137 quasi
1416 2042 1614 2138 inexplica-

449 2164 539 2257 bilis,
556 2169 665 2237 autor
680 2151 716 2255 (ὅ)
737 2163 861 2258 incipit
875 2163 924 2238 ab
940 2162 1216 2258 exclamatione,
1233 2162 1357 2238 dicens
1373 2161 1610 2237 admirative:

448 2286 503 2358 At
525 2286 660 2356 lustau
684 2285 725 2356 dt
746 2285 829 2373 Dio,
854 2284 908 2355 cti
930 2285 1035 2376 stipo,
1059 2282 1151 2358 idest
1174 2282 1256 2378 quis
1278 2280 1412 2356 claudit
1437 2286 1475 2356 et
1499 2280 1615 2355 couti-

454 2410 537 2495 net3
563 2402 613 2476 ita
639 2408 680 2475 ut
705 2401 809 2476 litera
837 2401 982 2497 legatur
1002 2400 1273 2498 interrogative,
1291 2407 1383 2474 toute
1402 2419 1514 2473 nuovo
1538 2405 1615 2472 tra-

454 2525 567 2611 voglie
591 2543 610 2592 e
629 2541 719 2613 perae
743 2523 862 2612 quoat’
872 2523 909 2592 io
934 2523 1035 2594 vidi?
1051 2520 1156 2613 quasi
1171 2519 1266 2594 dicat
1284 2517 1420 2593 durum
1438 2522 1494 2593 est
1509 2536 1615 2612 posse

453 2639 575 2712 dicere
599 2645 691 2732 quot
719 2643 756 2712 et
784 2658 869 2731 quae
898 2645 985 2711 sunt
1015 2659 1134 2734 poenve
1148 2630 1185 2730 (⁵)
1216 2645 1253 2713 et
1281 2657 1382 2712 curae
1415 2656 1615 2712 avarorum

452 2764 490 2831 et
514 2755 776 2852 prodigorum;
802 2757 860 2831 vel
884 2755 983 2831 dicas
998 2746 1047 2851 (β),
1073 2760 1146 2849 cire,
1171 2756 1262 2833 idest
1287 2776 1371 2852 qum
1390 2754 1530 2830 iusticia
1549 2755 1615 2829 liei

452 2877 569 2970 stipat
588 2875 679 2951 idest
697 2877 851 2970 claudit3
878 2883 916 2952 et
939 2885 994 2953 est
1018 2881 1109 2971 stipa
1134 2878 1290 2953 verbum
1317 2876 1457 2952 litorale
1481 2882 1519 2952 et
1544 2896 1616 2950 uon

453 2996 606 3093 vulgare
635 2996 930 3092 Bononiensium,
959 3003 1001 3072 ut
1031 2998 1144 3092 aliqui
1175 2998 1298 3074 dicere
1333 2998 1541 3072 voluerunt.
1574 2995 1618 3069 lit

452 3117 541 3211 petit
556 3136 706 3191 causam
724 3117 832 3191 huius
849 3117 1000 3192 iusticiae
1016 3117 1147 3193 divinae
1163 3118 1309 3194 dicens:
1327 3124 1484 3191 anostra
1503 3119 1616 3210 caluo,

453 3234 558 3329 quasi
582 3234 678 3309 dicat
702 3241 739 3310 et
754 3224 790 3329 (⁷)
818 3258 884 3312 nos
907 3256 977 3311 cur
1002 3258 1132 3312 sumus
1161 3237 1198 3311 in
1229 3237 1346 3331 eulpa,
1377 3258 1421 3310 ae
1448 3238 1545 3328 sctpa
1574 3227 1617 3325 si,

453 3355 544 3430 idest
568 3353 617 3428 ita
643 3359 759 3429 vastat
785 3375 861 3450 nos,
882 3363 919 3430 et
935 3364 991 3432 est
1007 3356 1104 3451 scipa
1124 3357 1279 3453 vulgare
1296 3356 1530 3430 llorentinum
1547 3354 1617 3445 lric,

453 3495 524 3548 non
550 3472 829 3549 bononiensium
844 3465 892 3566 (⁸).
919 3475 1051 3549 llicunt
1075 3475 1174 3550 enim
1199 3474 1397 3548 Florentini
1413 3474 1512 3568 quod
1533 3493 1618 3547 mu-

453 3593 519 3667 lier
544 3599 600 3667 est
624 3591 759 3686 scipata
785 3593 931 3685 quando
957 3594 1095 3688 peperit
1124 3593 1526 3668 abortivum—come.
1553 3591 1617 3664 llic

453 3719 562 3788 autor
587 3710 713 3785 volens
737 3711 946 3786 describere
970 3712 1186 3807 supplicium
1209 3732 1410 3787 avarorum
1435 3718 1472 3785 et
1495 3709 1618 3805 prodi-

453 3852 600 3927 gorum,
617 3830 803 3927 premittit
817 3823 853 3923 (ἢ
874 3853 987 3907 unam
1003 3833 1315 3928 comparationem
1332 3830 1616 3926 propriissimum

454 3971 519 4044 per
544 3970 657 4043 quam
682 3950 837 4025 ostendit
862 3952 1075 4044 qualitatem
1095 3973 1214 4048 poenae
1238 3971 1382 4028 eorum.
1409 3951 1463 4024 Ad
1487 3949 1618 4024 intelli-

453 4069 613 4164 gentiam
638 4069 918 4164 oomparationia
943 4077 998 4146 est
1014 4071 1203 4147 sciendum
1223 4071 1322 4165 quod
1338 4071 1376 4145 in
1396 4069 1528 4145 linibus
1547 4069 1619 4143 lta-

454 4189 511 4261 liae
535 4208 666 4303 versus
690 4189 887 4283 Orientem,
908 4190 1043 4266 scilicet
1059 4191 1153 4265 inter
1170 4189 1375 4266 Calabriam
1396 4197 1433 4264 et
1450 4188 1617 4281 Siciliam,

454 4313 508 4382 est
525 4328 643 4382 unum
659 4315 859 4404 angustum
883 4309 1077 4384 brachium
1097 4310 1209 4384 maris
1226 4309 1324 4404 quod
1342 4309 1544 4405 appellatur
1563 4301 1614 4398 (ml

456 4503 1618 4519 —————-——--—-

513 4622 541 4685 (¹)
557 4625 588 4674 E.
604 4629 632 4676 at
647 4625 683 4675 ric
699 4627 822 4689 capuam
1158 4628 1185 4692 (¹)
1200 4629 1232 4679 ll.
1247 4628 1309 4693 qula
1324 4628 1447 4679 docimi.

515 4697 541 4758 ι’)
558 4704 611 4760 llo,
630 4701 717 4765 tangit.
1160 4705 1187 4767 (⁸)
1202 4705 1228 4756 S.
1245 4704 1303 4755 ldco
1319 4707 1404 4754 antor.

514 4773 1077 4843 (⁸)S.all.atquoslntpmnnatonrar.
1162 4777 1479 4845 dtSdlcmquodcta.

514 4851 541 4912 (ἵ)
557 4851 582 4903 S.
597 4856 626 4902 at
639 4865 687 4902 noa
703 4853 859 4906 incurrtmns
875 4857 902 4906 ln
918 4857 1003 4922 culpa.
1161 4858 1188 4920 (¹)
1203 4857 1234 4909 li.
1249 4857 1413 4909 homotona.

517 4924 544 4987 (⁸)
559 4925 585 4977 S.
602 4926 735 4990 promittit
751 4930 978 5001 comparationem.
1153 4932 1191 4993 (¹⁶)
1207 4932 1233 4983 S.
1250 4937 1365 4983 vocatur.
