<?xml version="1.0" encoding="UTF-8"?>
<!DOCTYPE html PUBLIC "-//W3C//DTD XHTML 1.0 Transitional//EN"
    "http://www.w3.org/TR/xhtml1/DTD/xhtml1-transitional.dtd">
<html xmlns="http://www.w3.org/1999/xhtml" xml:lang="en" lang="en">
 <head>
  <title>
</title>
<meta http-equiv="Content-Type" content="text/html;charset=utf-8" />
  <meta name='ocr-system' content='tesseract 3.04.00' />
  <meta name='ocr-capabilities' content='ocr_page ocr_carea ocr_par ocr_line ocrx_word'/>
</head>
<body>
  <div class='ocr_page' id='page_1' title='image "./comentumsuperda00benvgoog_0260.png"; bbox 0 0 4154 6546; ppageno 0'>
   <div class='ocr_carea' id='block_1_1' title="bbox 849 774 1622 867">
    <p class='ocr_par' dir='ltr' id='par_1_1' title="bbox 849 774 1622 867">
     <span class='ocr_line' id='line_1_1' title="bbox 849 774 1622 867; baseline 0.004 -28"><span class='ocrx_word' id='word_1_1' title='bbox 849 774 1008 841; x_wconf 73' lang='lat' dir='ltr'><strong>‘cunnus</strong></span> <span class='ocrx_word' id='word_1_2' title='bbox 1034 787 1199 867; x_wconf 70' lang='lat' dir='ltr'><strong>comeus.</strong></span> <span class='ocrx_word' id='word_1_3' title='bbox 1553 780 1622 844; x_wconf 74' lang='lat'><strong>209</strong></span> 
     </span>
    </p>
   </div>
   <div class='ocr_carea' id='block_1_2' title="bbox 453 929 1624 1499">
    <p class='ocr_par' dir='ltr' id='par_1_2' title="bbox 453 929 1624 1499">
     <span class='ocr_line' id='line_1_2' title="bbox 455 929 1624 1024; baseline -0.002 -20"><span class='ocrx_word' id='word_1_4' title='bbox 455 930 613 1024; x_wconf 88' lang='lat' dir='ltr'><strong>capitulo</strong></span> <span class='ocrx_word' id='word_1_5' title='bbox 623 929 893 1001; x_wconf 76' lang='lat' dir='ltr'><strong>llll-Amor.</strong></span> <span class='ocrx_word' id='word_1_6' title='bbox 905 930 1167 1004; x_wconf 82' lang='lat' dir='ltr'><strong>HicFrancisca</strong></span> <span class='ocrx_word' id='word_1_7' title='bbox 1183 934 1310 1002; x_wconf 92' lang='lat' dir='ltr'><strong>narrat</strong></span> <span class='ocrx_word' id='word_1_8' title='bbox 1322 929 1479 1023; x_wconf 86' lang='lat' dir='ltr'><strong>qualiter</strong></span> <span class='ocrx_word' id='word_1_9' title='bbox 1488 931 1624 1005; x_wconf 86' lang='lat' dir='ltr'><strong>Paulus</strong></span> 
     </span>
     <span class='ocr_line' id='line_1_3' title="bbox 454 1047 1624 1144; baseline 0 -22"><span class='ocrx_word' id='word_1_10' title='bbox 454 1049 571 1144; x_wconf 91' lang='lat' dir='ltr'><strong>primo</strong></span> <span class='ocrx_word' id='word_1_11' title='bbox 596 1053 787 1120; x_wconf 89' lang='lat' dir='ltr'><strong>amoratus</strong></span> <span class='ocrx_word' id='word_1_12' title='bbox 812 1047 920 1121; x_wconf 86' lang='lat' dir='ltr'><strong>luerit</strong></span> <span class='ocrx_word' id='word_1_13' title='bbox 946 1048 992 1122; x_wconf 89' lang='lat' dir='ltr'><strong>de</strong></span> <span class='ocrx_word' id='word_1_14' title='bbox 1009 1068 1053 1122; x_wconf 88' lang='lat' dir='ltr'><strong>ea</strong></span> <span class='ocrx_word' id='word_1_15' title='bbox 1068 1073 1077 1139; x_wconf 91' lang='lat'>;</span> <span class='ocrx_word' id='word_1_16' title='bbox 1095 1056 1132 1121; x_wconf 90' lang='lat' dir='ltr'><strong>et</strong></span> <span class='ocrx_word' id='word_1_17' title='bbox 1149 1048 1267 1140; x_wconf 94' lang='lat' dir='ltr'><strong>primo</strong></span> <span class='ocrx_word' id='word_1_18' title='bbox 1285 1048 1331 1120; x_wconf 92' lang='lat' dir='ltr'><strong>ad</strong></span> <span class='ocrx_word' id='word_1_19' title='bbox 1348 1050 1624 1124; x_wconf 80' lang='lat' dir='ltr'><strong>excusationem</strong></span> 
     </span>
     <span class='ocr_line' id='line_1_4' title="bbox 453 1158 1624 1262; baseline 0.002 -23"><span class='ocrx_word' id='word_1_20' title='bbox 453 1167 555 1241; x_wconf 82' lang='lat' dir='ltr'><strong>Pauli</strong></span> <span class='ocrx_word' id='word_1_21' title='bbox 579 1166 738 1262; x_wconf 82' lang='lat' dir='ltr'><strong>assignat</strong></span> <span class='ocrx_word' id='word_1_22' title='bbox 752 1158 789 1256; x_wconf 80' lang='lat'><strong>(¹)</strong></span> <span class='ocrx_word' id='word_1_23' title='bbox 816 1187 965 1239; x_wconf 87' lang='lat' dir='ltr'><strong>causam</strong></span> <span class='ocrx_word' id='word_1_24' title='bbox 992 1166 1122 1259; x_wconf 80' lang='lat' dir='ltr'>delicti,</span> <span class='ocrx_word' id='word_1_25' title='bbox 1149 1172 1185 1239; x_wconf 89' lang='lat' dir='ltr'><strong>et</strong></span> <span class='ocrx_word' id='word_1_26' title='bbox 1210 1165 1294 1238; x_wconf 90' lang='lat' dir='ltr'><strong>dicit</strong></span> <span class='ocrx_word' id='word_1_27' title='bbox 1319 1167 1417 1258; x_wconf 89' lang='lat' dir='ltr'><strong>quod</strong></span> <span class='ocrx_word' id='word_1_28' title='bbox 1444 1168 1504 1241; x_wconf 90' lang='lat' dir='ltr'><strong>ille</strong></span> <span class='ocrx_word' id='word_1_29' title='bbox 1530 1176 1624 1241; x_wconf 89' lang='lat' dir='ltr'><strong>tam-</strong></span> 
     </span>
     <span class='ocr_line' id='line_1_5' title="bbox 454 1285 1621 1380; baseline 0.001 -21"><span class='ocrx_word' id='word_1_30' title='bbox 454 1306 565 1380; x_wconf 83' lang='lat' dir='ltr'><strong>quam</strong></span> <span class='ocrx_word' id='word_1_31' title='bbox 592 1285 720 1359; x_wconf 92' lang='lat' dir='ltr'><strong>nobilis</strong></span> <span class='ocrx_word' id='word_1_32' title='bbox 746 1292 782 1359; x_wconf 88' lang='lat' dir='ltr'><strong>et</strong></span> <span class='ocrx_word' id='word_1_33' title='bbox 799 1287 925 1379; x_wconf 89' lang='lat' dir='ltr'><strong>pulcer</strong></span> <span class='ocrx_word' id='word_1_34' title='bbox 945 1285 1097 1359; x_wconf 71' lang='lat' dir='ltr'><strong>faciliter</strong></span> <span class='ocrx_word' id='word_1_35' title='bbox 1117 1305 1292 1359; x_wconf 86' lang='lat' dir='ltr'><strong>accensus</strong></span> <span class='ocrx_word' id='word_1_36' title='bbox 1310 1292 1365 1358; x_wconf 91' lang='lat' dir='ltr'><strong>est</strong></span> <span class='ocrx_word' id='word_1_37' title='bbox 1384 1307 1513 1360; x_wconf 88' lang='lat' dir='ltr'><strong>amore</strong></span> <span class='ocrx_word' id='word_1_38' title='bbox 1531 1289 1621 1379; x_wconf 91' lang='lat' dir='ltr'><strong>eius,</strong></span> 
     </span>
     <span class='ocr_line' id='line_1_6' title="bbox 455 1403 1623 1499; baseline -0.003 -20"><span class='ocrx_word' id='word_1_39' title='bbox 455 1426 539 1498; x_wconf 83' lang='lat' dir='ltr'><strong>quae</strong></span> <span class='ocrx_word' id='word_1_40' title='bbox 563 1404 727 1478; x_wconf 90' lang='lat' dir='ltr'><strong>similiter</strong></span> <span class='ocrx_word' id='word_1_41' title='bbox 752 1411 831 1476; x_wconf 91' lang='lat' dir='ltr'><strong>erat</strong></span> <span class='ocrx_word' id='word_1_42' title='bbox 857 1403 985 1476; x_wconf 90' lang='lat' dir='ltr'><strong>nobilis</strong></span> <span class='ocrx_word' id='word_1_43' title='bbox 1010 1412 1046 1477; x_wconf 94' lang='lat' dir='ltr'><strong>et</strong></span> <span class='ocrx_word' id='word_1_44' title='bbox 1078 1405 1216 1498; x_wconf 88' lang='lat' dir='ltr'><strong>pulcra.</strong></span> <span class='ocrx_word' id='word_1_45' title='bbox 1248 1403 1339 1476; x_wconf 85' lang='lat' dir='ltr'><strong>Dicit</strong></span> <span class='ocrx_word' id='word_1_46' title='bbox 1372 1424 1484 1499; x_wconf 91' lang='lat' dir='ltr'><strong>ergo:</strong></span> <span class='ocrx_word' id='word_1_47' title='bbox 1512 1411 1623 1477; x_wconf 80' lang='lat' dir='ltr'><strong>Amor</strong></span> 
     </span>
    </p>
   </div>
   <div class='ocr_carea' id='block_1_3' title="bbox 413 1522 1622 2214">
    <p class='ocr_par' dir='ltr' id='par_1_3' title="bbox 413 1522 1622 2214">
     <span class='ocr_line' id='line_1_7' title="bbox 455 1522 1620 1614; baseline -0.003 -17"><span class='ocrx_word' id='word_1_48' title='bbox 455 1527 555 1597; x_wconf 77' lang='lat' dir='ltr'><strong>clr&#39;ol</strong></span> <span class='ocrx_word' id='word_1_49' title='bbox 575 1545 638 1596; x_wconf 91' lang='lat' dir='ltr'><strong>cor</strong></span> <span class='ocrx_word' id='word_1_50' title='bbox 661 1525 768 1614; x_wconf 77' lang='lat' dir='ltr'><strong>pendi</strong></span> <span class='ocrx_word' id='word_1_51' title='bbox 789 1529 883 1595; x_wconf 85' lang='lat' dir='ltr'><strong>rollo</strong></span> <span class='ocrx_word' id='word_1_52' title='bbox 907 1525 935 1592; x_wconf 83' lang='lat' dir='ltr'><strong>c&#39;</strong></span> <span class='ocrx_word' id='word_1_53' title='bbox 949 1526 1137 1612; x_wconf 81' lang='lat' dir='ltr'><strong>oppreude,</strong></span> <span class='ocrx_word' id='word_1_54' title='bbox 1164 1523 1266 1614; x_wconf 90' lang='lat' dir='ltr'><strong>idest,</strong></span> <span class='ocrx_word' id='word_1_55' title='bbox 1291 1522 1362 1595; x_wconf 87' lang='lat' dir='ltr'><strong>cito</strong></span> <span class='ocrx_word' id='word_1_56' title='bbox 1386 1524 1620 1614; x_wconf 76' lang='lat' dir='ltr'><strong>accenditur,</strong></span> 
     </span>
     <span class='ocr_line' id='line_1_8' title="bbox 413 1641 1621 1736; baseline -0.003 -20"><span class='ocrx_word' id='word_1_57' title='bbox 413 1724 415 1729; x_wconf 55' lang='grc'><strong>,</strong></span> <span class='ocrx_word' id='word_1_58' title='bbox 455 1651 492 1717; x_wconf 91' lang='lat' dir='ltr'><strong>et</strong></span> <span class='ocrx_word' id='word_1_59' title='bbox 507 1643 619 1717; x_wconf 88' lang='lat' dir='ltr'><strong>debes</strong></span> <span class='ocrx_word' id='word_1_60' title='bbox 636 1641 837 1736; x_wconf 87' lang='lat' dir='ltr'><strong>intelligere</strong></span> <span class='ocrx_word' id='word_1_61' title='bbox 851 1641 1010 1713; x_wconf 83' lang='lat' dir='ltr'><strong>maxime</strong></span> <span class='ocrx_word' id='word_1_62' title='bbox 1027 1647 1064 1713; x_wconf 92' lang='lat' dir='ltr'><strong>et</strong></span> <span class='ocrx_word' id='word_1_63' title='bbox 1081 1641 1277 1735; x_wconf 84' lang='lat' dir='ltr'><strong>potissime,</strong></span> <span class='ocrx_word' id='word_1_64' title='bbox 1292 1642 1378 1733; x_wconf 88' lang='lat' dir='ltr'><strong>quia</strong></span> <span class='ocrx_word' id='word_1_65' title='bbox 1396 1643 1523 1715; x_wconf 89' lang='lat' dir='ltr'><strong>nobilis</strong></span> <span class='ocrx_word' id='word_1_66' title='bbox 1540 1642 1621 1736; x_wconf 91' lang='lat' dir='ltr'><strong>plus</strong></span> 
     </span>
     <span class='ocr_line' id='line_1_9' title="bbox 456 1759 1622 1852; baseline -0.002 -17"><span class='ocrx_word' id='word_1_67' title='bbox 456 1767 562 1835; x_wconf 88' lang='lat' dir='ltr'><strong>vacat</strong></span> <span class='ocrx_word' id='word_1_68' title='bbox 587 1761 667 1833; x_wconf 90' lang='lat' dir='ltr'><strong>ocio</strong></span> <span class='ocrx_word' id='word_1_69' title='bbox 692 1766 729 1833; x_wconf 89' lang='lat' dir='ltr'><strong>et</strong></span> <span class='ocrx_word' id='word_1_70' title='bbox 754 1759 841 1831; x_wconf 86' lang='lat' dir='ltr'><strong>vivit</strong></span> <span class='ocrx_word' id='word_1_71' title='bbox 865 1759 1064 1852; x_wconf 82' lang='lat' dir='ltr'><strong>delicatius,</strong></span> <span class='ocrx_word' id='word_1_72' title='bbox 1091 1759 1172 1832; x_wconf 91' lang='lat' dir='ltr'><strong>ideo</strong></span> <span class='ocrx_word' id='word_1_73' title='bbox 1192 1779 1257 1833; x_wconf 87' lang='lat' dir='ltr'><strong>cor</strong></span> <span class='ocrx_word' id='word_1_74' title='bbox 1273 1761 1353 1834; x_wconf 91' lang='lat' dir='ltr'><strong>eius</strong></span> <span class='ocrx_word' id='word_1_75' title='bbox 1369 1761 1474 1833; x_wconf 90' lang='lat' dir='ltr'><strong>citius</strong></span> <span class='ocrx_word' id='word_1_76' title='bbox 1490 1782 1622 1835; x_wconf 88' lang='lat' dir='ltr'><strong>accen-</strong></span> 
     </span>
     <span class='ocr_line' id='line_1_10' title="bbox 456 1878 1621 1974; baseline -0.002 -20"><span class='ocrx_word' id='word_1_77' title='bbox 456 1881 555 1954; x_wconf 86' lang='lat' dir='ltr'><strong>ditur</strong></span> <span class='ocrx_word' id='word_1_78' title='bbox 579 1900 691 1974; x_wconf 90' lang='lat' dir='ltr'><strong>quam</strong></span> <span class='ocrx_word' id='word_1_79' title='bbox 717 1899 781 1952; x_wconf 95' lang='lat' dir='ltr'><strong>cor</strong></span> <span class='ocrx_word' id='word_1_80' title='bbox 807 1878 943 1970; x_wconf 85' lang='lat' dir='ltr'><strong>rustici,</strong></span> <span class='ocrx_word' id='word_1_81' title='bbox 970 1879 1063 1951; x_wconf 87' lang='lat' dir='ltr'><strong>sicut</strong></span> <span class='ocrx_word' id='word_1_82' title='bbox 1092 1879 1245 1972; x_wconf 81' lang='lat' dir='ltr'><strong>sulplrur</strong></span> <span class='ocrx_word' id='word_1_83' title='bbox 1275 1879 1380 1952; x_wconf 88' lang='lat' dir='ltr'><strong>citius</strong></span> <span class='ocrx_word' id='word_1_84' title='bbox 1410 1881 1621 1954; x_wconf 86' lang='lat' dir='ltr'><strong>accenditur</strong></span> 
     </span>
     <span class='ocr_line' id='line_1_11' title="bbox 455 1990 1619 2093; baseline -0.001 -21"><span class='ocrx_word' id='word_1_85' title='bbox 455 2021 566 2092; x_wconf 85' lang='lat' dir='ltr'><strong>quam</strong></span> <span class='ocrx_word' id='word_1_86' title='bbox 595 1998 745 2093; x_wconf 92' lang='lat' dir='ltr'><strong>lignum,</strong></span> <span class='ocrx_word' id='word_1_87' title='bbox 771 2004 808 2070; x_wconf 93' lang='lat' dir='ltr'><strong>et</strong></span> <span class='ocrx_word' id='word_1_88' title='bbox 835 2005 957 2070; x_wconf 89' lang='lat' dir='ltr'><strong>tamen</strong></span> <span class='ocrx_word' id='word_1_89' title='bbox 975 1998 1195 2092; x_wconf 80' lang='lat' dir='ltr'><strong>generaliter</strong></span> <span class='ocrx_word' id='word_1_90' title='bbox 1214 1990 1250 2087; x_wconf 75' lang='lat'><strong>(²)</strong></span> <span class='ocrx_word' id='word_1_91' title='bbox 1273 2020 1380 2072; x_wconf 90' lang='lat' dir='ltr'><strong>amor</strong></span> <span class='ocrx_word' id='word_1_92' title='bbox 1397 2000 1433 2072; x_wconf 92' lang='lat' dir='ltr'><strong>in</strong></span> <span class='ocrx_word' id='word_1_93' title='bbox 1451 2001 1619 2073; x_wconf 89' lang='lat' dir='ltr'><strong>omnibus</strong></span> 
     </span>
     <span class='ocr_line' id='line_1_12' title="bbox 455 2116 1616 2214; baseline -0.001 -22"><span class='ocrx_word' id='word_1_94' title='bbox 455 2118 610 2192; x_wconf 88' lang='lat' dir='ltr'><strong>vindicat</strong></span> <span class='ocrx_word' id='word_1_95' title='bbox 645 2117 711 2190; x_wconf 88' lang='lat' dir='ltr'><strong>sibi</strong></span> <span class='ocrx_word' id='word_1_96' title='bbox 748 2116 881 2189; x_wconf 90' lang='lat' dir='ltr'><strong>locum.</strong></span> <span class='ocrx_word' id='word_1_97' title='bbox 916 2117 1017 2190; x_wconf 88' lang='lat' dir='ltr'><strong>Unde</strong></span> <span class='ocrx_word' id='word_1_98' title='bbox 1047 2117 1216 2211; x_wconf 82' lang='lat' dir='ltr'><strong>Virgilius</strong></span> <span class='ocrx_word' id='word_1_99' title='bbox 1250 2118 1294 2190; x_wconf 95' lang='lat' dir='ltr'><strong>lll</strong></span> <span class='ocrx_word' id='word_1_100' title='bbox 1328 2119 1616 2214; x_wconf 80' lang='lat' dir='ltr'><strong>Georgicorum:</strong></span> 
     </span>
    </p>
   </div>
   <div class='ocr_carea' id='block_1_4' title="bbox 444 2235 1620 4590">
    <p class='ocr_par' dir='ltr' id='par_1_4' title="bbox 444 2235 1620 4590">
     <span class='ocr_line' id='line_1_13' title="bbox 456 2235 1619 2330; baseline 0.001 -20"><span class='ocrx_word' id='word_1_101' title='bbox 456 2244 566 2310; x_wconf 78' lang='lat' dir='ltr'><strong>Amor</strong></span> <span class='ocrx_word' id='word_1_102' title='bbox 589 2237 747 2308; x_wconf 79' lang='lat' dir='ltr'><strong>omnious</strong></span> <span class='ocrx_word' id='word_1_103' title='bbox 770 2237 883 2325; x_wconf 80' lang='lat' dir='ltr'><strong>idem;</strong></span> <span class='ocrx_word' id='word_1_104' title='bbox 912 2235 1009 2308; x_wconf 92' lang='lat' dir='ltr'><strong>unde</strong></span> <span class='ocrx_word' id='word_1_105' title='bbox 1034 2255 1144 2307; x_wconf 91' lang='lat' dir='ltr'><strong>omne</strong></span> <span class='ocrx_word' id='word_1_106' title='bbox 1172 2257 1290 2330; x_wconf 90' lang='lat' dir='ltr'><strong>genus</strong></span> <span class='ocrx_word' id='word_1_107' title='bbox 1313 2238 1526 2311; x_wconf 85' lang='lat' dir='ltr'><strong>animalium</strong></span> <span class='ocrx_word' id='word_1_108' title='bbox 1553 2260 1619 2311; x_wconf 86' lang='lat' dir='ltr'><strong>na-</strong></span> 
     </span>
     <span class='ocr_line' id='line_1_14' title="bbox 456 2355 1617 2450; baseline -0.001 -21"><span class='ocrx_word' id='word_1_109' title='bbox 456 2358 622 2431; x_wconf 82' lang='lat' dir='ltr'><strong>turaliter</strong></span> <span class='ocrx_word' id='word_1_110' title='bbox 639 2355 756 2429; x_wconf 92' lang='lat' dir='ltr'><strong>currit</strong></span> <span class='ocrx_word' id='word_1_111' title='bbox 769 2355 805 2426; x_wconf 94' lang='lat' dir='ltr'><strong>in</strong></span> <span class='ocrx_word' id='word_1_112' title='bbox 822 2373 988 2428; x_wconf 89' lang='lat' dir='ltr'><strong>amorem</strong></span> <span class='ocrx_word' id='word_1_113' title='bbox 1009 2375 1075 2448; x_wconf 93' lang='lat' dir='ltr'><strong>pro</strong></span> <span class='ocrx_word' id='word_1_114' title='bbox 1088 2356 1364 2431; x_wconf 86' lang='lat' dir='ltr'><strong>conservatione</strong></span> <span class='ocrx_word' id='word_1_115' title='bbox 1381 2378 1458 2430; x_wconf 87' lang='lat' dir='ltr'><strong>suae</strong></span> <span class='ocrx_word' id='word_1_116' title='bbox 1475 2358 1617 2450; x_wconf 90' lang='lat' dir='ltr'><strong>speciei,</strong></span> 
     </span>
     <span class='ocr_line' id='line_1_15' title="bbox 453 2465 1618 2569; baseline -0.003 -18"><span class='ocrx_word' id='word_1_117' title='bbox 453 2477 515 2551; x_wconf 89' lang='lat' dir='ltr'><strong>sed</strong></span> <span class='ocrx_word' id='word_1_118' title='bbox 540 2482 678 2569; x_wconf 88' lang='lat' dir='ltr'><strong>quanto</strong></span> <span class='ocrx_word' id='word_1_119' title='bbox 705 2474 879 2547; x_wconf 88' lang='lat' dir='ltr'><strong>nobiliora</strong></span> <span class='ocrx_word' id='word_1_120' title='bbox 906 2480 1008 2546; x_wconf 88' lang='lat' dir='ltr'><strong>tanto</strong></span> <span class='ocrx_word' id='word_1_121' title='bbox 1034 2473 1203 2566; x_wconf 91' lang='lat' dir='ltr'><strong>proniora</strong></span> <span class='ocrx_word' id='word_1_122' title='bbox 1224 2465 1259 2565; x_wconf 64' lang='lat'><strong>(³)</strong></span> <span class='ocrx_word' id='word_1_123' title='bbox 1286 2482 1370 2547; x_wconf 95' lang='lat' dir='ltr'><strong>sunt</strong></span> <span class='ocrx_word' id='word_1_124' title='bbox 1387 2477 1423 2548; x_wconf 96' lang='lat' dir='ltr'><strong>in</strong></span> <span class='ocrx_word' id='word_1_125' title='bbox 1440 2476 1618 2549; x_wconf 80' lang='lat' dir='ltr'><strong>furiosum</strong></span> 
     </span>
     <span class='ocr_line' id='line_1_16' title="bbox 454 2591 1620 2692; baseline -0.001 -24"><span class='ocrx_word' id='word_1_126' title='bbox 454 2597 575 2692; x_wconf 88' lang='lat' dir='ltr'><strong>ignem</strong></span> <span class='ocrx_word' id='word_1_127' title='bbox 600 2594 752 2685; x_wconf 82' lang='lat' dir='ltr'><strong>amoris3</strong></span> <span class='ocrx_word' id='word_1_128' title='bbox 779 2593 874 2665; x_wconf 91' lang='lat' dir='ltr'><strong>sicut</strong></span> <span class='ocrx_word' id='word_1_129' title='bbox 898 2611 1018 2684; x_wconf 89' lang='lat' dir='ltr'><strong>equus</strong></span> <span class='ocrx_word' id='word_1_130' title='bbox 1044 2591 1305 2665; x_wconf 90' lang='lat' dir='ltr'><strong>nobilissimum</strong></span> <span class='ocrx_word' id='word_1_131' title='bbox 1333 2595 1466 2667; x_wconf 86' lang='lat' dir='ltr'><strong>animal</strong></span> <span class='ocrx_word' id='word_1_132' title='bbox 1492 2594 1620 2668; x_wconf 84' lang='lat' dir='ltr'><strong>lortius</strong></span> 
     </span>
     <span class='ocr_line' id='line_1_17' title="bbox 454 2709 1616 2806; baseline -0.003 -19"><span class='ocrx_word' id='word_1_133' title='bbox 454 2710 714 2805; x_wconf 84' lang='lat' dir='ltr'><strong>inflammatur,</strong></span> <span class='ocrx_word' id='word_1_134' title='bbox 740 2713 789 2785; x_wconf 87' lang='lat' dir='ltr'><strong>ita</strong></span> <span class='ocrx_word' id='word_1_135' title='bbox 816 2711 915 2803; x_wconf 86' lang='lat' dir='ltr'><strong>quod</strong></span> <span class='ocrx_word' id='word_1_136' title='bbox 941 2731 1013 2782; x_wconf 97' lang='lat' dir='ltr'><strong>non</strong></span> <span class='ocrx_word' id='word_1_137' title='bbox 1040 2709 1153 2803; x_wconf 84' lang='lat' dir='ltr'><strong>irena,</strong></span> <span class='ocrx_word' id='word_1_138' title='bbox 1180 2731 1252 2784; x_wconf 95' lang='lat' dir='ltr'><strong>non</strong></span> <span class='ocrx_word' id='word_1_139' title='bbox 1284 2713 1438 2786; x_wconf 87' lang='lat' dir='ltr'><strong>calcaria</strong></span> <span class='ocrx_word' id='word_1_140' title='bbox 1468 2721 1616 2806; x_wconf 89' lang='lat' dir='ltr'><strong>possunt</strong></span> 
     </span>
     <span class='ocr_line' id='line_1_18' title="bbox 454 2830 1614 2926; baseline 0 -22"><span class='ocrx_word' id='word_1_141' title='bbox 454 2834 571 2926; x_wconf 89' lang='lat' dir='ltr'><strong>ipsum</strong></span> <span class='ocrx_word' id='word_1_142' title='bbox 591 2834 791 2922; x_wconf 87' lang='lat' dir='ltr'><strong>retrahere,</strong></span> <span class='ocrx_word' id='word_1_143' title='bbox 810 2850 882 2903; x_wconf 97' lang='lat' dir='ltr'><strong>non</strong></span> <span class='ocrx_word' id='word_1_144' title='bbox 899 2830 1062 2922; x_wconf 87' lang='lat' dir='ltr'><strong>llumina,</strong></span> <span class='ocrx_word' id='word_1_145' title='bbox 1081 2850 1152 2902; x_wconf 95' lang='lat' dir='ltr'><strong>non</strong></span> <span class='ocrx_word' id='word_1_146' title='bbox 1170 2837 1312 2903; x_wconf 89' lang='lat' dir='ltr'><strong>montes</strong></span> <span class='ocrx_word' id='word_1_147' title='bbox 1330 2839 1480 2924; x_wconf 89' lang='lat' dir='ltr'><strong>possunt</strong></span> <span class='ocrx_word' id='word_1_148' title='bbox 1498 2833 1614 2925; x_wconf 92' lang='lat' dir='ltr'><strong>ipsum</strong></span> 
     </span>
     <span class='ocr_line' id='line_1_19' title="bbox 455 2937 1617 3043; baseline 0.002 -23"><span class='ocrx_word' id='word_1_149' title='bbox 455 2948 624 3041; x_wconf 88' lang='lat' dir='ltr'><strong>retinere,</strong></span> <span class='ocrx_word' id='word_1_150' title='bbox 638 2949 726 3041; x_wconf 70' lang='lat' dir='ltr'><strong>quun</strong></span> <span class='ocrx_word' id='word_1_151' title='bbox 738 2937 774 3038; x_wconf 69' lang='lat'><strong>(⁸)</strong></span> <span class='ocrx_word' id='word_1_152' title='bbox 790 2947 1001 3041; x_wconf 85' lang='lat' dir='ltr'><strong>tendatque</strong></span> <span class='ocrx_word' id='word_1_153' title='bbox 1019 2948 1195 3021; x_wconf 87' lang='lat' dir='ltr'><strong>naturalis</strong></span> <span class='ocrx_word' id='word_1_154' title='bbox 1210 2949 1368 3043; x_wconf 89' lang='lat' dir='ltr'><strong>impetus</strong></span> <span class='ocrx_word' id='word_1_155' title='bbox 1381 2951 1490 3023; x_wconf 91' lang='lat' dir='ltr'><strong>trahit</strong></span> <span class='ocrx_word' id='word_1_156' title='bbox 1503 2951 1617 3041; x_wconf 93' lang='lat' dir='ltr'><strong>illum,</strong></span> 
     </span>
     <span class='ocr_line' id='line_1_20' title="bbox 453 3067 1619 3162; baseline 0.003 -22"><span class='ocrx_word' id='word_1_157' title='bbox 453 3071 547 3143; x_wconf 89' lang='lat' dir='ltr'><strong>sicut</strong></span> <span class='ocrx_word' id='word_1_158' title='bbox 571 3069 677 3162; x_wconf 88' lang='lat' dir='ltr'><strong>plene</strong></span> <span class='ocrx_word' id='word_1_159' title='bbox 701 3068 823 3140; x_wconf 86' lang='lat' dir='ltr'><strong>scribit</strong></span> <span class='ocrx_word' id='word_1_160' title='bbox 848 3067 1017 3162; x_wconf 90' lang='lat' dir='ltr'><strong>Virgilius</strong></span> <span class='ocrx_word' id='word_1_161' title='bbox 1043 3068 1191 3159; x_wconf 81' lang='lat' dir='ltr'><strong>ibidem3</strong></span> <span class='ocrx_word' id='word_1_162' title='bbox 1212 3090 1316 3158; x_wconf 81' lang='lat' dir='ltr'><strong>prese</strong></span> <span class='ocrx_word' id='word_1_163' title='bbox 1340 3073 1459 3158; x_wconf 78' lang='lat' dir='ltr'><strong>costel,</strong></span> <span class='ocrx_word' id='word_1_164' title='bbox 1485 3070 1619 3143; x_wconf 86' lang='lat' dir='ltr'><strong>scilicet</strong></span> 
     </span>
     <span class='ocr_line' id='line_1_21' title="bbox 453 3186 1616 3279; baseline -0.003 -17"><span class='ocrx_word' id='word_1_165' title='bbox 453 3189 622 3279; x_wconf 92' lang='lat' dir='ltr'><strong>Paulum,</strong></span> <span class='ocrx_word' id='word_1_166' title='bbox 648 3190 692 3259; x_wconf 83' lang='lat' dir='ltr'><strong>de</strong></span> <span class='ocrx_word' id='word_1_167' title='bbox 719 3190 756 3258; x_wconf 85' lang='lat' dir='ltr'><strong>lo</strong></span> <span class='ocrx_word' id='word_1_168' title='bbox 779 3187 868 3258; x_wconf 81' lang='lat' dir='ltr'><strong>lello</strong></span> <span class='ocrx_word' id='word_1_169' title='bbox 889 3208 1057 3278; x_wconf 67' lang='lat' dir='ltr'><strong>peremto,</strong></span> <span class='ocrx_word' id='word_1_170' title='bbox 1083 3186 1215 3259; x_wconf 91' lang='lat' dir='ltr'><strong>scilicet</strong></span> <span class='ocrx_word' id='word_1_171' title='bbox 1248 3206 1343 3278; x_wconf 87' lang='lat' dir='ltr'><strong>mea,</strong></span> <span class='ocrx_word' id='word_1_172' title='bbox 1369 3188 1473 3279; x_wconf 86' lang='lat' dir='ltr'><strong>quasi</strong></span> <span class='ocrx_word' id='word_1_173' title='bbox 1504 3188 1616 3261; x_wconf 90' lang='lat' dir='ltr'><strong>dicat:</strong></span> 
     </span>
     <span class='ocr_line' id='line_1_22' title="bbox 452 3307 1617 3402; baseline -0.004 -18"><span class='ocrx_word' id='word_1_174' title='bbox 452 3318 488 3384; x_wconf 90' lang='lat' dir='ltr'><strong>el</strong></span> <span class='ocrx_word' id='word_1_175' title='bbox 516 3310 608 3384; x_wconf 89' lang='lat' dir='ltr'><strong>bene</strong></span> <span class='ocrx_word' id='word_1_176' title='bbox 631 3313 774 3402; x_wconf 86' lang='lat' dir='ltr'><strong>poterat</strong></span> <span class='ocrx_word' id='word_1_177' title='bbox 799 3307 878 3400; x_wconf 85' lang='lat' dir='ltr'><strong>capi</strong></span> <span class='ocrx_word' id='word_1_178' title='bbox 904 3326 1033 3379; x_wconf 89' lang='lat' dir='ltr'><strong>amore</strong></span> <span class='ocrx_word' id='word_1_179' title='bbox 1059 3325 1155 3398; x_wconf 93' lang='lat' dir='ltr'><strong>meo,</strong></span> <span class='ocrx_word' id='word_1_180' title='bbox 1182 3307 1268 3398; x_wconf 82' lang='lat' dir='ltr'><strong>quia</strong></span> <span class='ocrx_word' id='word_1_181' title='bbox 1294 3326 1396 3379; x_wconf 86' lang='lat' dir='ltr'><strong>eram</strong></span> <span class='ocrx_word' id='word_1_182' title='bbox 1427 3308 1555 3400; x_wconf 89' lang='lat' dir='ltr'><strong>pulcra</strong></span> <span class='ocrx_word' id='word_1_183' title='bbox 1581 3315 1617 3381; x_wconf 91' lang='lat' dir='ltr'><strong>et</strong></span> 
     </span>
     <span class='ocr_line' id='line_1_23' title="bbox 453 3425 1618 3522; baseline -0.003 -21"><span class='ocrx_word' id='word_1_184' title='bbox 453 3430 529 3522; x_wconf 91' lang='lat' dir='ltr'><strong>ipse</strong></span> <span class='ocrx_word' id='word_1_185' title='bbox 552 3429 678 3522; x_wconf 93' lang='lat' dir='ltr'><strong>pulcer</strong></span> <span class='ocrx_word' id='word_1_186' title='bbox 703 3432 740 3499; x_wconf 91' lang='lat' dir='ltr'><strong>et</strong></span> <span class='ocrx_word' id='word_1_187' title='bbox 765 3425 822 3498; x_wconf 90' lang='lat' dir='ltr'><strong>vir</strong></span> <span class='ocrx_word' id='word_1_188' title='bbox 848 3445 954 3497; x_wconf 91' lang='lat' dir='ltr'><strong>meus</strong></span> <span class='ocrx_word' id='word_1_189' title='bbox 980 3426 1108 3517; x_wconf 90' lang='lat' dir='ltr'><strong>turpis,</strong></span> <span class='ocrx_word' id='word_1_190' title='bbox 1133 3428 1193 3497; x_wconf 88' lang='lat' dir='ltr'><strong>cllc</strong></span> <span class='ocrx_word' id='word_1_191' title='bbox 1223 3429 1271 3496; x_wconf 88' lang='lat' dir='ltr'><strong>mi</strong></span> <span class='ocrx_word' id='word_1_192' title='bbox 1291 3430 1331 3518; x_wconf 84' lang='lat' dir='ltr'><strong>sa</strong></span> <span class='ocrx_word' id='word_1_193' title='bbox 1361 3429 1457 3516; x_wconf 81' lang='lat' dir='ltr'><strong>tolla,</strong></span> <span class='ocrx_word' id='word_1_194' title='bbox 1485 3426 1618 3500; x_wconf 87' lang='lat' dir='ltr'><strong>scilicet</strong></span> 
     </span>
     <span class='ocr_line' id='line_1_24' title="bbox 450 3544 1611 3639; baseline -0.002 -20"><span class='ocrx_word' id='word_1_195' title='bbox 450 3553 570 3620; x_wconf 85' lang='lat' dir='ltr'><strong>morte</strong></span> <span class='ocrx_word' id='word_1_196' title='bbox 600 3546 769 3637; x_wconf 87' lang='lat' dir='ltr'><strong>violenta,</strong></span> <span class='ocrx_word' id='word_1_197' title='bbox 805 3545 886 3617; x_wconf 89' lang='lat' dir='ltr'><strong>ideo</strong></span> <span class='ocrx_word' id='word_1_198' title='bbox 912 3544 1018 3616; x_wconf 92' lang='lat' dir='ltr'><strong>dicit:</strong></span> <span class='ocrx_word' id='word_1_199' title='bbox 1046 3548 1110 3616; x_wconf 84' lang='lat' dir='ltr'><strong>c&#39;t</strong></span> <span class='ocrx_word' id='word_1_200' title='bbox 1132 3547 1235 3617; x_wconf 80' lang='lat' dir='ltr'><strong>ncodo</strong></span> <span class='ocrx_word' id='word_1_201' title='bbox 1265 3566 1377 3617; x_wconf 77' lang='lat' dir='ltr'><strong>aecor</strong></span> <span class='ocrx_word' id='word_1_202' title='bbox 1408 3550 1452 3617; x_wconf 77' lang='grc' dir='ltr'><strong>ιη’</strong></span> <span class='ocrx_word' id='word_1_203' title='bbox 1465 3550 1611 3639; x_wconf 69' lang='lat' dir='ltr'><strong>offendo,</strong></span> 
     </span>
     <span class='ocr_line' id='line_1_25' title="bbox 448 3662 1611 3760; baseline -0.003 -20"><span class='ocrx_word' id='word_1_204' title='bbox 448 3667 534 3760; x_wconf 87' lang='lat' dir='ltr'><strong>quia</strong></span> <span class='ocrx_word' id='word_1_205' title='bbox 563 3665 699 3738; x_wconf 91' lang='lat' dir='ltr'><strong>scilicet</strong></span> <span class='ocrx_word' id='word_1_206' title='bbox 728 3663 849 3736; x_wconf 89' lang='lat' dir='ltr'><strong>adhuc</strong></span> <span class='ocrx_word' id='word_1_207' title='bbox 874 3662 973 3756; x_wconf 89' lang='lat' dir='ltr'><strong>viget</strong></span> <span class='ocrx_word' id='word_1_208' title='bbox 999 3663 1145 3735; x_wconf 80' lang='lat' dir='ltr'><strong>infamia</strong></span> <span class='ocrx_word' id='word_1_209' title='bbox 1170 3669 1207 3736; x_wconf 89' lang='lat' dir='ltr'><strong>et</strong></span> <span class='ocrx_word' id='word_1_210' title='bbox 1232 3672 1520 3756; x_wconf 79' lang='lat' dir='ltr'><strong>pena-Amor.</strong></span> <span class='ocrx_word' id='word_1_211' title='bbox 1550 3665 1611 3737; x_wconf 91' lang='lat' dir='ltr'><strong>llic</strong></span> 
     </span>
     <span class='ocr_line' id='line_1_26' title="bbox 449 3783 1615 3878; baseline -0.003 -20"><span class='ocrx_word' id='word_1_212' title='bbox 449 3784 640 3859; x_wconf 87' lang='lat' dir='ltr'><strong>Francisca</strong></span> <span class='ocrx_word' id='word_1_213' title='bbox 671 3790 796 3855; x_wconf 88' lang='lat' dir='ltr'><strong>narrat</strong></span> <span class='ocrx_word' id='word_1_214' title='bbox 828 3783 1014 3875; x_wconf 92' lang='lat' dir='ltr'><strong>quomodo</strong></span> <span class='ocrx_word' id='word_1_215' title='bbox 1044 3789 1080 3855; x_wconf 90' lang='lat' dir='ltr'><strong>et</strong></span> <span class='ocrx_word' id='word_1_216' title='bbox 1112 3803 1230 3875; x_wconf 85' lang='lat' dir='ltr'><strong>quare</strong></span> <span class='ocrx_word' id='word_1_217' title='bbox 1263 3784 1337 3878; x_wconf 91' lang='lat' dir='ltr'><strong>ipsa</strong></span> <span class='ocrx_word' id='word_1_218' title='bbox 1372 3784 1615 3858; x_wconf 88' lang='lat' dir='ltr'><strong>redamaverit</strong></span> 
     </span>
     <span class='ocr_line' id='line_1_27' title="bbox 448 3901 1614 4000; baseline -0.002 -22"><span class='ocrx_word' id='word_1_219' title='bbox 448 3907 586 4000; x_wconf 72' lang='lat' dir='ltr'><strong>ipsum,</strong></span> <span class='ocrx_word' id='word_1_220' title='bbox 612 3909 650 3976; x_wconf 89' lang='lat' dir='ltr'><strong>et</strong></span> <span class='ocrx_word' id='word_1_221' title='bbox 674 3901 800 3976; x_wconf 87' lang='lat' dir='ltr'><strong>volens</strong></span> <span class='ocrx_word' id='word_1_222' title='bbox 825 3924 865 3974; x_wconf 87' lang='lat' dir='ltr'><strong>sc</strong></span> <span class='ocrx_word' id='word_1_223' title='bbox 890 3921 1069 3975; x_wconf 84' lang='lat' dir='ltr'><strong>excusare</strong></span> <span class='ocrx_word' id='word_1_224' title='bbox 1093 3903 1177 3976; x_wconf 87' lang='lat' dir='ltr'><strong>dicit</strong></span> <span class='ocrx_word' id='word_1_225' title='bbox 1202 3903 1374 3995; x_wconf 83' lang='lat' dir='ltr'><strong>breviter,</strong></span> <span class='ocrx_word' id='word_1_226' title='bbox 1392 3905 1491 3997; x_wconf 87' lang='lat' dir='ltr'><strong>quod</strong></span> <span class='ocrx_word' id='word_1_227' title='bbox 1508 3925 1614 3977; x_wconf 90' lang='lat' dir='ltr'><strong>amor</strong></span> 
     </span>
     <span class='ocr_line' id='line_1_28' title="bbox 450 4021 1616 4119; baseline -0.001 -21"><span class='ocrx_word' id='word_1_228' title='bbox 450 4031 504 4098; x_wconf 87' lang='lat' dir='ltr'><strong>est</strong></span> <span class='ocrx_word' id='word_1_229' title='bbox 530 4030 640 4098; x_wconf 75' lang='lat' dir='ltr'><strong>unta</strong></span> <span class='ocrx_word' id='word_1_230' title='bbox 670 4021 813 4094; x_wconf 84' lang='lat' dir='ltr'><strong>virtutis</strong></span> <span class='ocrx_word' id='word_1_231' title='bbox 838 4029 874 4094; x_wconf 90' lang='lat' dir='ltr'><strong>et</strong></span> <span class='ocrx_word' id='word_1_232' title='bbox 904 4021 1074 4115; x_wconf 76' lang='lat' dir='ltr'><strong>potentia</strong></span> <span class='ocrx_word' id='word_1_233' title='bbox 1107 4022 1205 4114; x_wconf 88' lang='lat' dir='ltr'><strong>quod</strong></span> <span class='ocrx_word' id='word_1_234' title='bbox 1238 4044 1382 4118; x_wconf 91' lang='lat' dir='ltr'><strong>semper</strong></span> <span class='ocrx_word' id='word_1_235' title='bbox 1411 4026 1508 4119; x_wconf 89' lang='lat' dir='ltr'><strong>cogit</strong></span> <span class='ocrx_word' id='word_1_236' title='bbox 1533 4045 1616 4118; x_wconf 91' lang='lat' dir='ltr'><strong>per-</strong></span> 
     </span>
     <span class='ocr_line' id='line_1_29' title="bbox 452 4139 1615 4234; baseline -0.001 -18"><span class='ocrx_word' id='word_1_237' title='bbox 452 4163 578 4216; x_wconf 88' lang='lat' dir='ltr'><strong>sonam</strong></span> <span class='ocrx_word' id='word_1_238' title='bbox 605 4148 766 4215; x_wconf 82' lang='lat' dir='ltr'><strong>amatam</strong></span> <span class='ocrx_word' id='word_1_239' title='bbox 794 4139 987 4213; x_wconf 92' lang='lat' dir='ltr'><strong>redamare</strong></span> <span class='ocrx_word' id='word_1_240' title='bbox 1011 4147 1210 4234; x_wconf 89' lang='lat' dir='ltr'><strong>amantem,</strong></span> <span class='ocrx_word' id='word_1_241' title='bbox 1241 4149 1278 4215; x_wconf 91' lang='lat' dir='ltr'><strong>et</strong></span> <span class='ocrx_word' id='word_1_242' title='bbox 1307 4164 1329 4215; x_wconf 93' lang='lat' dir='ltr'><strong>e</strong></span> <span class='ocrx_word' id='word_1_243' title='bbox 1354 4162 1553 4234; x_wconf 88' lang='lat' dir='ltr'><strong>converso;</strong></span> <span class='ocrx_word' id='word_1_244' title='bbox 1579 4152 1615 4217; x_wconf 89' lang='lat' dir='ltr'><strong>et</strong></span> 
     </span>
     <span class='ocr_line' id='line_1_30' title="bbox 451 4257 1614 4353; baseline -0.001 -20"><span class='ocrx_word' id='word_1_245' title='bbox 451 4261 532 4335; x_wconf 90' lang='lat' dir='ltr'><strong>ideo</strong></span> <span class='ocrx_word' id='word_1_246' title='bbox 556 4280 629 4334; x_wconf 92' lang='lat' dir='ltr'><strong>non</strong></span> <span class='ocrx_word' id='word_1_247' title='bbox 653 4259 771 4353; x_wconf 89' lang='lat' dir='ltr'><strong>potuit</strong></span> <span class='ocrx_word' id='word_1_248' title='bbox 796 4258 917 4332; x_wconf 86' lang='lat' dir='ltr'><strong>lacere</strong></span> <span class='ocrx_word' id='word_1_249' title='bbox 943 4257 1041 4350; x_wconf 90' lang='lat' dir='ltr'><strong>quod</strong></span> <span class='ocrx_word' id='word_1_250' title='bbox 1069 4280 1140 4332; x_wconf 95' lang='lat' dir='ltr'><strong>non</strong></span> <span class='ocrx_word' id='word_1_251' title='bbox 1167 4260 1335 4335; x_wconf 86' lang='lat' dir='ltr'><strong>redderet</strong></span> <span class='ocrx_word' id='word_1_252' title='bbox 1364 4262 1482 4336; x_wconf 85' lang='lat' dir='ltr'><strong>vicem</strong></span> <span class='ocrx_word' id='word_1_253' title='bbox 1509 4283 1614 4335; x_wconf 92' lang='lat' dir='ltr'><strong>suam</strong></span> 
     </span>
     <span class='ocr_line' id='line_1_31' title="bbox 450 4377 1615 4472; baseline -0.001 -19"><span class='ocrx_word' id='word_1_254' title='bbox 450 4379 512 4453; x_wconf 87' lang='lat' dir='ltr'><strong>tali</strong></span> <span class='ocrx_word' id='word_1_255' title='bbox 535 4378 702 4452; x_wconf 87' lang='lat' dir='ltr'><strong>amatori.</strong></span> <span class='ocrx_word' id='word_1_256' title='bbox 729 4377 820 4450; x_wconf 87' lang='lat' dir='ltr'><strong>llicit</strong></span> <span class='ocrx_word' id='word_1_257' title='bbox 845 4398 958 4472; x_wconf 88' lang='lat' dir='ltr'><strong>ergo:</strong></span> <span class='ocrx_word' id='word_1_258' title='bbox 987 4384 1097 4449; x_wconf 78' lang='lat' dir='ltr'><strong>Amor</strong></span> <span class='ocrx_word' id='word_1_259' title='bbox 1121 4381 1208 4450; x_wconf 83' lang='lat' dir='ltr'><strong>clr’o</strong></span> <span class='ocrx_word' id='word_1_260' title='bbox 1239 4383 1335 4451; x_wconf 81' lang='lat' dir='ltr'><strong>netto</strong></span> <span class='ocrx_word' id='word_1_261' title='bbox 1363 4388 1481 4452; x_wconf 84' lang='lat' dir='ltr'><strong>amato</strong></span> <span class='ocrx_word' id='word_1_262' title='bbox 1510 4401 1615 4452; x_wconf 86' lang='lat' dir='ltr'><strong>amor</strong></span> 
     </span>
     <span class='ocr_line' id='line_1_32' title="bbox 444 4497 1614 4590; baseline 0.001 -19"><span class='ocrx_word' id='word_1_263' title='bbox 444 4501 619 4590; x_wconf 64' lang='lat' dir='ltr'><strong>pedona,</strong></span> <span class='ocrx_word' id='word_1_264' title='bbox 634 4497 737 4589; x_wconf 81' lang='lat' dir='ltr'><strong>idest,</strong></span> <span class='ocrx_word' id='word_1_265' title='bbox 755 4517 861 4569; x_wconf 89' lang='lat' dir='ltr'><strong>amor</strong></span> <span class='ocrx_word' id='word_1_266' title='bbox 879 4497 941 4589; x_wconf 90' lang='lat' dir='ltr'><strong>qui</strong></span> <span class='ocrx_word' id='word_1_267' title='bbox 960 4517 1033 4569; x_wconf 95' lang='lat' dir='ltr'><strong>non</strong></span> <span class='ocrx_word' id='word_1_268' title='bbox 1055 4498 1204 4570; x_wconf 91' lang='lat' dir='ltr'><strong>remittit</strong></span> <span class='ocrx_word' id='word_1_269' title='bbox 1221 4498 1328 4571; x_wconf 89' lang='lat' dir='ltr'><strong>alicui</strong></span> <span class='ocrx_word' id='word_1_270' title='bbox 1346 4507 1470 4572; x_wconf 89' lang='lat' dir='ltr'><strong>amato</strong></span> <span class='ocrx_word' id='word_1_271' title='bbox 1487 4520 1614 4573; x_wconf 89' lang='lat' dir='ltr'><strong>amare</strong></span> 
     </span>
    </p>
   </div>
   <div class='ocr_carea' id='block_1_5' title="bbox 508 4791 1395 4938">
    <p class='ocr_par' dir='ltr' id='par_1_5' title="bbox 508 4791 1395 4938">
     <span class='ocr_line' id='line_1_33' title="bbox 508 4791 1357 4856; baseline 0.004 -14"><span class='ocrx_word' id='word_1_272' title='bbox 508 4791 536 4856; x_wconf 83' lang='lat'><strong>(¹)</strong></span> <span class='ocrx_word' id='word_1_273' title='bbox 553 4796 607 4853; x_wconf 80' lang='lat' dir='ltr'><strong>llo,</strong></span> <span class='ocrx_word' id='word_1_274' title='bbox 624 4795 721 4844; x_wconf 75' lang='lat' dir='ltr'><strong>asserit.</strong></span> <span class='ocrx_word' id='word_1_275' title='bbox 1029 4792 1058 4853; x_wconf 76' lang='lat'><strong>(¹)</strong></span> <span class='ocrx_word' id='word_1_276' title='bbox 1076 4797 1129 4852; x_wconf 79' lang='grc'><strong>116,</strong></span> <span class='ocrx_word' id='word_1_277' title='bbox 1146 4794 1258 4844; x_wconf 73' lang='lat' dir='ltr'><strong>llnnliler</strong></span> <span class='ocrx_word' id='word_1_278' title='bbox 1274 4810 1357 4847; x_wconf 74' lang='lat' dir='ltr'><strong>amor.</strong></span> 
     </span>
     <span class='ocr_line' id='line_1_34' title="bbox 510 4867 1395 4938; baseline 0.009 -21"><span class='ocrx_word' id='word_1_279' title='bbox 510 4867 538 4929; x_wconf 82' lang='lat'><strong>(¹)</strong></span> <span class='ocrx_word' id='word_1_280' title='bbox 554 4869 579 4918; x_wconf 78' lang='lat' dir='ltr'><strong>S.</strong></span> <span class='ocrx_word' id='word_1_281' title='bbox 596 4871 763 4932; x_wconf 73' lang='lat' dir='ltr'><strong>promptiora.</strong></span> <span class='ocrx_word' id='word_1_282' title='bbox 1029 4869 1055 4930; x_wconf 72' lang='lat'><strong>(⁸)</strong></span> <span class='ocrx_word' id='word_1_283' title='bbox 1073 4870 1103 4919; x_wconf 76' lang='lat' dir='ltr'><strong>lt.</strong></span> <span class='ocrx_word' id='word_1_284' title='bbox 1120 4870 1222 4933; x_wconf 84' lang='lat' dir='ltr'><strong>quando</strong></span> <span class='ocrx_word' id='word_1_285' title='bbox 1238 4873 1320 4923; x_wconf 82' lang='lat' dir='ltr'><strong>tendit</strong></span> <span class='ocrx_word' id='word_1_286' title='bbox 1336 4888 1395 4938; x_wconf 82' lang='lat' dir='ltr'><strong>quo.</strong></span> 
     </span>
    </p>
   </div>
   <div class='ocr_carea' id='block_1_6' title="bbox 581 4975 1477 5019">
    <p class='ocr_par' dir='ltr' id='par_1_6' title="bbox 581 4975 1477 5019">
     <span class='ocr_line' id='line_1_35' title="bbox 581 4975 1477 5019; baseline 0 -1"><span class='ocrx_word' id='word_1_287' title='bbox 581 4975 598 5018; x_wconf 81' lang='grc' dir='ltr'><strong>Ι.</strong></span> <span class='ocrx_word' id='word_1_288' title='bbox 1453 4980 1477 5019; x_wconf 79' lang='lat' dir='ltr'><strong>ll</strong></span> 
     </span>
    </p>
   </div>
   <div class='ocr_carea' id='block_1_7' title="bbox 0 0 2082 6546">
    <p class='ocr_par' dir='ltr' id='par_1_7' title="bbox 0 0 2082 6546">
     <span class='ocr_line' id='line_1_36' title="bbox 0 0 2082 6546; baseline 0 1"><span class='ocrx_word' id='word_1_289' title='bbox 0 0 2082 6546; x_wconf 95' lang='lat' dir='ltr'><strong> </strong></span> 
     </span>
    </p>
   </div>
  </div>
 </body>
</html>
