4154 6546
450 785 519 852 mr
837 730 1039 846 commem
1065 788 1216 844 sarman

447 939 639 1031 essentiali,
670 936 757 1031 quia
785 935 833 1009 ibi
869 954 1060 1028 nunquam
1093 939 1211 1030 polest
1241 952 1321 1008 esse
1351 951 1435 1028 spes
1467 934 1619 1029 quictis,

447 1061 558 1136 etiam
582 1059 629 1133 de
655 1055 797 1149 morali,
821 1053 909 1150 quia
933 1052 1142 1130 insatiabilis
1171 1059 1228 1128 est
1253 1052 1474 1129 delertcmlie
1495 1065 1619 1151 'appe-

448 1180 546 1271 titns,
580 1186 623 1250 ut
655 1177 784 1272 pulcre
814 1173 997 1271 liguratur
1033 1172 1072 1248 in
1105 1172 1228 1249 fabulo
1257 1172 1348 1267 Titii,
1379 1173 1486 1249 cuius
1508 1175 1619 1271 jecur
1715 1246 1717 1249 ,

447 1299 573 1382 vultur
598 1317 744 1390 semper
769 1294 876 1390 rodit,
900 1301 937 1371 cl
961 1301 1221 1390 consumptum
1251 1294 1366 1370 semel
1396 1293 1533 1371 ilerum
1557 1315 1619 1372 ro-

448 1418 619 1509 nascitur,
657 1435 742 1510 quae
779 1414 903 1491 labuln
938 1412 1086 1508 ponitur
1124 1412 1161 1488 in
1196 1411 1269 1488 line
1305 1412 1463 1508 capitulo
1501 1414 1618 1489 xxxi

450 1536 559 1610 huius
584 1535 728 1609 lolemi.

521 1661 672 1728 Eumne
694 1657 709 1728 i
731 1657 823 1746 orni.
849 1655 920 1748 lsta
946 1659 1002 1727 eet
1026 1652 1135 1728 tertia
1158 1671 1244 1748 pars
1267 1653 1460 1749 generalis,
1481 1653 1518 1728 in
1542 1675 1619 1750 qua

447 1781 556 1851 autor
581 1779 714 1849 tractat
738 1773 775 1848 in
799 1771 945 1866 speciali
970 1771 1016 1846 de
1040 1771 1225 1866 spiritibus
1250 1771 1396 1866 pollutis
1426 1772 1495 1848 isto
1525 1772 1619 1851 vicio

448 1895 629 1988 luxurim3
655 1901 692 1968 et
721 1893 841 1989 primo
871 1891 1057 1987 premittit
1084 1891 1396 1986 comparationem
1427 1892 1474 1967 ad
1505 1893 1620 1989 expli·

448 2015 601 2102 candum
627 2012 871 2088 conditionem
896 2031 1045 2105 eorum3
1071 2015 1109 2086 cl
1133 2009 1218 2084 dicit
1242 2009 1342 2103 quod
1359 2032 1456 2086 unus
1473 2013 1620 2088 volabat

450 2141 529 2229 post
547 2133 661 2208 alium
678 2130 915 2227 querelando,
932 2150 980 2205 eo
996 2128 1124 2204 ordine
1140 2147 1216 2222 quo
1231 2147 1347 2224 grues
1361 2128 1536 2204 incedunt
1552 2151 1618 2227 per

449 2275 576 2330 acrem
601 2253 638 2328 in
662 2253 772 2350 longa
797 2251 905 2345 linea,
930 2249 1037 2344 quasi
1068 2248 1105 2322 in
1134 2246 1286 2323 modum
1319 2248 1521 2324 literarum.
1547 2252 1618 2327 Or-

449 2376 533 2450 dina
558 2374 609 2449 sic
634 2373 802 2448 literam:
828 2393 848 2444 e
871 2361 943 2445 cosi
967 2371 1084 2443 oid’io
1103 2371 1201 2442 vend
1217 2368 1337 2442 onore
1350 2375 1489 2461 portate
1512 2371 1563 2444 dc
1581 2373 1618 2445 la

449 2495 663 2583 mongo,
676 2492 822 2583 scilicet,
835 2490 884 2564 ab
897 2490 957 2564 illa
968 2486 1239 2565 concertatione
1251 2494 1460 2582 ventorum,
1471 2491 1619 2564 truendo

448 2615 545 2702 puni,
558 2610 649 2685 idest
665 2608 926 2704 conquerendo
942 2608 1228 2701 dolorose,come
1239 2609 1253 2678 i
1262 2611 1346 2698 proi
1361 2629 1432 2682 am
1442 2613 1619 2685 cmdcndn

449 2733 506 2801 lor
530 2732 593 2819 lai,
618 2727 710 2802 idest
741 2746 883 2820 versus,
910 2729 1062 2821 lacendo
1089 2728 1129 2799 in
1159 2747 1223 2799 aer
1253 2729 1292 2800 di
1319 2747 1358 2801 se
1391 2730 1498 2819 longa
1521 2733 1618 2822 moa,

450 2847 551 2940 idest,
576 2846 723 2940 lineam,
748 2845 843 2919 sicut
866 2843 1113 2940 alphabetum.
1140 2846 1184 2918 lit
1208 2845 1259 2920 sic
1285 2845 1367 2923 ride
1392 2846 1491 2941 quod
1509 2855 1619 2924 uulor

450 2966 665 3060 multiplicat
689 2963 981 3059 comparationes
1005 2963 1144 3058 avium,
1161 2964 1249 3058 quia
1270 2985 1378 3041 amor
1394 2973 1451 3042 est
1467 2966 1619 3042 volatilis

450 3085 543 3160 sicut
559 3085 648 3178 uvis,
666 3082 764 3160 unde
781 3082 941 3180 pingitur
958 3090 996 3158 et
1015 3082 1166 3181 lingitur
1185 3085 1315 3161 alatus
1336 3087 1380 3160 Et
1402 3106 1515 3184 grues
1534 3096 1620 3162 sunt

450 3205 560 3280 etiem
586 3202 758 3279 ammnlin
782 3203 956 3300 gregalia,
982 3210 1020 3278 et
1043 3204 1181 3280 faciunt
1206 3206 1401 3286 transitum
1425 3206 1472 3281 ad
1497 3213 1619 3301 portes

450 3325 594 3417 calidas,
624 3324 700 3399 imo
729 3322 840 3400 etiam
872 3323 1030 3397 multum
1061 3325 1284 3399 conveniunt
1317 3325 1412 3400 inter
1436 3346 1488 3420 se,
1522 3325 1620 3403 unde

450 3450 609 3518 tractum
636 3449 691 3518 est
715 3442 812 3517 istud
837 3441 1007 3536 verbum,
1032 3462 1213 3533 concrum
1238 3443 1288 3516 ita
1311 3451 1478 3519 amantes
1503 3444 1620 3521 solent

450 3561 647 3638 convenire
672 3560 767 3635 inter
793 3579 833 3635 sc
857 3560 916 3635 vel
941 3559 1083 3635 ratione
1107 3561 1401 3655 constellationis,
1432 3562 1489 3637 vel
1518 3580 1621 3636 com·

420 3663 421 3668 Ν
451 3681 626 3778 plenioris
643 3673 695 3773 (¹),
719 3680 779 3754 vel
802 3677 1043 3753 similitudinis
1068 3699 1217 3753 morum
1243 3686 1281 3756 et
1296 3681 1401 3775 ,vilse
1433 3687 1471 3755 et
1500 3680 1549 3754 ita
1573 3682 1620 3757 de

451 3802 539 3876 aliis.
554 3802 608 3875 Er
624 3799 727 3875 dictis
743 3805 869 3874 autem
881 3806 990 3873 autor
1006 3798 1125 3875 lactus
1140 3799 1270 3874 nvidus
1285 3800 1470 3895 petitque
1485 3799 1619 3875 animm

451 3930 537 3996 sunt
561 3921 650 4013 istae,
675 3919 817 3995 diceus:
830 3920 1007 4011 percl’io,
1023 3919 1122 4010 disci,
1138 3925 1305 4010 macatro,
1322 3918 1425 4014 idest,
1441 3939 1466 3994 o
1482 3918 1618 4016 Virgili,

451 4045 506 4114 odi
528 4061 594 4113 son
618 4041 725 4134 puelk
748 4040 855 4130 porti,
879 4039 952 4130 cto,
977 4037 1068 4113 ldcst
1091 4057 1196 4133 quus,
1216 4041 1306 4113 l’cir
1321 4031 1619 4131 concinentiae,

452 4159 543 4234 idest
567 4176 632 4231 aer
657 4157 763 4253 niger
786 4157 837 4230 ita
858 4156 987 4252 puniti
1015 4156 1139 4244 Quare
1160 4177 1228 4236 aer
1243 4157 1388 4237 dicatur
1407 4158 1467 4234 llic
1482 4157 1621 4254 specia-

452 4280 535 4354 liter
560 4277 677 4373 niger,
698 4277 836 4352 dictum
859 4283 914 4352 est
933 4276 971 4351 in
988 4276 1163 4372 principio
1183 4277 1343 4373 capituli.
1356 4318 1406 4333 -
1418 4284 1471 4355 Lu
1485 4282 1618 4372 primm

454 4399 517 4473 llic
537 4397 707 4494 Virgilius
724 4395 919 4494 respondet
933 4395 982 4474 nd
997 4396 1208 4494 petitionem
1225 4399 1366 4475 autoris
1382 4399 1567 4495 explicans
1581 4392 1618 4493 (¹)

453 4519 606 4611 aliquas,
631 4525 668 4592 et
693 4518 813 4613 primo
828 4516 999 4594 describit
1016 4516 1247 4592 semiramim
1265 4538 1288 4592 a
1306 4518 1443 4594 virtute
1461 4526 1498 4596 cl
1515 4519 1619 4612 vicio,

453 4643 605 4730 tangens
642 4635 874 4730 imperiosam
905 4634 1104 4731 potentiam
1139 4635 1242 4726 eius3
1276 4636 1363 4730 quia
1397 4635 1619 4732 mmmmm,

515 4891 542 4957 (¹)
559 4892 590 4947 li.
605 4893 838 4959 conumplrconls.
1087 4894 1116 4956 (¹)
1129 4895 1161 4950 ll.
1177 4895 1378 4964 osupum
