4154 6546
450 787 519 857 130
840 798 1043 852 conaururl
1069 798 1221 851 manant

447 937 633 1034 habenti)
659 941 816 1036 amplius
840 941 1067 1033 alimentum,
1092 939 1283 1016 deficiente
1309 942 1469 1016 humore
1490 949 1530 1017 ot
1554 962 1618 1017 oa-

446 1064 524 1138 loro
549 1061 718 1153 naturali,
745 1059 959 1134 naturaliter
985 1059 1178 1152 loquendo.
1195 1061 1301 1134 Nunc
1324 1060 1452 1134 ordina
1470 1062 1522 1136 sic
1537 1061 1620 1136 lite·

447 1204 550 1258 ram:
575 1186 604 1255 tt
626 1185 701 1254 mut
723 1201 814 1253 setae
837 1182 1031 1270 d'Adomo,
1058 1178 1149 1253 idest
1172 1181 1379 1254 humanum
1406 1201 1535 1277 genus,
1553 1186 1621 1272 git-

447 1309 514 1378 ton'
536 1306 575 1376 di
597 1306 677 1394 quel
700 1305 772 1392 tito,
797 1300 889 1375 idest
913 1300 1055 1394 proiicit
1079 1320 1120 1376 aa
1145 1320 1191 1373 ex
1216 1300 1277 1374 illa
1303 1300 1381 1394 ripa
1404 1300 1621 1376 Acherontis

447 1426 483 1497 in
509 1424 630 1498 navim
657 1422 843 1514 Charonis,
868 1423 919 1494 od
942 1442 1015 1494 mro
1039 1424 1089 1495 ud
1111 1442 1185 1495 mou
1204 1441 1273 1513 pcr
1297 1424 1410 1512 muci,
1432 1421 1523 1496 idest
1541 1421 1622 1497 ille·

447 1544 579 1636 miris,
605 1541 703 1636 quod
727 1540 888 1617 declarat
912 1561 978 1636 per
1003 1541 1120 1616 simile
1148 1541 1283 1634 dicens,
1309 1563 1416 1615 mme-
1434 1545 1530 1615 acccl
1554 1564 1639 1633 per>

446 1684 510 1736 roo
534 1664 731 1752 demuma,
757 1661 851 1736 sicut
875 1661 974 1735 enim
991 1661 1069 1735 avis
1088 1661 1246 1734 allicitur
1264 1667 1304 1735 et
1324 1661 1508 1736 inescatur
1523 1661 1617 1754 cibo,

448 1783 497 1855 ita
522 1782 634 1856 homo
659 1782 844 1874 voluptate
859 1772 896 1871 (²)
924 1780 1122 1873 mundana,
1140 1783 1341 1853 simitaritia
1358 1802 1454 1855 come
1470 1786 1501 1855 lc
1516 1787 1623 1875 sopite

446 1905 603 1974 sitcoao
625 1904 827 1976 d’auotmo
853 1904 875 1974 t’
887 1922 959 1972 mm
984 1922 1128 1992 uprcsoo
1156 1904 1297 1973 inimo.
1331 1902 1376 1974 Et
1403 1902 1508 1976 dicit:
1536 1908 1622 1997 imin

448 2025 545 2095 clte't
557 2043 661 2094 ramo
685 2024 768 2095 ocde
791 2024 865 2095 utto
888 2028 987 2094 terra
1012 2027 1091 2094 tritta
1106 2024 1137 2093 te
1152 2041 1212 2093 mc
1232 2025 1379 2113 spopte,
1397 2023 1489 2097 idest
1505 2024 1622 2099 donec

448 2141 592 2234 penitus
615 2139 823 2216 denudatur
848 2140 939 2213 loliis
964 2141 1051 2234 suis,
1077 2140 1209 2233 quibus
1234 2141 1354 2235 primo
1379 2143 1623 2236 vestiebatur3

448 2268 486 2336 et
509 2262 674 2335 attribuit
697 2261 956 2355 proprietatem
988 2260 1129 2333 videndi
1160 2261 1294 2335 arbori.
1328 2263 1373 2335 Et
1408 2269 1494 2338 nota
1525 2265 1623 2358 quod

450 2388 559 2455 autor
587 2380 716 2474 accipit
746 2381 850 2454 istam
875 2379 1186 2472 comparationem
1218 2400 1241 2453 a
1271 2380 1432 2476 Virgilio,
1459 2390 1497 2457 et
1524 2383 1625 2458 addit

453 2501 580 2594 pulcre
604 2501 710 2573 istam
736 2500 951 2593 particulam
977 2498 1155 2572 ultimam.
1177 2498 1359 2573 Homerus
1384 2501 1495 2575 etiam
1521 2502 1624 2575 simi-

453 2621 524 2693 lem
551 2618 861 2713 comparationem
887 2619 982 2710 sacit,
1008 2638 1120 2710 quem
1147 2618 1313 2711 sequitur
1338 2621 1414 2715 ipse
1438 2622 1619 2717 Virgilius.

452 2741 496 2813 llt
520 2739 640 2814 subdit
665 2738 850 2831 quomodo
866 2738 1038 2812 continuo
1057 2746 1257 2813 renovatur
1274 2760 1364 2836 gens
1381 2741 1459 2834 ista,
1477 2748 1515 2815 et
1534 2763 1625 2816 con-

452 2863 596 2935 tinuans
620 2859 714 2933 dicta
738 2858 897 2933 dicendis
921 2858 1028 2931 dicit:
1054 2851 1126 2931 oosi
1144 2881 1206 2931 ren
1223 2881 1340 2933 nomm
1356 2883 1397 2934 su
1410 2883 1478 2953 per
1492 2863 1624 2934 touta

451 2983 578 3071 muna,
604 2979 694 3052 idest
718 2997 785 3072 per
808 2998 944 3070 aquam
977 2978 1173 3052 obscuram
1203 2979 1299 3053 illius
1327 2981 1486 3055 fluminis
1510 2981 1622 3055 inler-

452 3101 552 3192 nalis,
578 3121 597 3172 e
620 3120 715 3171 novo
737 3105 836 3190 pente
858 3100 1022 3172 oweno
1045 3119 1137 3171 amo
1154 3101 1191 3171 di
1206 3119 1290 3191 qao,
1307 3099 1400 3174 idest
1419 3120 1624 3197 congrega·

452 3227 513 3292 tur
537 3219 584 3292 ad
610 3219 727 3312 ripam
744 3217 952 3294 citeriorem
968 3207 1005 3308 (³)
1023 3218 1193 3312 lluminis,
1215 3218 1312 3292 uode
1336 3227 1539 3295 recesserat
1561 3241 1626 3295 na·

452 3341 517 3433 vis,
542 3342 664 3412 ovanti
687 3341 747 3411 cic
770 3342 850 3410 man
871 3340 1001 3412 mamre
1023 3341 1063 3411 di
1088 3329 1136 3429 ti,
1156 3339 1247 3412 idest
1272 3338 1309 3412 in
1334 3340 1501 3414 ulteriori
1525 3343 1624 3439 ripa,

452 3461 596 3553 scilieet,
622 3468 819 3552 antequam
856 3459 926 3532 illae
956 3464 1109 3551 portatae
1123 3447 1160 3548 (⁸)
1190 3461 1424 3553 pervenerint
1455 3462 1626 3536 adalind

453 3582 548 3674 litus,
578 3581 658 3654 aliae
689 3599 794 3653 novae
824 3578 956 3651 anime
982 3585 1067 3650 sunt
1090 3585 1326 3674 congregate
1353 3579 1389 3651 in
1415 3600 1461 3653 eo
1488 3582 1627 3671 looo,a

453 3722 528 3793 quo
554 3700 623 3774 tllae
650 3704 885 3774 recesserant.
905 3698 975 3770 Per
1000 3697 1070 3770 hoc
1095 3703 1218 3770 autem
1252 3705 1362 3771 autor
1386 3697 1449 3770 dat
1474 3699 1627 3794 intelligi

454 3821 551 3916 qumi
577 3818 751 3894 mntinuo
776 3817 861 3891 novi
886 3815 1052 3891 homines
1078 3816 1297 3908 moriuntur,
1321 3824 1359 3890 et
1384 3818 1629 3893 essentialiter

452 3947 489 4014 ct
514 3937 702 4013 moraliter
733 3936 872 4011 vadunt
900 3936 946 4009 ad
976 3935 1174 4028 laternum,
1205 3937 1257 4010 ita
1284 3937 1384 4030 quod
1417 3938 1484 4011 iste
1512 3945 1626 4012 nauta

456 4081 644 4152 uunquam
674 4052 848 4152 quiescit,
865 4063 902 4130 et
933 4077 1078 4150 semper
1103 4057 1213 4130 habet
1242 4078 1377 4132 novam
1408 4078 1571 4133 mercem
1586 4053 1626 4149 (ἦ)

454 4178 683 4271 portandam.

528 4302 655 4390 Fiptiol
677 4301 756 4372 mio.
783 4299 854 4372 ista
878 4305 935 4373 eat
960 4297 1087 4390 quinta
1099 4288 1137 4387 (⁶)
1163 4318 1248 4390 pars
1271 4300 1466 4394 generalis,
1491 4301 1627 4395 inqua

453 4427 563 4493 autor
588 4419 688 4512 ponit
704 4417 885 4511 duplicem
904 4417 1176 4511 responsionem
1191 4417 1326 4513 Virgilii
1343 4419 1497 4493 adduas
1514 4421 1628 4494 inter-

455 4540 673 4633 rogationes,
691 4559 782 4630 uuas
800 4538 969 4633 superius
986 4538 1123 4612 lecerat
1140 4538 1217 4611 sibi.
1236 4539 1280 4611 Et
1295 4539 1415 4633 primo
1433 4541 1628 4635 respondet

537 4682 574 4688 ...-
584 4680 794 4688 .—-—..-—---.
800 4680 1608 4691 .-—————.——-—-..·——————-—-—
1614 4685 1622 4690 -

518 4767 544 4825 (¹)
561 4765 590 4813 E.
608 4778 660 4813 non
677 4764 796 4814 habeant.
1107 4765 1132 4829 ξ’)
1149 4767 1179 4815 Ε.
1196 4767 1337 4818 voluntate.

519 4841 545 4901 (¹)
562 4841 592 4890 E.
609 4839 775 4890 anteriorem.
1105 4843 1129 4903 ‘⁸5
1144 4843 1176 4893 B.
1194 4848 1302 4906 portator
1318 4843 1414 4895 tuerint
1430 4845 1471 4893 ad.

520 4917 546 4978 ,ἢ
563 4916 593 4965 E.
611 4919 724 4965 mortem
741 4917 902 4977 portandam.
1102 4917 1129 4980 3)
1144 4923 1199 4978 tta,
1216 4920 1306 4983 qum
1319 4925 1348 4971 ct
1360 4919 1464 4971 attha
