4154 6546
455 768 525 834 516
846 780 1051 835 conuuruu
1075 782 1228 834 uvrumu

453 923 720 997 descenderunt
744 922 953 1018 Aldigherii,
979 923 1176 1017 dequibus
1193 924 1260 997 luit
1277 926 1423 1020 Baetes,
1441 927 1536 1000 sicut
1552 926 1629 1022 ple·

453 1043 535 1116 nius
560 1043 703 1128 dicetur
728 1043 887 1137 capitulo
908 1044 972 1118 xv
993 1043 1164 1118 paradisi.
1183 1045 1225 1117 Et
1243 1046 1294 1119 sic
1311 1054 1421 1140 patet,
1440 1046 1627 1143 quomodo

451 1164 585 1238 Dantes
611 1164 720 1238 luerit
740 1185 806 1258 per
823 1165 972 1260 longam
990 1165 1122 1239 lineam
1140 1166 1366 1262 genealogia
1383 1166 1430 1240 de
1447 1165 1627 1262 sauguine

451 1303 631 1377 romano;
658 1284 742 1359 ideo
767 1286 845 1359 vult
869 1284 1092 1379 sequestrari
1117 1305 1140 1359 a
1166 1284 1347 1359 laesulanis
1373 1286 1504 1380 pravis.
1533 1286 1626 1361 Dicit

450 1423 563 1498 ergo:
591 1407 622 1475 lc
647 1404 748 1476 bestie
771 1407 950 1497 fiesolane,
976 1404 1067 1479 idest
1092 1403 1209 1478 vitiosi
1235 1405 1429 1499 florentini,
1455 1406 1517 1498 qui
1544 1426 1625 1480 ser·

450 1529 537 1596 vant
570 1543 693 1597 mores
720 1523 1002 1618 laesulanorum3
1029 1531 1066 1598 et
1092 1531 1198 1598 vocat
1223 1545 1287 1599 eos
1311 1525 1446 1599 bestias
1475 1531 1626 1620 propter

450 1642 536 1716 vitia
553 1662 636 1736 quae
655 1641 820 1716 homines
841 1642 996 1717 reddunt
1010 1642 1145 1718 similes
1159 1643 1288 1736 brutis,
1302 1648 1466 1738 sueciam
1477 1651 1624 1737 suamc,

450 1762 541 1836 idest
566 1762 834 1856 sterquilinium
862 1769 898 1836 et
923 1762 1072 1855 lectum,
1098 1765 1137 1835 di
1160 1765 1216 1835 lor
1241 1766 1423 1855 medcsmc,
1444 1762 1550 1857 quasi
1567 1763 1624 1845 di·

451 1890 524 1957 cat:
551 1882 684 1956 iaciant
703 1881 915 1956 distracium
935 1883 980 1958 de
1001 1904 1041 1956 se
1059 1883 1153 1977 ipsis,
1174 1889 1211 1957 et
1227 1883 1409 1958 dimittant
1428 1884 1625 1980 virtuosos,

451 2002 516 2097 qui
529 2001 795 2075 descenderunt
812 2023 835 2076 a
854 2023 1095 2076 romanorum
1113 2003 1292 2098 sanguine
1309 2023 1503 2099 generoso.
1522 2004 1626 2079 Unde

451 2121 559 2196 dicit:
586 2143 605 2193 e
629 2124 737 2194 loson
760 2129 837 2194 star
857 2124 894 2194 la
907 2124 1032 2213 picata
1050 2142 1217 2212 romana,
1234 2121 1325 2196 idest
1342 2122 1465 2195 virum
1483 2123 1627 2198 virtuo-

451 2264 546 2335 sum,
571 2244 745 2332 s'olcuoo,
770 2241 864 2315 sicut
891 2247 931 2313 tu'
948 2241 1094 2333 Dantes,
1112 2247 1149 2314 et
1166 2241 1260 2315 bene
1278 2240 1374 2333 dicit,
1392 2241 1480 2335 quia
1496 2262 1625 2336 paucae

450 2364 555 2437 bonae
581 2362 722 2456 planta,
751 2361 841 2436 idest
869 2361 958 2435 tales
984 2361 1135 2434 virtuosi
1161 2360 1268 2434 hodie
1289 2368 1492 2435 nascuntur
1508 2362 1569 2458 ibi,
1588 2370 1626 2437 et

451 2489 493 2555 ut
518 2501 650 2555 verum
677 2479 808 2574 dicam,
836 2485 873 2554 et
899 2479 946 2552 ihi
974 2486 1010 2552 et
1036 2479 1133 2573 alibi,
1157 2501 1263 2570 corpe
1288 2501 1400 2552 ancer
1424 2484 1481 2554 ael
1500 2485 1558 2554 lor
1574 2485 1624 2554 le-

450 2608 553 2691 tame,
581 2599 672 2674 idest
689 2605 799 2691 terra,
819 2618 931 2692 quam
948 2599 1105 2692 appellat
1125 2598 1296 2693 letamen,
1314 2605 1458 2674 servata
1474 2600 1622 2675 metha·

451 2721 577 2814 phora,
603 2718 689 2811 quia
714 2718 812 2792 cives
838 2704 1034 2792 vocaverat
1059 2719 1212 2811 plantas,
1236 2722 1274 2791 in
1298 2717 1621 2811 caticuminum

451 2841 584 2936 planta,
612 2837 702 2914 idest
727 2838 875 2913 homine
901 2837 1077 2932 virtuoso,
1102 2841 1232 2929 notua,
1257 2835 1350 2912 ide'st
1369 2837 1564 2933 repullulet
1582 2845 1620 2914 et

451 2960 648 3036 revirescat
664 2954 712 3054 (¹),
738 2962 775 3031 la
798 2967 950 3031 sementa
974 2966 1089 3050 santa,
1116 2958 1207 3033 idest
1222 2950 1259 3051 ζ’)
1277 2979 1382 3034 sacra
1398 2958 1620 3051 authentica,

450 3080 537 3175 quia
562 3080 680 3153 Roma
719 3084 875 3153 vocatur
909 3078 1007 3152 alma
1039 3078 1140 3171 urbs,
1166 3081 1204 3152 di
1232 3081 1310 3170 paci
1340 3099 1471 3151 roman
1498 3081 1558 3152 cle
1589 3080 1625 3152 vi

448 3202 601 3272 rimoscr
631 3200 772 3290 quondo
803 3202 844 3290 su
874 3201 963 3291 sotto
987 3200 1015 3270 il
1037 3200 1120 3270 ntdo
1145 3200 1183 3270 di
1207 3200 1351 3271 milvio
1385 3204 1497 3289 unm,
1529 3196 1622 3271 idest

449 3317 596 3412 quando
622 3317 717 3392 lacta
744 3316 811 3390 luit
837 3316 1030 3418 Florentia5
1057 3337 1169 3411 quam
1196 3323 1305 3391 autor
1325 3316 1482 3412 appellat
1505 3316 1624 3392 domi-

448 3438 573 3511 cilium
598 3443 636 3510 et
661 3437 937 3531 receptaculum
959 3435 1116 3512 malitiae.
1134 3436 1331 3512 Florentini
1352 3436 1452 3511 enim
1469 3441 1624 3532 peccant

449 3556 566 3654 magis
592 3575 658 3650 per
684 3554 871 3650 malitiam,
895 3577 1008 3650 quam
1033 3577 1099 3651 per
1124 3556 1441 3651 incontinentiam3
1462 3563 1499 3631 et
1517 3555 1623 3630 mali·

449 3678 499 3752 tia
525 3682 581 3751 est
607 3675 720 3770 peior,
747 3676 834 3770 quia
861 3676 900 3748 lit
925 3696 1011 3749 curn
1037 3676 1224 3772 electione,
1243 3683 1285 3750 ut
1302 3676 1408 3771 plene
1423 3676 1540 3773 patuit
1556 3697 1623 3749 su·

448 3819 515 3894 pra
541 3796 698 3891 capitulo
720 3793 778 3889 xl,
797 3796 855 3870 vel
880 3795 1009 3889 accipit
1035 3795 1210 3870 malitiam
1236 3796 1442 3870 secundum
1460 3814 1623 3871 comune

451 3916 604 4012 vulgare
630 3935 696 4009 pro
721 3914 861 3988 fraude.

523 4040 567 4109 Sc
587 4039 682 4129 [osse
709 4041 792 4107 tutto
815 4037 929 4127 piene
957 4035 1027 4107 lsta
1052 4040 1108 4108 est
1134 4035 1240 4109 tertia
1265 4055 1350 4131 pars
1374 4033 1556 4130 generalis
1584 4034 1622 4110 iu

449 4177 523 4251 qua
548 4161 658 4229 autor
685 4153 879 4249 respondet
904 4153 950 4228 ad
976 4133 1145 4247 quaedam
1172 4154 1266 4230 dicta
1292 4175 1359 4250 per
1384 4175 1445 4229 ser
1461 4155 1622 4228 Bruuet·

448 4282 542 4370 tum,
559 4284 597 4351 et
622 4273 738 4348 reddit
752 4264 788 4365 (³)
816 4274 960 4371 singula
985 4274 1155 4371 singulis:
1175 4274 1273 4350 unde
1290 4274 1409 4369 primo
1427 4273 1623 4370 respondet

447 4396 493 4471 ad
515 4396 550 4469 id
567 4395 666 4491 quod
682 4395 852 4489 superius
869 4395 1010 4469 dixerat
1027 4416 1087 4470 ser
1104 4396 1315 4489 Bruuettus,
1341 4393 1441 4488 quod
1464 4393 1623 4472 dedisset

447 4515 514 4589 sibi
539 4515 718 4589 auxilium
744 4514 774 4587 si
801 4535 874 4588 nou
900 4514 1025 4607 luisset
1051 4521 1126 4588 lam
1152 4514 1223 4588 cito
1251 4520 1430 4587 mortuus.
1449 4512 1503 4586 ld
1521 4512 1621 4607 quod

447 4634 641 4729 respondet
665 4642 797 4709 autor:
825 4654 895 4730 ego
921 4654 1066 4729 semper
1081 4622 1117 4725 (⁸)
1145 4633 1244 4707 dolui
1271 4638 1431 4721 mortem
1445 4642 1619 4709 vestram

508 4811 537 4876 (¹)
553 4813 585 4864 E.
601 4815 744 4865 reviviscat.
1072 4813 1098 4875 Γ)
1115 4814 1146 4864 Β.
1163 4814 1229 4865 idest
1243 4815 1398 4865 authentica.

509 4887 536 4952 (Ἲ
553 4892 607 4950 tto,
624 4891 709 4952 primo
726 4890 819 4942 reddit.
1075 4889 1102 4953 (¹)
1117 4889 1151 4950 S„
1168 4889 1199 4940 Β.
1216 4902 1231 4940 a
1249 4893 1302 4951 llo,
1319 4903 1395 4953 supe.
