4154 6546
448 782 521 848 150
845 784 1050 841 conuurun
1076 786 1228 840 rursum

448 935 597 1010 dliciose
628 931 730 1028 fingit
759 930 870 1004 istum
904 930 1140 1025 desperatum
1173 929 1298 1004 dicere
1328 929 1410 1022 boc,
1437 929 1627 1024 nunquia

447 1055 493 1131 sit
518 1073 663 1145 verum,
689 1050 752 1126 md
778 1050 864 1143 quia
891 1050 942 1125 sic
966 1050 1141 1144 credidit;
1167 1069 1254 1124 uam
1274 1049 1304 1122 si
1324 1048 1537 1126 credidisset
1563 1072 1629 1127 re-

446 1173 713 1251 surrectionem
727 1191 939 1264 corporum,
950 1192 1156 1265 numquam
1170 1169 1425 1264 seoccidisset,
1436 1170 1513 1244 imo
1527 1170 1627 1247 torte

447 1295 478 1369 si
504 1292 715 1368 credidisset
744 1289 907 1365 animam
933 1290 1180 1365 immortalem
1205 1309 1397 1384 passuram
1422 1292 1624 1384 poenam()

450 1420 530 1509 post
555 1411 877 1504 resurrectionem,
905 1430 1111 1504 numquam
1144 1411 1214 1484 boc
1247 1408 1414 1503 lecisset3
1446 1409 1510 1484 aed
1534 1411 1625 1505 quin

449 1533 622 1609 credebat
651 1551 757 1604 suam
789 1550 935 1624 poenam
962 1535 999 1604 et
1024 1530 1211 1604 miseriam
1237 1528 1333 1601 liniri
1356 1549 1424 1623 per
1449 1539 1625 1624 nonen,

451 1653 544 1726 sicut
570 1652 646 1746 ipse
665 1651 746 1746 jam
771 1670 883 1745 supra
907 1649 1008 1743 dixit,
1034 1649 1116 1723 ideo
1133 1655 1293 1722 mortem
1310 1648 1347 1721 iu
1368 1648 1495 1723 liuore
1511 1650 1626 1744 petiit

451 1774 531 1848 Nou
558 1792 648 1867 ergo
674 1778 819 1865 oportet
850 1769 908 1844 bic
941 1769 1098 1864 amplius
1127 1770 1299 1866 frangere
1323 1776 1446 1864 caput,
1470 1777 1537 1844 aut
1559 1790 1628 1851 ca-

452 1891 626 1967 lumniari
657 1897 840 1983 arrtorem,
872 1890 968 1963 sicut
999 1890 1148 1984 quidam
1183 1896 1325 1965 temere
1349 1889 1510 1983 laciuut3
1536 1911 1626 1967 uem

452 2013 482 2088 si
513 2032 587 2086 nou
618 2017 768 2106 possunt
798 2011 1000 2104 intelligere
1024 2009 1208 2084 fictionem
1234 2009 1385 2103 autoris,
1412 2017 1537 2084 tamen
1560 2011 1630 2089 de-

453 2133 540 2207 bent
564 2131 684 2226 ipsum
709 2131 917 2223 defendere,
932 2121 1220 2226 imaginantesl²l
1234 2130 1337 2227 ,quod
1354 2140 1464 2207 autor
1480 2151 1630 2228 semper

455 2253 521 2328 luit
536 2244 574 2345 (³)
600 2252 776 2327 catholice
800 2253 945 2325 locutus
967 2251 1115 2345 ubique,
1134 2256 1175 2323 ut
1195 2242 1295 2345 patet
1311 2271 1376 2344 per
1395 2241 1626 2345 totum,et(‘)

454 2374 553 2468 quod
584 2392 658 2446 uon
688 2371 837 2445 dixisset
868 2373 939 2446 boc
963 2372 1041 2445 siue
1066 2390 1195 2463 quare,
1222 2369 1408 2463 quianon
1433 2371 1629 2466 ignorabat

454 2495 492 2568 in
523 2495 617 2568 lacto
648 2493 731 2566 lidei
767 2491 853 2564 illud
888 2491 987 2585 quod
1019 2491 1138 2564 sciuut
1169 2490 1281 2564 etiam
1313 2491 1459 2583 retulae,
1491 2491 1630 2567 scilieet

456 2613 555 2708 quod
580 2632 709 2686 omnes
734 2611 868 2686 animae
893 2618 1084 2685 resument
1114 2630 1271 2703 corpora
1292 2609 1330 2683 iu
1346 2609 1406 2684 die
1424 2610 1633 2689 novissimo.

455 2735 501 2807 Et
525 2733 604 2805 baec
627 2730 790 2805 breviter
814 2729 909 2804 dicta
935 2730 1006 2806 sint
1029 2729 1076 2802 de
1101 2728 1267 2803 violentis
1293 2740 1421 2804 eontra
1440 2748 1506 2822 se;
1532 2750 1634 2805 baruc

455 2850 703 2927 accedendum
729 2854 784 2923 est
810 2848 987 2923 violentos
1002 2840 1038 2941 (⁶)
1065 2855 1193 2923 contra
1218 2848 1314 2922 bona
1340 2869 1418 2923 sua.

532 2974 601 3044 Nor·
622 2989 804 3043 mosomo.
825 2970 895 3043 lsta
916 2975 971 3043 est
988 2975 1120 3064 quarta
1137 2975 1174 3044 et
1191 2969 1320 3044 ultima
1338 2989 1422 3063 pars
1437 2970 1632 3067 generalis,

457 3091 495 3165 in
520 3111 594 3185 qua
619 3097 729 3165 autor
754 3095 884 3164 tractat
909 3090 955 3164 de
980 3089 1163 3182 violentia,
1182 3110 1294 3182 quam
1312 3090 1425 3165 bomo
1440 3090 1526 3166 lacit
1542 3110 1634 3167 oon
1690 3085 1696 3093 ”

459 3219 515 3287 tra
552 3211 699 3306 propria
732 3210 841 3304 bona,
873 3218 911 3285 et
944 3211 1071 3285 talium
1087 3201 1124 3301 (⁶)
1157 3209 1402 3285 violentorum
1433 3231 1555 3305 poeua.
1587 3213 1634 3287 Et

457 3332 619 3406 breviter
645 3331 724 3405 vult
749 3331 882 3423 dicere,
909 3331 1008 3425 quod
1034 3349 1152 3403 novus
1178 3350 1308 3404 rumor
1334 3331 1488 3406 retraxit
1503 3351 1570 3407 eos
1585 3333 1635 3407 ab

458 3450 697 3525 ascultatioue
723 3449 821 3523 Petri
846 3448 892 3523 ad
918 3449 1027 3522 aliam
1053 3455 1202 3544 gentem
1228 3449 1422 3524 videndam
1442 3470 1527 3543 quae
1546 3471 1636 3527 cru—

458 3569 624 3644 ciabatur
658 3569 695 3642 iu
724 3568 854 3643 eadem
880 3569 993 3663 sylva,
1025 3588 1098 3643 non
1124 3567 1301 3642 inclusam
1334 3568 1429 3646 sicut
1459 3570 1634 3666 predicti,

459 3689 535 3762 imo
564 3688 844 3782 discurrentem,
874 3695 911 3762 et
941 3709 1026 3780 quae
1061 3689 1293 3763 lacerabatur
1326 3709 1348 3763 a
1381 3689 1545 3784 mouns,
1571 3691 1636 3766 nbi

462 3809 569 3904 primi
595 3809 853 3884 lacerabantur
877 3808 925 3881 ab
942 3807 1089 3903 avibus3
1111 3817 1148 3882 et
1170 3809 1289 3903 primo
1304 3810 1524 3884 continuans
1537 3810 1637 3889 dieta

459 3927 633 4021 dicendis,
659 3927 762 4001 dicit:
790 3930 859 4000 Noi
883 3948 1052 4001 crovamo
1077 3949 1214 4001 ancora
1239 3933 1350 4020 mesi,
1376 3929 1470 4005 idest
1491 3931 1634 4026 attenti,

462 4052 501 4121 al
524 4057 659 4138 conco,
684 4048 820 4122 scilicet
841 4049 984 4123 arboris
1001 4050 1098 4124 Petri
1116 4049 1162 4124 de
1179 4049 1311 4143 Vineis,
1329 4053 1503 4125 meduno
1523 4053 1637 4126 cl'ol-

463 4175 519 4241 tro
552 4171 584 4240 ct·
616 4170 745 4241 coesse
777 4170 867 4258 dire,
902 4168 989 4261 quia
1003 4160 1041 4261 (⁷)
1076 4169 1211 4244 scilicet
1240 4170 1384 4245 dixerat
1418 4170 1523 4246 nobis
1553 4190 1636 4249 rem

461 4288 659 4364 obscuram
686 4293 723 4362 et
749 4287 889 4381 falsam,
917 4289 998 4364 ideo
1023 4290 1320 4383 expectabamus,
1347 4291 1445 4384 qrrod
1464 4290 1637 4367 alindd'·

464 4415 564 4483 ceret
589 4407 635 4480 ad
661 4408 924 4482 declarandum
941 4430 998 4504 se,
1024 4409 1088 4483 sed
1109 4410 1169 4484 ille
1183 4411 1324 4485 -lccorat
1339 4410 1453 4486 linem
1469 4432 1538 4485 suo
1555 4430 1637 4488 ser-

510 4597 674 4722 15¹)quAE
692 4603 746 4658 lle,
767 4612 868 4663 ponam
886 4605 943 4664 post
959 4603 1147 4665 separationem
1168 4617 1318 4666 temporo,
1333 4603 1445 4653 maxime
1467 4606 1525 4666 post
1546 4614 1638 4652 resur·

464 4686 509 4723 rec
521 4686 607 4723 nonem

526 4749 553 4811 (¹)
569 4751 595 4799 S.
609 4709 784 4816 imaginando.
1144 4757 1169 4818 (⁸)
1187 4758 1217 4807 ll.
1234 4757 1321 4807 luent.

528 4825 554 4886 (¹)
572 4830 625 4886 1111,
642 4832 668 4876 et
685 4842 737 4879 non
752 4829 863 4880 dlxirm.
1142 4833 1169 4894 (¹)
1186 4833 1212 4884 S.
1229 4847 1244 4883 e
1261 4833 1291 4884 11.
1307 4833 1341 4884 ed
1356 4832 1493 4884 vicmo&

529 4901 555 4963 (⁸)
572 4906 625 4963 ¹¹⁸,
642 4917 743 4957 eorum.
1144 4909 1171 4972 (²)
1186 4911 1213 4960 s
1229 4910 1301 4975 quur
1317 4910 1399 4962 uun
1410 4911 1524 4962 &arat
