4154 6546
747 796 888 852 cirinus
912 795 1056 850 remus.
1437 783 1484 856 29

310 947 354 1016 ul
371 941 484 1036 aliqui
501 941 642 1032 volunt,
658 947 783 1016 temen
800 941 971 1037 Virgilius
987 940 1139 1015 intendit
1154 943 1349 1018 ostendere
1366 932 1485 1039 ipsum

305 1063 462 1158 justum,
487 1066 530 1133 ut
553 1078 621 1154 per
645 1060 715 1134 hoc
738 1060 905 1135 ostendet
925 1060 1105 1156 Augusto,
1122 1061 1160 1134 in
1176 1063 1282 1157 cujus
1306 1064 1486 1139 honorem

309 1181 444 1276 scribit,
471 1179 589 1274 qualis
616 1178 727 1254 debet
757 1199 838 1254 esse
869 1179 1049 1275 princeps,
1084 1180 1171 1273 quie
1195 1181 1332 1256 scilicet
1351 1184 1486 1280 justus,

309 1301 481 1394 clemens,
508 1307 546 1374 cl
570 1299 732 1396 probus3
757 1298 858 1373 unde
882 1298 959 1394 ipse
982 1298 1068 1374 dicit
1092 1299 1138 1374 de
1163 1300 1286 1376 linea:

459 1470 538 1543 lien
562 1471 642 1537 erat
663 1468 780 1537 Encas
804 1463 916 1554 nolo,
943 1483 1010 1558 quo
1026 1465 1159 1554 junior
1184 1468 1273 1538 aller

461 1588 532 1659 Nec
550 1584 678 1677 pietate
698 1584 777 1677 snit,
802 1603 864 1654 nec
888 1581 974 1656 bello
1000 1582 1119 1672 mmor
1142 1589 1176 1655 cl
1198 1587 1319 1659 nemu.

312 1778 482 1872 didicit,
513 1780 650 1870 Miccol
680 1779 877 1868 duneline,
908 1776 1000 1851 idest
1029 1776 1157 1871 lineus,
1192 1777 1255 1870 qui
1292 1778 1360 1851 iuit
1391 1778 1486 1853 lilius

310 1898 484 1992 Anchisis,
509 1897 772 1994 consanguinei
797 1896 894 1992 regis
918 1897 1053 1971 Priami
1078 1895 1124 1971 de
1149 1895 1259 1972 domo
1289 1896 1481 1973 Dardania.

309 2019 353 2092 lli
376 2016 557 2113 descripto
581 2017 681 2091 Eneu
706 2023 869 2111 epatre,
895 2015 1066 2091 describit
1090 2016 1209 2111 ipsum
1244 2037 1267 2092 a
1297 2017 1483 2112 provincie
1522 2077 1532 2101 .

307 2142 346 2212 et
369 2138 498 2233 petrin,
511 2137 606 2211 sicui
626 2137 704 2232 jum
730 2135 970 2231 descripserat
991 2156 1055 2231 se;
1073 2136 1172 2212 unde
1188 2136 1283 2230 dicii,
1298 2140 1358 2210 cie
1374 2158 1483 2212 venne

308 2256 347 2330 di
376 2258 500 2348 Ποία,
524 2275 611 2349 quae
636 2262 692 2330 esi
715 2255 913 2350 provincia.
939 2256 984 2328 Et
1010 2256 1124 2352 tangit
1148 2256 1304 2350 petriam
1321 2276 1407 2330 cum
1428 2256 1485 2331 di·

308 2378 368 2473 cit,
387 2369 515 2470 poiclrd
531 2379 558 2449 'l
579 2377 728 2468 copodo
747 2376 838 2449 ilion
859 2379 901 2469 lit
925 2376 1112 2466 conclusio,
1129 2375 1219 2449 idest
1239 2376 1365 2449 civitas
1380 2375 1484 2470 ilion,

308 2495 1047 2591 quaeemtinrroja,i11itcremensem
1064 2495 1163 2570 ciere
1179 2493 1322 2569 dicetur
1339 2496 1482 2592 Purge-

309 2616 393 2690 torii
418 2615 578 2710 capitulo
596 2614 671 2709 llll,
696 2614 760 2688 ubi
785 2613 918 2688 dicitur
942 2613 988 2688 de
1013 2614 1184 2708 superbia
1209 2615 1337 2709 Trojae.
1360 2620 1423 2688 illo
1448 2622 1483 2688 tu

303 2729 441 2830 percu
467 2735 534 2810 llic
559 2735 730 2831 Virgilius
753 2735 877 2832 orguil
899 2740 1069 2808 autorem
1095 2753 1213 2827 quere
1226 2727 1264 2827 (¹)
1281 2735 1481 2810 revertitur

307 2855 355 2931 ed
370 2861 520 2950 peccata
536 2874 643 2929 more
667 2853 778 2948 cunis,
796 2860 832 2928 et
853 2855 933 2928 vult
951 2854 1092 2929 dicere:
1109 2860 1150 2927 tu
1168 2861 1271 2949 potes
1290 2855 1481 2931 manilesle

308 2965 479 3066 viderei¹l
490 2994 536 3048 ex
551 2973 732 3069 predictis
745 2973 828 3067 quis
841 2992 912 3068 ego
929 2972 1014 3067 sim3
1024 2972 1088 3047 sed
1104 2979 1157 3067 tu,
1167 2994 1280 3067 quem
1298 2994 1369 3070 ego
1386 2974 1481 3049 bene

307 3095 406 3189 novi,
425 3087 556 3193 pescli
575 3097 705 3167 murm
728 3114 753 3165 a
778 3099 876 3166 molo
899 3093 999 3184 noso,
1025 3093 1117 3167 idest
1140 3093 1187 3166 ed
1212 3094 1345 3167 vellem
1367 3093 1481 3168 vicio-

308 3233 407 3308 rum,
433 3232 518 3307 quae
541 3218 597 3288 est
621 3219 696 3287 tam
723 3212 977 3309 ignominiosa,
995 3211 1086 3286 idest
1106 3212 1250 3285 infamis
1275 3218 1312 3286 et
1337 3213 1481 3306 vitupe-

308 3336 417 3439 roca?
433 3324 568 3406 Perelld
587 3352 661 3406 non
683 3334 764 3422 sali,
790 3330 881 3406 idest
906 3338 944 3406 el
967 3350 1036 3405 cur
1061 3331 1181 3424 potius
1206 3351 1280 3404 non
1306 3330 1482 3425 ascendis,

303 3455 505 3528 ildilclloeo
520 3459 648 3543 mone,
672 3450 771 3526 idest
789 3456 954 3525 montem
977 3450 1133 3544 virtutis,
1152 3450 1216 3544 qui
1241 3457 1297 3524 est
1320 3451 1481 3526 delecte·

306 3574 414 3649 biliei
441 3571 513 3647 Sed
542 3571 770 3646 contrarium
796 3569 953 3665 videtur,
980 3571 1067 3665 quie
1092 3569 1209 3645 virtus
1234 3578 1291 3645 est
1316 3570 1362 3645 de
1385 3570 1482 3645 diffl-

306 3694 365 3770 cili
384 3685 435 3788 (⁸).
467 3689 670 3767 Dicendum
703 3689 865 3763 breviter
894 3690 994 3783 quod
1024 3689 1153 3764 vilium
1185 3695 1241 3763 est
1269 3688 1482 3766 delectabile

306 3820 488 3911 quantum
513 3812 561 3887 ad
584 3809 815 3907 principium,
840 3816 882 3883 ut
911 3809 1049 3884 dictum
1074 3817 1131 3884 est
1155 3831 1291 3904 supra3
1316 3809 1380 3883 sed
1406 3811 1481 3884 vir-

306 3943 367 4011 tue
400 3939 582 4030 quantum
611 3928 658 4004 ad
691 3929 814 4023 linem,
843 3928 979 4003 scilicet
1009 3928 1157 4022 quando
1193 3935 1247 4003 esi
1281 3929 1376 4004 bene
1411 3931 1480 4004 he·

367 4156 400 4221 (¹)
415 4156 447 4209 B.
463 4153 533 4219 quod
548 4153 703 4203 serenetur.
936 4145 964 4209 (¹)
980 4147 1010 4197 E
1027 4147 1256 4210 comprehendere.

368 4232 395 4296 ι’)
410 4230 461 4295 Qui
480 4229 501 4281 ii
515 4227 578 4280 cod.
596 4231 642 4277 iic
659 4225 805 4289 egglungec
822 4222 957 4274 Difficilius
978 4223 1048 4274 enim
1068 4229 1107 4274 cel
1127 4224 1254 4287 attingere
1271 4223 1385 4273 medium
1401 4235 1480 4287 quem

305 4306 506 4367 eumdem
515 4303 608 4368 prom
617 4300 792 4363 Philosophus
801 4299 886 4362 primo
895 4298 1059 4349 Bliriccrum.
1069 4299 1137 4349 item
1153 4295 1280 4348 difficillus
1295 4303 1335 4348 eet
1352 4297 1480 4349 neturnli-

304 4390 347 4437 ier
366 4382 504 4435 accudere
523 4380 655 4436 deorsum,
675 4390 754 4440 quem
776 4374 933 4426 descendere
954 4388 1067 4425 sursum.
1083 4373 1182 4437 Corpus
1202 4378 1290 4423 sulem
1311 4372 1480 4436 corrupllhile

305 4464 428 4527 mmet
441 4458 561 4517 culmem
577 4455 684 4505 lrclrene
699 4453 771 4504 illem
788 4453 912 4503 deorsum
928 4451 959 4501 ed
977 4450 1084 4510 melum,
1100 4455 1127 4500 el
1143 4464 1195 4500 non
1211 4449 1313 4513 erigene
1329 4461 1432 4497 eorsum
1448 4447 1480 4498 ed

303 4539 412 4591 m.
432 4535 562 4587 mere·
585 4532 682 4583 bonum
703 4531 734 4582 m
753 4534 855 4580 unium
871 4528 1033 4592 simpliciter,
1049 4528 1148 4579 scillcet
1163 4527 1228 4578 liene
1244 4526 1359 4590 egendo:
1381 4524 1480 4576 melum

303 4628 368 4668 vero
390 4611 578 4676 multipliciter,
601 4608 702 4659 melum
722 4607 831 4671 egendo,
852 4612 878 4657 el
901 4605 1023 4656 cesonio
1045 4619 1060 4655 e
1080 4604 1158 4655 bono.
1180 4602 1293 4653 Adhuc:
1314 4600 1388 4660 illud,
1409 4600 1480 4664 quod

302 4696 392 4743 novel
412 4702 460 4740 nce
479 4687 512 4738 ed
531 4687 637 4746 bonnm,
653 4687 694 4735 eei
712 4688 786 4734 extre
806 4695 861 4742 noe,
882 4685 910 4732 el
925 4686 965 4732 cel
980 4680 1109 4742 intutum,
1125 4679 1225 4731 scillcet
1240 4677 1348 4729 ielicliee
1364 4681 1479 4738 aternu

301 4766 370 4821 libri
390 4778 462 4825 vero,
478 4763 549 4828 quod
568 4775 616 4813 nce
634 4765 723 4812 moret
743 4760 776 4809 ed
795 4759 904 4819 melum,
924 4762 964 4808 eei
979 4757 1049 4808 inter
1063 4770 1119 4818 nce,
1135 4761 1163 4806 el
1182 4760 1222 4806 ecl
1242 4759 1345 4816 tempus
1365 4752 1480 4803 delecis-

302 4844 374 4898 ilict
384 4842 466 4907 lgllm
477 4839 667 4904 comedentem
677 4850 723 4901 per
733 4836 902 4887 mmmdcc
912 4834 1093 4898 imminutione
1109 4834 1142 4884 de
1158 4832 1309 4883 necessitate
1317 4833 1479 4881 morelccn-

304 4917 499 4985 cupleceullm,
514 4928 579 4980 ergo
595 4915 678 4965 virleu
693 4926 746 4964 nou
760 4917 800 4963 eei
816 4910 982 4962 delectabilis.
999 4911 1144 4962 Dicendum
1159 4914 1209 4961 cic.

438 5023 458 5067 1.
1329 5015 1343 5056 4
