4154 6546
450 785 521 855 ³82
843 799 1045 855 counuruu
1071 800 1222 854 mrunm

448 967 529 1018 sum
545 939 582 1036 (⁴)
601 952 718 1018 totum
744 965 917 1018 saxosum
943 946 1147 1019 silvestrem
1172 945 1220 1019 de
1235 964 1288 1036 se,
1305 951 1342 1017 et
1361 946 1457 1017 ultra
1474 945 1543 1017 boc
1559 942 1623 1016 in-

448 1066 574 1139 venisti
601 1065 648 1137 ibi
674 1064 834 1158 aliquam
860 1067 991 1158 seram,
1017 1066 1111 1141 sicut
1143 1085 1273 1138 ursum
1304 1065 1363 1138 vel
1393 1082 1526 1157 aprum
1556 1062 1627 1156 qui

447 1184 583 1259 laceret
608 1185 729 1258 locum
755 1184 800 1259 de
826 1206 867 1259 se
890 1205 1063 1279 asperum
1092 1185 1204 1260 videri
1229 1184 1475 1278 asperiorem3
1501 1183 1552 1255 ita
1584 1182 1628 1254 in

448 1305 631 1399 proposito
656 1326 784 1399 passus
814 1305 882 1379 iste
913 1312 993 1379 erat
1021 1325 1129 1399 asper
1159 1312 1291 1379 natura
1323 1304 1392 1396 sui,
1428 1294 1521 1395 quiu'
1539 1307 1626 1375 erat

448 1423 623 1518 alpestris,
641 1424 920 1519 praecipitiosus3
939 1435 976 1501 et
995 1444 1041 1499 en
1067 1424 1254 1517 accidenti,
1273 1423 1359 1517 quia
1385 1423 1433 1496 ibi
1458 1428 1539 1496 erat
1554 1420 1626 1494 lli·

448 1549 627 1615 notnurus
652 1553 857 1618 monstrum
886 1544 1058 1617 terribile.
1085 1545 1190 1617 Nunc
1215 1543 1343 1617 ordina
1375 1542 1517 1615 literam
1549 1542 1625 1615 sic:

448 1666 482 1735 lo
516 1666 591 1735 loco
626 1685 689 1737 ove
722 1666 891 1736 oeoirnmo
926 1686 949 1736 α
983 1667 1127 1737 sccrrder
1158 1667 1194 1736 lo
1224 1666 1318 1753 riou,
1354 1662 1445 1737 idest
1469 1662 1626 1736 deseen-

447 1781 607 1854 dendnm
645 1782 691 1856 dc
728 1783 788 1856 illa
826 1783 904 1877 ripa
941 1784 1014 1857 alta
1052 1782 1202 1856 inlerius
1241 1782 1277 1853 in
1317 1782 1449 1856 vallem
1490 1779 1624 1854 lluvia-

449 1901 533 1994 lem‚
559 1922 624 1972 cro
649 1905 814 1994 ulpeslro,
841 1904 932 1978 idest
955 1905 1062 1996 altus,
1089 1922 1196 1997 asper
1221 1902 1258 1974 in
1285 1901 1435 1974 modum
1462 1899 1551 1996 alpis
1567 1893 1621 1995 (²),

447 2027 484 2094 et
501 2021 580 2096 talis
598 2021 747 2114 quidem
766 2023 899 2097 eratin
916 2044 967 2116 se,
981 2023 1043 2097 sed
1062 2022 1172 2097 etiam
1191 2028 1271 2096 erat
1288 2021 1453 2115 alpestris
1470 2028 1624 2115 pmpter

446 2141 564 2235 aliud;
583 2143 681 2218 unde
705 2141 812 2218 dicit:
839 2166 858 2216 e
879 2166 945 2236 per
970 2146 1049 2235 quel
1063 2145 1123 2215 ebe
1144 2145 1252 2214 dero
1268 2162 1371 2232 unco,
1389 2142 1480 2216 idest
1500 2142 1624 2217 adhuc

448 2259 558 2333 etiam
584 2268 664 2335 erat
689 2282 796 2356 asper
825 2269 973 2359 propter
1006 2263 1263 2353 Minotaurum,
1295 2267 1332 2334 et
1361 2260 1412 2334 sic
1442 2268 1523 2335 erat
1551 2261 1624 2334 du·

449 2400 514 2451 rus
527 2371 565 2471 (³)
591 2381 744 2455 transitu
770 2381 978 2477 dupliciter;
1005 2381 1085 2456 ideo
1111 2381 1216 2456 dicit:
1245 2383 1305 2470 tol,
1323 2383 1352 2452 d
1365 2400 1455 2469 opoe
1470 2383 1560 2453 visto
1578 2402 1626 2453 ne

449 2500 593 2571 sorebbe
604 2503 735 2591 sclina,
752 2502 856 2594 quasi
873 2502 986 2578 dicat:
1004 2501 1122 2574 omnis
1139 2501 1262 2594 homo,
1280 2506 1625 2593 quantumcumque

451 2608 615 2710 audarl‘)
627 2626 664 2693 et
676 2621 1107 2715 intrepidus,lormidaret
1121 2621 1313 2715 respicere,
1322 2639 1369 2694 ne
1381 2620 1471 2693 dum
1484 2619 1632 2694 intrare.

450 2759 516 2833 per
541 2739 671 2834 ipsum.
685 2781 733 2794 —
750 2738 883 2829 Ouotd.
910 2741 975 2815 llic
999 2748 1108 2815 autor
1133 2740 1301 2816 describit
1326 2739 1539 2834 predictum
1566 2739 1624 2813 lo-

448 2881 534 2933 cum
565 2881 631 2954 per
660 2862 971 2956 comparationem
1002 2862 1168 2955 pulcram
1199 2867 1237 2934 et
1261 2859 1559 2955 propriissimam,
1579 2865 1619 2932 et

450 2980 527 3053 vult
544 2981 805 3056 sententialiter
829 2982 963 3075 dicore,
982 2980 1080 3074 quod
1097 2981 1156 3053 illa
1174 2980 1231 3054 via
1253 2980 1400 3053 ruinosa
1421 3000 1487 3073 per
1504 2998 1620 3072 quem

449 3093 604 3193 erantd)
632 3100 854 3197 descensuri,
880 3108 960 3176 erat
990 3101 1070 3175 talis
1096 3101 1212 3195 qualis
1226 3091 1264 3193 (ὃ)
1289 3106 1345 3174 est
1369 3099 1428 3173 illa
1457 3118 1541 3192 quae
1566 3105 1622 3171 est

451 3222 487 3295 in
514 3223 591 3317 ripa
616 3221 756 3296 Athesis
782 3223 876 3297 inter
900 3221 1111 3296 Tridentum
1140 3229 1176 3295 et
1201 3221 1408 3313 Veronam3
1436 3220 1497 3293 illa
1521 3217 1619 3294 enim

449 3342 538 3437 ripa,
563 3350 761 3436 antequam
790 3342 894 3417 lieret
919 3342 1014 3415 istud
1039 3340 1277 3436 praecipitium
1305 3340 1521 3432 maximum,
1539 3345 1621 3413 erat

446 3463 495 3536 ita
522 3469 622 3537 recta
648 3469 685 3536 et
710 3482 840 3557 repens
866 3463 902 3535 in
928 3461 1079 3535 modum
1098 3460 1207 3556 muri,
1234 3462 1332 3554 quod
1348 3451 1385 3553 (⁷)
1406 3460 1528 3533 nullus
1554 3479 1621 3553 po-

447 3583 575 3656 luisset
592 3580 700 3655 'irea
733 3602 880 3654 summo
912 3580 999 3675 ripae
1031 3601 1149 3674 usque
1183 3581 1229 3654 ad
1262 3581 1414 3654 fundum
1447 3580 1622 3653 llumanre
1656 3589 1663 3599 “

447 3700 642 3793 inlerioris;
661 3700 725 3773 sed
741 3707 822 3793 post
839 3699 984 3774 ruinam
1006 3699 1140 3773 laetam
1158 3708 1278 3794 posset
1299 3720 1397 3773 nunc
1413 3699 1623 3792 aliqualiter

448 3820 501 3893 iri.
530 3818 582 3892 nd
607 3818 832 3913 propositum
859 3839 949 3914 ergo
975 3819 1041 3892 ista
1067 3821 1125 3893 via
1151 3820 1290 3893 solebat
1304 3808 1342 3911 (Β)
1368 3819 1454 3892 olim
1473 3838 1555 3891 csse
1571 3815 1621 3890 ita

447 3940 519 4013 alta
545 3948 582 4013 et
606 3943 706 4011 recta
732 3938 832 4030 quod
858 3948 938 4014 erat
970 3938 1168 4031 inadibilis3
1194 3939 1257 4012 sed
1283 3958 1328 4012 ex
1356 3937 1463 4010 ruina
1489 3943 1544 4011 est
1569 3936 1620 4010 ita

448 4049 671 4152 dirupata(⁹),
686 4056 784 4150 quod
803 4077 871 4131 nee
887 4063 1056 4150 poterant
1072 4057 1126 4131 ire
1143 4057 1190 4130 ab
1207 4059 1281 4131 alto
1300 4076 1418 4151 usque
1435 4054 1620 4130 deorsum.

508 4301 537 4366 (¹)
554 4307 607 4361 116,
625 4302 776 4352 deseensm
792 4303 937 4351 silvestrem
954 4301 986 4351 de
1002 4315 1038 4352 se.

508 4380 535 4442 (¹)
553 4381 578 4430 S.
594 4380 666 4443 elpis,
683 4379 747 4430 idest
764 4379 832 4429 altus
848 4380 874 4428 in
890 4392 927 4429 se.
938 4407 966 4416 -
976 4378 1007 4431 E.
1024 4381 1049 4430 in
1067 4380 1175 4430 modum
1190 4379 1286 4429 montis
1302 4378 1376 4441 elpis.

508 4458 534 4517 (⁸)
553 4461 597 4507 llo
614 4469 628 4505 e
646 4455 676 4505 Ε.
693 4456 775 4506 durus
792 4456 922 4505 transitus.

506 4532 533 4594 (⁸)
552 4530 578 4581 S.
595 4531 664 4582 soret
681 4532 764 4581 sudu
776 4536 803 4582 et
819 4532 970 4594 intrepidus.

508 4610 534 4670 ι’)
553 4612 605 4667 llo,
623 4613 698 4658 erant
713 4622 796 4672 nuper
812 4609 968 4660 descensuri.

507 4684 533 4746 (⁸)
549 4684 579 4733 E.
595 4683 680 4747 quslls
695 4689 734 4734 est
751 4685 806 4748 rlpa
823 4683 924 4736 Atblcls
940 4686 1007 4734 inter
1025 4684 1179 4735 Tridentum
1195 4690 1222 4735 et
1240 4684 1379 4736 Veronam.

508 4761 534 4822 (Ἰ)
552 4761 582 4809 E.
598 4761 666 4823 quin.

509 4835 534 4896 (¹)
552 4834 578 4884 S.
595 4834 694 4884 solebat
710 4849 765 4885 esse
782 4838 816 4886 ita
832 4838 883 4887 alla
899 4837 1041 4900 quoderat
1057 4837 1190 4887 inadibilis.

508 4913 535 4974 (b
553 4916 606 4972 llo,
622 4912 726 4975 dirupta
739 4915 812 4978 quod
828 4928 962 4979 nunquam
980 4919 1106 4978 poterant.
1116 4915 1181 4965 -S.
1198 4915 1301 4977 dirupts
1316 4914 1387 4978 qnod
1402 4926 1456 4963 non
1471 4915 1597 4975 mutent.
