4154 6546
876 803 1016 860 cunnus
1039 804 1184 859 sancus.
1541 793 1613 859 229

446 971 502 1024 me
525 956 625 1023 tecm
648 951 686 1021 tn
712 949 748 1019 tu
773 950 845 1019 otta
868 968 1006 1038 sermo,
1025 946 1115 1020 idest
1135 945 1171 1019 in
1190 944 1263 1019 vita
1280 944 1482 1040 temporali,
1500 967 1612 1039 quam

447 1074 555 1144 vocat
578 1085 747 1140 serenam
774 1065 820 1138 ad
845 1065 1084 1140 differentiam
1113 1064 1206 1137 iliius
1222 1064 1307 1137 vine
1327 1062 1510 1139 infernalis
1535 1070 1615 1136 tur·
1681 1070 1716 1111 -'

447 1187 551 1281 bide,
577 1185 640 1259 ubi
666 1192 752 1258 suut
777 1184 846 1258 sub
871 1190 1047 1279 perpetua
1072 1184 1207 1278 pluvia,
1225 1183 1319 1275 nive,
1337 1183 1533 1280 gmudine3
1557 1185 1613 1257 vet

450 1305 559 1379 habet
583 1309 790 1398 respectum
816 1303 862 1376 ad
888 1302 974 1376 iliud
1000 1309 1144 1396 tempus
1169 1308 1257 1375 tuuc
1281 1321 1451 1397 praeseus,
1478 1302 1615 1395 inquo

451 1423 585 1505 nebula
605 1421 794 1495 discordiae
810 1420 981 1494 turbabat
999 1413 1035 1511 (¹)
1056 1420 1293 1513 tranquillum
1312 1426 1446 1492 statum
1465 1419 1616 1493 Floren-

355 1532 361 1551 '
450 1542 511 1615 tioe
530 1559 613 1634 quae
630 1539 783 1615 florebat
806 1559 936 1614 serene
961 1546 1126 1632 tempore
1143 1539 1270 1613 mortis
1286 1538 1418 1632 Ciachi,
1435 1544 1477 1612 ut
1494 1539 1612 1613 statim

451 1659 611 1753 dioetur3
637 1666 674 1733 et
699 1659 861 1733 nominat
892 1679 931 1733 se
961 1658 1101 1735 dicens:
1133 1662 1191 1730 voi
1223 1661 1389 1748 mindun,
1414 1658 1504 1733 idest
1531 1659 1616 1733 Fiu-

451 1779 596 1873 rentini‚
620 1781 668 1850 nsi
690 1781 876 1852 anamma
909 1780 1045 1867 cneo,
1078 1783 1115 1851 et
1143 1784 1199 1851 est
1231 1798 1364 1853 nomeu
1388 1798 1616 1872 consequens

451 1894 516 1971 rei.
542 1895 695 1970 Ciachus
720 1896 818 1970 enim
843 1895 975 1970 dicitur
999 1895 1103 1988 quasi
1119 1895 1219 1970 ciens
1233 1888 1288 1990 (²),
1307 1895 1397 1970 idest
1413 1916 1547 1970 vocans
1564 1897 1616 1969 ci-

451 2015 532 2107 bos3
559 2020 596 2088 et
621 2013 735 2110 tangit
760 2034 909 2088 causam
926 2032 1004 2086 suoe
1020 2013 1260 2087 damnationis
1284 2013 1428 2087 dicens:
1455 2021 1489 2087 ct
1509 2018 1545 2087 io
1569 2020 1618 2087 mi

446 2136 557 2226 tacco
582 2154 606 2205 a
631 2136 668 2206 ta
687 2136 848 2226 ptoppta,
866 2132 956 2207 idest
976 2133 1125 2227 frangor
1151 2139 1188 2206 et
1209 2152 1377 2207 maceror
1393 2132 1612 2226 infirmitate,

449 2253 624 2328 continuo
656 2272 718 2327 me
748 2252 927 2326 volvendo
960 2271 1058 2325 nunc
1089 2270 1200 2344 super
1229 2271 1347 2325 unum
1376 2251 1482 2346 latus,
1516 2274 1613 2326 nunc

451 2390 561 2466 super
597 2370 719 2463 aliud3
746 2370 827 2444 ideo
864 2369 959 2443 bene
996 2389 1159 2462 rump0r‚
1197 2377 1234 2443 et
1271 2370 1443 2445 continuo
1481 2371 1614 2445 cadunt

452 2490 588 2564 imbres
614 2498 652 2563 et
681 2495 913 2583 tempestates
947 2508 1058 2583 super
1088 2509 1160 2580 me,
1194 2509 1289 2561 come
1322 2497 1356 2562 tu
1390 2493 1479 2580 oedi,
1513 2493 1617 2583 quasi

451 2610 557 2703 dicat,
583 2630 650 2682 uec
676 2610 797 2683 uetare
822 2628 971 2702 possum
997 2608 1026 2679 si
1053 2607 1196 2701 vetlem,
1216 2608 1301 2701 quia
1329 2629 1411 2683 mea
1437 2628 1543 2704 poeua
1562 2616 1615 2684 est

451 2720 710 2823 patentissima,
736 2734 772 2802 et
797 2746 884 2801 ecce
910 2746 1036 2819 quare,
1056 2747 1125 2818 per
1150 2729 1184 2798 lu
1209 2728 1369 2800 damnosa
1394 2729 1495 2820 cotun
1520 2731 1563 2801 de
1582 2733 1618 2800 Ια

453 2850 549 2936 potu,
575 2846 660 2939 quia
687 2845 782 2920 istud
807 2844 941 2919 vicium
968 2845 1175 2919 damnificet
1199 2852 1236 2919 et
1261 2852 1378 2920 vastat
1409 2866 1616 2940 personam,

454 2946 693 3037 substantiam
720 2969 757 3035 et
781 2963 928 3056 samam,
954 2969 991 3037 et
1016 2964 1197 3037 concludit
1217 2963 1381 3057 Ciachus,
1399 2972 1432 3036 ct
1446 2969 1481 3038 io
1497 2970 1617 3039 ammo

453 3085 555 3154 trista
578 3101 651 3152 non
674 3101 740 3152 son
762 3084 850 3153 soto.
876 3081 946 3154 lsta
972 3088 1027 3156 est
1052 3082 1238 3156 excusatio
1264 3083 1418 3155 tristium
1439 3073 1476 3174 (³)
1503 3091 1539 3156 et
1564 3085 1618 3155 vi-

454 3199 543 3273 tium
557 3222 567 3292 3
592 3201 652 3270 cte
675 3205 788 3289 quesn
812 3201 902 3271 ultre
925 3221 950 3270 n
965 3202 1058 3271 sinn't
1069 3219 1161 3290 persa
1177 3207 1302 3272 stanno
1310 3221 1378 3292 per
1394 3204 1487 3272 simtt
1504 3204 1614 3292 colpe.

454 3300 546 3392 Nam
571 3320 730 3419 somatum
755 3325 807 3390 est
828 3321 964 3390 munis
987 3321 1099 3389 sonos
1122 3319 1248 3390 tudere
1261 3337 1456 3409 pontonem.
1476 3320 1519 3392 Et
1537 3319 1619 3394 iacit

454 3436 564 3510 tinem
590 3440 698 3509 autor
728 3435 888 3508 sermoni
917 3436 1050 3529 Ciachi,
1075 3436 1220 3510 dicens:
1247 3431 1348 3528 epid
1379 3458 1449 3509 non
1476 3443 1530 3531 tce
1548 3460 1619 3530 pu-

452 3558 555 3628 rotu:
579 3574 660 3629 mos
683 3562 739 3628 eet
765 3556 863 3630 euim
889 3554 1151 3629 infirmantium
1178 3555 1299 3629 iacere
1328 3576 1444 3650 pauca
1470 3557 1593 3631 verba.

526 3678 567 3746 to
592 3677 618 3745 u·
647 3678 786 3766 rispust.
822 3675 892 3746 ista
924 3680 979 3747 est
1014 3674 1119 3747 tertia
1154 3695 1238 3768 pars
1269 3675 1448 3770 generatis
1479 3674 1514 3747 iu
1545 3696 1619 3767 qua

453 3799 562 3866 autor
593 3792 678 3865 iacit
706 3792 917 3888 petitionem
951 3792 1047 3865 dicto
1080 3792 1220 3886 spiritui
1254 3793 1349 3867 circa
1379 3793 1620 3867 mutationem

454 3918 568 3984 status
585 3911 790 4003 Florentia,
807 3918 844 3984 et
861 3911 981 4005 primo
995 3911 1080 3984 iacit
1093 3911 1283 3985 exordium
1303 3912 1424 3985 diceus
1435 3934 1478 3983 :o
1495 3915 1616 3984 θίασοι)

453 4032 480 4100 it
502 4037 560 4101 nto
585 4034 747 4121 wanno,
773 4029 864 4103 idest
888 4028 1010 4124 gravis
1035 4049 1155 4123 poena,
1182 4033 1230 4102 mi
1242 4051 1331 4122 pesa
1354 4023 1397 4120 si,
1424 4031 1513 4104 idest
1540 4036 1619 4103 tan-

455 4154 535 4220 tum
559 4156 690 4243 gravat
715 4169 776 4223 me
800 4149 836 4220 in
862 4149 996 4240 animo,
1015 4154 1195 4240 quantum
1218 4155 1254 4221 te
1279 4147 1314 4221 in
1340 4168 1512 4242 eorpore3
1538 4148 1620 4220 ideo

454 4264 562 4339 dicit:
588 4270 648 4339 cte
671 4289 696 4339 u
720 4271 895 4358 tuprimor
920 4288 974 4339 me
992 4270 1109 4339 'netto
1137 4268 1277 4341 Scilicet
1294 4288 1340 4341 ex
1357 4268 1617 4361 compassione,

454 4384 593 4460 ratione
618 4389 747 4480 patriae
771 4387 921 4480 pietatis.
942 4392 1013 4458 Ma.
1032 4386 1136 4459 Nunc
1154 4386 1237 4460 iacit
1253 4387 1461 4480 petitionem
1479 4393 1515 4459 et
1533 4388 1620 4479 petit

454 4504 500 4579 de
525 4506 661 4581 tribus:
687 4507 806 4602 primo
830 4506 876 4580 ad
902 4506 989 4600 quid
1010 4505 1201 4580 devenient
1221 4494 1256 4595 (⁸)
1284 4505 1382 4580 cives
1406 4505 1618 4580 Florentiae:

1482 4693 1618 4701 ——-..-

519 4802 546 4863 (⁸)
562 4801 592 4851 E.
608 4801 704 4852 ῑῠῐδίῑ·
1114 4796 1142 4859 (¹)
1159 4798 1188 4847 R
1205 4799 1352 4862 quinniens
1367 4798 1446 4850 nuos
1463 4798 1497 4848 m
1512 4801 1601 4863 tangit.

520 4875 594 4939 (¹)B.
611 4877 722 4928 tristium
738 4882 880 4940 essuperet
897 4877 995 4925 vitium.
1115 4873 1142 4935 (⁸)
1159 4879 1212 4935 tto,
1230 4876 1340 4941 venient.
