4154 6546
892 814 1033 870 currus
1058 814 1204 869 ramus.
1576 804 1618 873 tl

447 960 600 1035 modum
613 958 797 1053 loquendi,
811 959 875 1052 qui
892 958 1153 1054 pervertebant
1164 950 1202 1050 (¹)
1215 960 1432 1034 sententiam
1447 963 1574 1057 literae,
1588 971 1627 1039 et

446 1081 615 1156 dicebant
631 1078 731 1173 quod
748 1078 920 1174 Virgilius
944 1077 1140 1172 respondet
1163 1079 1286 1152 autori
1309 1099 1395 1153 cum
1414 1082 1623 1157 verecunda

447 1202 578 1294 fronte,
597 1199 812 1273 affirmans:
834 1217 905 1292 ego
930 1218 1013 1271 sum
1037 1197 1108 1290 ille,
1135 1197 1198 1290 qui
1227 1197 1398 1273 laudatus
1423 1201 1572 1275 erubuit
1586 1194 1624 1294 (²)

447 1321 618 1395 inclinato
635 1319 764 1413 capite
785 1316 868 1411 Sed,
882 1317 976 1391 sicut
996 1316 1082 1411 dixi,
1096 1317 1229 1391 Dantes
1251 1309 1349 1410 estl⁸)
1366 1319 1431 1412 qui
1449 1321 1624 1416 loquitur,

448 1460 523 1515 nou
546 1438 743 1535 Virgilius3
759 1436 841 1511 ideo
860 1437 922 1510 illa
942 1436 1118 1531 expositio
1135 1435 1223 1508 nihil
1240 1437 1347 1510 ralet
1375 1441 1518 1529 Odepli
1541 1443 1627 1513 altri
1786 1454 1790 1460 ’
1888 1517 1892 1524 ,

444 1560 549 1652 poeti
562 1557 629 1631 llio
644 1557 761 1633 butor
772 1556 857 1630 lacit
876 1575 983 1629 suam
1002 1553 1214 1649 petitionem
1228 1554 1388 1650 Virgilio,
1402 1561 1440 1630 et
1455 1556 1626 1652 implorat

450 1678 533 1772 ejus
555 1676 734 1751 auxilium
752 1675 905 1750 dicens:
940 1697 963 1747 o
994 1677 1086 1765 cept
1116 1677 1201 1747 oltrt'
1223 1679 1318 1766 poeti
1345 1696 1498 1749 errores
1522 1681 1625 1771 bote,
1741 1664 1744 1668 ’

449 1797 544 1872 idest
566 1816 590 1871 o
612 1793 727 1870 decus
750 1802 788 1869 et
812 1795 929 1890 gloria
953 1794 1110 1869 aliorum
1143 1801 1350 1890 poetarum,
1376 1798 1514 1891 supple,
1544 1798 1626 1873 lati·

450 1936 598 2010 norum,
628 1918 797 2006 ooplinmi
823 1917 852 1987 tl
880 1918 987 2006 bomo
1016 1918 1144 2006 sacto,
1177 1915 1269 1989 idest
1302 1917 1410 2013 longa
1442 1917 1626 2010 inquisitio

449 2035 620 2128 smdiosa,
637 2039 694 2109 e't
715 2037 855 2125 prorue
879 2054 1014 2125 amore,
1034 2033 1126 2108 idest
1151 2054 1285 2130 magna
1302 2025 1494 2127 dilectiol‘l
1513 2043 1550 2111 et
1570 2037 1627 2110 in-

447 2162 551 2230 tonsa
573 2153 732 2247 allectio,
757 2156 817 2227 otc
842 2156 947 2226 m'lc
968 2158 1058 2246 sotto
1082 2174 1205 2225 cercor
1221 2156 1256 2225 to
1279 2160 1337 2226 tuo
1363 2158 1508 2246 volume,
1535 2155 1628 2230 idest

448 2283 523 2351 tres
547 2281 631 2349 tuns
655 2274 768 2348 libros
791 2274 1019 2369 principales,
1040 2274 1104 2366 qui
1128 2273 1364 2348 debentesse
1380 2274 1417 2347 in
1436 2281 1499 2348 tuo
1519 2275 1627 2349 rolu-

448 2396 558 2489 mine,
584 2382 732 2490 scilicet,
759 2394 929 2468 Bucolica
945 2385 996 2486 (ὅ),
1013 2393 1203 2486 Georgica,
1223 2393 1381 2488 Eneyda.
1402 2400 1451 2466 ltr
1475 2398 1533 2467 sei.
1560 2396 1626 2470 llic

448 2519 558 2588 antor
581 2513 786 2607 coufirmat,
811 2512 1006 2587 ostendens
1030 2512 1211 2586 rationem
1236 2532 1354 2606 quare
1369 2512 1478 2587 debet
1491 2503 1529 2605 (⁶)
1554 2515 1625 2589 boc

449 2631 595 2727 iacere,
623 2631 724 2706 unde
753 2632 860 2706 dicit:
886 2633 982 2706 beno
1006 2639 1044 2705 et
1074 2630 1183 2727 digne
1216 2638 1313 2726 peto,
1338 2631 1425 2725 quia
1453 2638 1488 2703 tu
1517 2636 1567 2705 sei
1590 2636 1625 2705 to

450 2754 521 2825 utin
550 2758 716 2842 mestre,
747 2751 834 2845 quia
868 2750 1003 2824 scilicet
1028 2750 1198 2847 Virgilius
1227 2751 1369 2844 primus
1401 2751 1499 2845 apud
1528 2752 1626 2826 Lati-

449 2890 516 2947 nos
540 2870 728 2966 descripsit
751 2870 893 2966 poetice
917 2871 1022 2964 vicia,
1046 2878 1085 2944 et
1110 2871 1290 2944 viciorum
1320 2870 1512 2965 supplicia:
1543 2871 1626 2946 ideo

450 2990 582 3082 merito
614 2993 697 3086 plns
726 2991 894 3085 sequitur
925 3011 1026 3084 eum,
1054 2996 1092 3065 et
1120 2991 1376 3085 principalius:
1406 2990 1489 3066 ideo
1518 2999 1626 3067 vorat

451 3129 542 3186 eum
568 3110 800 3206 magistrum,
824 3117 863 3184 et
879 3098 917 3201 (⁷)
944 3117 1068 3184 tamen
1097 3109 1294 3203 discipulus
1322 3117 1472 3205 superat
1508 3111 1627 3207 magi·

451 3237 583 3304 strunt
609 3229 675 3305 Vel
697 3249 842 3324 expone
865 3229 1073 3327 allegorice,
1099 3228 1185 3321 quia
1211 3229 1317 3322 ratio,
1343 3248 1427 3322 quae
1458 3229 1628 3325 designa·

450 3356 515 3424 tur
530 3369 598 3445 per
611 3348 815 3446 Virgilium,
833 3354 889 3423 est
905 3349 1081 3444 magistra
1099 3347 1265 3421 bominis.
1283 3348 1327 3421 Et
1343 3354 1431 3422 nota
1452 3349 1510 3423 bic
1527 3348 1626 3442 quod

449 3470 562 3565 aliqui
586 3489 633 3545 ex
658 3471 728 3543 boc
751 3469 849 3544 dicto
874 3469 1002 3542 rolant
1024 3468 1159 3541 inferre
1177 3467 1276 3560 qnod
1293 3469 1428 3542 Dantes
1453 3489 1520 3562 pro
1546 3489 1627 3543 ma·

449 3610 524 3688 gua
547 3596 653 3685 parte
677 3589 787 3663 fuerit
811 3588 955 3661 iuratus
971 3607 994 3661 a
1011 3587 1160 3683 Virgilio
1171 3577 1221 3681 (⁸l,
1242 3588 1342 3681 quod
1365 3594 1421 3662 est
1437 3588 1628 3665 manifeste

450 3711 580 3798 taluam
605 3709 743 3803 cuique
765 3707 979 3803 intelligenti
1006 3713 1232 3800 utrumque:
1258 3708 1335 3782 imo
1354 3709 1490 3782 Dantes
1509 3729 1627 3813 pauca

451 3829 629 3925 accepite
648 3826 810 3924 Virgilio,
827 3827 902 3900 imo
922 3827 1092 3922 Virgilius
1109 3828 1216 3921 plura
1232 3828 1373 3923 accepit
1388 3829 1436 3901 ab
1454 3828 1626 3921 Homero,

451 3947 638 4025 stabaliis
648 3946 1035 4042 poetisetoratoribus
1048 3954 1124 4020 tam
1136 3947 1284 4041 Graecis,
1298 3968 1411 4041 quam
1426 3949 1572 4042 Latinis,
1585 3955 1628 4022 ut

452 4067 640 4144 evidenter
663 4064 819 4141 ostendit
843 4065 1049 4140 Macrobius
1081 4067 1209 4159 quinto
1226 4057 1264 4158 (⁹)
1290 4066 1336 4140 de
1361 4066 1626 4162 Saturnalibus,

329 4170 334 4181 '
453 4187 516 4262 un
534 4186 672 4284 detegit
689 4186 768 4260 rere
786 4185 909 4260 omna
926 4186 1023 4259 rura
1043 4186 1191 4282 Virgilii.
1209 4187 1254 4259 nt
1273 4185 1410 4259 subdit:
1436 4193 1472 4259 o
1499 4189 1629 4260 esan

404 4306 556 4398 ⁰0⁰5,
578 4309 629 4380 dc
652 4308 707 4379 cui
729 4309 765 4379 io
790 4309 869 4379 tetri
896 4310 931 4379 to
960 4307 1047 4378 betto
1073 4309 1149 4378 stile
1176 4308 1237 4378 cle
1265 4308 1483 4401 m’lrosatto
1508 4328 1629 4382 enm.

516 4553 542 4613 l'l
560 4551 587 4605 Β.
602 4560 754 4617 pervertunt
769 4557 923 4606 uniendam
939 4555 1021 4606 litero
1037 4561 1063 4605 el
1079 4556 1256 4606 dicunt-E„
1272 4561 1298 4607 cl
1315 4556 1436 4607 doentcs

514 4628 542 4687 (⁸)
558 4628 588 4679 lt
603 4630 705 4681 erubui.
802 4631 831 4693 (ἢ
847 4631 874 4681 S.
890 4637 929 4683 cst
944 4634 990 4696 qui
1005 4631 1090 4681 adbuc
1106 4631 1230 4695 loquitur.
1326 4631 1355 4694 (¹)
1371 4630 1397 4680 S.
1414 4631 1560 4681 delectatio.

514 4704 541 4764 (⁸)
558 4704 588 4755 lt
604 4705 763 4768 bucolicum,
781 4708 933 4772 reorum
949 4708 982 4757 ed
998 4707 1139 4772 Ensydam.
1325 4707 1355 4771 (⁸)
1372 4710 1427 4768 llt,
1445 4706 1545 4757 debeat.

515 4779 544 4843 Π)
559 4784 613 4843 llo,
630 4786 657 4833 et
672 4795 740 4846 rope
755 4786 842 4834 umen
859 4783 999 4847 discipulus
1014 4797 1092 4847 snpra
1107 4784 1270 4849 magistrum.

515 4854 613 4919 pirro,
630 4871 645 4907 ι
661 4857 779 4923 Virgilio,
789 4861 843 4911 imo
855 4859 979 4924 vrrgrrno
995 4861 1070 4924 prun
1087 4861 1185 4924 ncepta
1202 4861 1234 4911 u
1249 4859 1367 4912 nomm
1383 4863 1410 4910 er
1426 4859 1458 4909 an
1473 4857 1529 4909 rins
1540 4859 1629 4923 poena.
1711 4842 1714 4848 '

515 4931 543 4997 (⁸)
559 4933 590 4984 lt
605 4939 678 4987 mlo
693 4935 726 4987 da
740 4935 927 4988 Saturnalibus.
