4154 6546
797 789 834 840 Dl
859 785 1089 842 BENVENUTO·
1428 785 1526 838 xxvn

351 945 524 1016 meratam,
542 933 598 1005 sed
611 957 709 1025 super
721 956 836 1003 omnes
852 933 1003 1004 liberales
1019 955 1099 1013 esse,
1114 955 1293 1026 omnesque
1307 930 1525 1023 complexam,

351 1056 439 1150 quod
456 1065 489 1124 et
505 1055 534 1124 si
551 1052 743 1124 multimode
760 1052 890 1147 probari
908 1052 1019 1147 possit,
1036 1051 1155 1123 sufficit
1172 1062 1280 1121 tamen
1302 1051 1343 1120 ad
1360 1051 1528 1143 probatio-

351 1200 439 1258 nem,
450 1175 556 1245 Foelix
564 1172 707 1266 Capella,
718 1174 758 1243 de
766 1172 919 1242 omnihus
932 1182 1055 1264 septem
1069 1172 1191 1266 poetice
1205 1196 1306 1265 agens
1319 1173 1402 1242 sicut
1412 1171 1526 1242 nostri.

353 1298 422 1366 Nec
440 1304 473 1365 te
491 1303 622 1364 moveat
641 1291 730 1386 quod
746 1290 781 1362 in
805 1314 945 1362 numero
971 1291 1156 1361 liberalium
1177 1315 1243 1361 non
1268 1291 1320 1372 sit,
1341 1291 1427 1361 inter
1444 1313 1526 1384 quos

354 1439 461 1509 neque
479 1412 688 1507 theologiam,
715 1436 821 1506 neque
846 1411 1086 1505 philosophiam
1111 1413 1276 1495 novimus,
1302 1435 1460 1506 magnum
1480 1420 1530 1481 est

357 1538 444 1607 inter
470 1557 606 1629 magnas
631 1556 711 1617 esse,
738 1532 794 1602 sed
820 1532 982 1602 interdum
1009 1515 1240 1625 maiusexcipi
1257 1531 1339 1601 sicut
1355 1556 1374 1602 e
1391 1554 1530 1601 numero

356 1677 555 1749 magnorum
580 1653 713 1736 civium,
740 1646 901 1746 principes
926 1650 1098 1743 excipitur,
1125 1650 1275 1721 liberales
1299 1651 1432 1744 quidem
1466 1651 1528 1720 ha-

357 1772 463 1843 bitum
488 1771 646 1851 scientiam
673 1771 820 1843 humano
844 1772 999 1842 inchoant
1015 1773 1050 1843 in
1066 1772 1189 1854 animo,
1206 1771 1417 1842 innominata
1441 1771 1528 1840 inter

357 1916 422 1974 eas,
448 1891 521 1963 aliae
545 1891 736 1962 inchoatum
761 1892 934 1985 perticiunt
958 1903 991 1962 et
1015 1902 1187 1964 exornant.
1220 1895 1269 1962 De
1302 1893 1428 1986 reliquo
1462 1914 1528 1961 non

357 2023 450 2085 muto
475 2013 681 2096 sententiam,
708 2037 809 2107 quam
833 2013 868 2082 in
893 2012 1063 2083 invectivis
1088 2012 1201 2105 posui;
1229 2012 1383 2107 quicquid
1416 2023 1531 2082 contra

358 2144 470 2227 poetas
487 2135 571 2204 iuste
583 2133 713 2215 dicitur,
727 2133 879 2202 scaenicos
892 2143 995 2215 notat,
1007 2156 1149 2226 namque
1162 2132 1241 2202 dicis
1254 2134 1403 2202 Boetium
1417 2142 1532 2202 contra

359 2264 482 2350 poetas,
508 2254 566 2348 qui
591 2256 712 2324 citatur
737 2254 837 2329 testis,
864 2255 1038 2323 scaenicum
1064 2276 1129 2324 non
1155 2253 1266 2334 fuisse,
1285 2264 1318 2323 et
1337 2276 1398 2346 ego
1416 2255 1529 2334 fateor,

359 2385 393 2443 et
417 2374 587 2445 latendum
613 2398 682 2445 esse
707 2374 771 2446 viri
786 2374 873 2467 cogit
898 2376 1074 2444 auctoritas
1091 2374 1169 2468 quid
1190 2397 1279 2466 ergo,
1297 2396 1363 2443 non
1386 2373 1531 2444 scriben-

359 2507 438 2576 tem,
455 2496 512 2565 sed
537 2495 648 2565 stilum
670 2495 893 2588 philosophica
909 2505 1001 2565 notat
1017 2495 1205 2589 increpetio.
1223 2496 1303 2565 Erat
1319 2495 1406 2564 enim
1428 2494 1531 2586 stylus

360 2616 532 2709 elegiacos,
554 2615 697 2684 scaenicis
723 2615 820 2685 rebus
841 2624 874 2684 et
894 2616 1050 2684 amatoris
1070 2615 1187 2708 aptior,
1203 2614 1255 2684 hic
1272 2614 1367 2707 quasi
1382 2612 1529 2694 insciam,

360 2737 440 2832 quid
464 2735 656 2814 intenderet,
672 2735 909 2828 philosophiam
928 2735 1063 2827 lingitur
1083 2735 1233 2817 movisse,
1253 2736 1339 2805 utin
1357 2734 1458 2804 verba
1477 2732 1533 2802 illa

364 2865 604 2952 prorumperet,
617 2880 691 2950 quae
704 2856 731 2925 si
748 2879 846 2926 omne
863 2856 1038 2949 poeticum,
1052 2855 1121 2925 sine
1134 2856 1322 2950 exceptione
1335 2855 1531 2936 damnasset,

363 3001 573 3072 nequaquam
598 2976 655 3045 ille
679 2999 745 3046 non
770 2975 884 3045 doctus
910 2974 1018 3059 modo,
1045 2975 1100 3045 sed
1133 2985 1264 3045 sanctus
1290 2976 1341 3045 vir
1370 2974 1532 3068 usquein

364 3098 464 3169 finem
498 3097 615 3188 operis,
642 3107 785 3189 coeptum
810 3096 932 3189 stylum
958 3108 991 3165 et
1015 3095 1226 3166 s'caenicarum
1253 3095 1534 3165 meretricularum

363 3216 564 3287 consortium
583 3217 748 3298 tenuisset,
768 3216 871 3286 multa
889 3215 977 3285 enim
995 3239 1054 3308 per
1072 3226 1177 3285 totum
1194 3217 1318 3308 poetice
1343 3216 1428 3285 dicta
1448 3227 1535 3296 sunt,

362 3360 470 3432 neque
495 3360 608 3408 rursus
632 3336 666 3407 id
691 3336 806 3407 mirari
830 3337 993 3418 convenit,
1020 3360 1157 3430 magnos
1181 3360 1417 3431 nonnunquam
1436 3337 1535 3416 viros,

363 3483 430 3532 non
447 3457 585 3528 ridiculo
602 3466 741 3538 tantum,
756 3458 811 3527 sed
828 3458 980 3527 obscoeno
996 3459 1096 3528 etiam
1114 3481 1190 3528 usos
1206 3457 1302 3551 stylo,
1319 3457 1431 3552 qualia
1447 3468 1535 3538 sunt,

364 3580 399 3650 in
424 3578 652 3649 Saturnalibus
676 3577 732 3647 illa
758 3578 935 3657 Platonica,
953 3600 1027 3671 quae
1044 3578 1177 3648 mallem
1199 3589 1308 3647 tantus
1325 3577 1537 3670 philosophus

365 3698 526 3777 tacuisset,
548 3698 612 3767 fert
637 3697 803 3766 interdum
828 3721 932 3778 error,
957 3697 1093 3790 quidam
1113 3697 1279 3767 interdum
1296 3700 1406 3767 fervor
1422 3696 1552 3777 animi,

365 3841 432 3912 quo
457 3840 522 3886 non
548 3816 649 3896 decet,
676 3827 709 3885 et
733 3839 923 3909 quanquam
948 3839 1001 3885 res
1026 3818 1122 3886 malae
1142 3817 1217 3898 sint,
1239 3817 1343 3910 stylus
1359 3827 1469 3887 tamen
1490 3827 1539 3887 est

366 3939 483 4019 bonus,
501 3947 533 4005 et
550 3960 604 4007 ars
624 3936 936 4029 irreprehensibilis,
954 3935 981 4005 si
1003 3936 1044 4005 ad
1062 3937 1249 4006 feliciorem
1272 3939 1443 4008 materiam
1460 3963 1540 4010 con·

366 4065 526 4128 vertatur.
540 4056 593 4126 Ad
609 4056 698 4125 hunc
710 4080 790 4151 ergo
802 4057 938 4126 modum
955 4057 1090 4150 accipio,
1104 4057 1260 4150 quicquid
1273 4081 1412 4151 usquam
1426 4070 1540 4128 contra

367 4187 479 4270 poetas
504 4176 632 4259 dicitur,
659 4187 697 4248 ut
721 4188 835 4247 contra
856 4176 1008 4246 scaenicos
1033 4177 1156 4247 dictum
1190 4179 1242 4256 sit,
1273 4201 1339 4248 non
1370 4203 1391 4247 a
1422 4180 1541 4250 sanctis

366 4296 475 4378 modo,
500 4297 557 4367 sed
581 4297 623 4366 ab
643 4297 714 4390 ipso
730 4298 829 4367 etiam
849 4297 1016 4376 Cicerone,
1034 4321 1102 4390 quo
1122 4321 1219 4367 nemo
1235 4298 1330 4380 alius,
1349 4322 1415 4369 non
1433 4309 1541 4394 poeta,

368 4420 463 4510 plura
488 4441 548 4510 pro
572 4417 676 4509 poetis
700 4417 793 4496 dixit,
821 4441 880 4486 nec
907 4428 1015 4486 tamen
1041 4417 1178 4498 inficior,
1205 4419 1303 4488 etiam
1326 4421 1407 4490 alios
1432 4421 1542 4513 inepta

367 4538 529 4634 quadam,
544 4538 647 4608 immo
664 4541 768 4609 multa
785 4538 917 4619 dixisse,
930 4538 971 4607 de
988 4539 1108 4632 quihus
1125 4539 1227 4632 accipi
1244 4541 1355 4632 possit.
1373 4541 1470 4625 Quod
1495 4541 1543 4610 ais

368 4658 531 4752 scripsisse
546 4659 798 4754 Hieronymum,
813 4659 901 4753 quod
918 4659 1040 4728 scilicet
1057 4659 1243 4730 daemonum
1262 4661 1353 4731 cibus
1369 4673 1418 4731 est
1435 4687 1543 4733 sermo

369 4778 525 4872 poeticus,
552 4778 703 4851 homines
723 4779 812 4850 enim
841 4790 934 4850 erant
969 4780 1171 4851 subiacentes
1203 4782 1379 4864 erroribus,
1410 4793 1442 4853 et
1474 4806 1541 4853 non

371 4901 478 4970 solum
503 4898 652 4970 homines
678 4902 733 4971 sed
758 4901 887 4995 pagani,
914 4900 1060 4994 alioquin
1086 4902 1114 4973 si
1139 4901 1329 4994 simpliciter
1353 4903 1541 4996 accipimus,
