4154 6546
869 760 1008 816 caurus
1033 761 1199 828 Qurnrus.
1555 757 1622 822 193

450 906 741 1000 luxuriosorum,
766 926 861 979 conte
886 910 972 980 doti
996 928 1039 979 oe
1057 913 1192 999 portua
1210 908 1394 999 listornei,
1412 908 1460 983 ita
1477 912 1625 1004 quodie

448 1031 498 1101 ali
522 1026 631 1101 debet
656 1025 741 1120 poni
765 1033 851 1100 ante
876 1026 1032 1100 verbum
1059 1045 1127 1120 pro
1152 1025 1349 1120 supposito,
1371 1032 1457 1103 etit
1481 1036 1624 1122 stornei,

447 1154 539 1243 post,
565 1167 633 1242 pro
657 1145 832 1240 apposito,
857 1149 916 1218 nel
935 1147 1064 1240 sledda
1088 1154 1214 1237 tempo,
1243 1146 1378 1220 scilicet
1407 1148 1625 1226 adveniente

446 1268 580 1359 hieme,
593 1264 740 1359 quando
754 1264 934 1360 fugientes
947 1264 1062 1360 frigus
1076 1265 1214 1338 iaciunt
1231 1266 1425 1341 transitum
1441 1269 1488 1343 ad
1500 1276 1624 1365 partes

447 1384 592 1479 calidas,
617 1405 641 1456 a
665 1386 801 1456 odora
826 1387 977 1474 laruae
996 1387 1118 1474 pono,
1143 1384 1230 1477 quia
1256 1386 1417 1460 maxima
1444 1395 1498 1467 est
1523 1391 1622 1464 mul·

448 1505 565 1578 titudo
591 1504 744 1577 istorum
765 1504 946 1597 juvenum
972 1503 1256 1578 discurrentium
1282 1524 1348 1598 per
1372 1514 1557 1581 contratas
1574 1509 1624 1582 ita

448 1622 548 1717 quod
572 1623 634 1697 rix
660 1629 810 1718 possunt
834 1621 952 1696 vitari.
979 1623 1023 1694 Et
1053 1641 1126 1695 non
1156 1622 1324 1697 videatur
1356 1625 1418 1699 tibi
1450 1626 1624 1702 inconve-

449 1745 552 1819 niens
569 1743 637 1817 ista
653 1743 879 1837 comparatio
895 1749 1132 1835 sturnorum;
1146 1743 1278 1837 primo,
1295 1744 1382 1838 quia
1398 1747 1517 1820 sturni
1536 1756 1623 1821 sunt

449 1864 620 1939 animalia
645 1863 808 1961 gregalia
828 1856 879 1957 (¹),
904 1869 942 1937 et
958 1862 1009 1936 ita
1025 1868 1192 1938 amantes
1208 1883 1354 1959 semper
1370 1865 1542 1940 incedunt
1561 1888 1622 1942 so·

449 1984 543 2060 ciati.
561 1983 686 2058 Sturui
710 1989 796 2056 sunt
820 1982 1013 2075 luxuriosi,
1035 1982 1130 2056 sicut
1146 1984 1362 2059 naturaliter
1378 2004 1485 2078 aves3
1502 1988 1621 2074 sturni

448 2111 534 2178 sunt
562 2104 673 2196 loros,
699 2109 737 2178 et
767 2102 858 2178 tales
887 2107 973 2175 sunt
997 2101 1182 2195 amorosi;
1208 2103 1325 2176 sturni
1356 2110 1547 2180 transeunt
1576 2106 1622 2180 ad

449 2231 571 2320 partos
595 2223 730 2298 calidas
752 2215 790 2314 (²)
815 2241 893 2316 quo
911 2222 1011 2296 calor
1029 2221 1182 2296 lihidinis
1199 2229 1306 2297 vocat
1330 2243 1407 2319 eos,
1424 2232 1463 2299 et
1478 2225 1623 2322 lugiunt

448 2346 605 2444 frigidas,
624 2345 685 2419 ubi
705 2364 778 2419 non
797 2349 883 2417 sunt
902 2342 1076 2416 mulieres
1093 2343 1241 2436 pulcra,
1259 2350 1295 2417 et
1315 2344 1345 2417 si
1362 2345 1552 2419 inveniunt
1568 2345 1624 2420 vi-

449 2487 556 2542 neam
574 2466 719 2561 plenam
736 2463 904 2538 dulcibus
922 2462 1004 2536 uvis
1021 2462 1100 2537 sine
1116 2463 1389 2556 custodamale
1400 2467 1623 2560 populantur

449 2608 543 2664 eam.
557 2588 602 2661 llt
612 2586 774 2661 declarat
789 2583 997 2658 discursum
1010 2583 1164 2657 istorum
1181 2584 1458 2661 luxuriosorum
1475 2587 1621 2662 dicens:

449 2712 487 2783 di
497 2728 583 2800 qua,
600 2710 638 2780 di
653 2696 703 2796 d,
720 2708 758 2778 di
773 2724 828 2795 su,
845 2698 1000 2795 diuidit
1015 2723 1130 2794 mena,
1144 2704 1278 2780 scilicet
1290 2705 1351 2780 ille
1363 2711 1495 2780 ventus
1508 2706 1623 2782 libidi-

451 2827 518 2920 nis,
528 2826 616 2919 quia
628 2844 736 2899 amor
752 2823 862 2897 trahit
878 2842 1031 2918 procum
1050 2814 1177 2917 podii)
1195 2844 1327 2920 vagam
1341 2845 1447 2901 suam
1465 2826 1512 2901 ad
1528 2834 1624 2902 tem·

452 2947 565 3041 plum,
583 2944 628 3018 ad
654 2944 816 3036 hortum,
841 2942 888 3016 ad
914 2942 1058 3037 nuptias
1078 2932 1127 3034 (⁸),
1144 2942 1190 3016 ad
1211 2944 1354 3037 lunera,
1374 2945 1420 3019 ad
1446 2953 1622 3037 montem,

451 3065 499 3139 ad
515 3066 666 3156 iontem,
679 3067 716 3138 et
732 3079 972 3156 quocumque
987 3061 1044 3134 illa
1064 3061 1193 3156 pergit,
1207 3062 1329 3137 infelix
1342 3065 1509 3156 sequitur
1526 3085 1620 3140 eam.

451 3188 495 3259 lit
518 3184 602 3263 idoo
625 3184 722 3261 bene
742 3181 884 3256 subdit:
907 3184 1005 3255 nulla
1019 3201 1197 3273 speranza
1216 3184 1243 3254 li
1263 3186 1426 3276 conforto
1447 3188 1531 3275 moi,
1551 3205 1624 3258 nou

450 3308 511 3378 cde
534 3306 572 3377 di
591 3323 695 3397 pora,
720 3323 780 3375 ma
803 3304 842 3375 di
865 3305 983 3375 minor
1004 3321 1110 3393 penu,
1136 3307 1173 3374 et
1194 3302 1271 3374 vult
1288 3303 1622 3379 sententialiter-di-

450 3443 537 3498 cere
560 3421 659 3515 quod
684 3441 758 3495 non
774 3420 895 3494 solum
913 3441 987 3495 non
1004 3426 1152 3514 sperant
1173 3421 1348 3515 quietem,
1368 3421 1433 3496 sed
1450 3443 1523 3497 non
1539 3444 1623 3519 pos-

448 3549 533 3617 sunt
556 3540 789 3617 solummodo
813 3559 964 3635 sperare
989 3539 1271 3615 minorationem
1297 3560 1412 3635 penae,
1444 3545 1543 3636 quod
1567 3554 1622 3621 ost

448 3662 560 3757 peius.
586 3652 633 3734 nt
656 3660 704 3735 do
727 3660 953 3753 exemplum,
973 3668 1014 3733 ut
1031 3659 1060 3732 si
1080 3660 1162 3753 quis
1177 3651 1214 3751 (⁵)
1234 3660 1425 3738 inmundo
1446 3664 1515 3738 isto
1532 3685 1621 3739 oon·

447 3783 644 3858 damnetur
664 3779 711 3855 ad
727 3786 947 3875 perpetuum
966 3799 1156 3854 carcerem
1173 3801 1260 3854 cum
1279 3789 1380 3858 certa
1397 3804 1502 3878 pona,
1520 3793 1620 3880 puta,

448 3922 542 3998 pauo
574 3908 612 3977 et
635 3919 746 3993 aqua,
774 3906 812 3974 et
837 3918 908 3994 ego
942 3899 1061 3974 dicam
1089 3899 1137 3973 de
1167 3900 1229 3972 tali
1258 3902 1513 3998 condemnato,
1545 3906 1621 4000 ipse

448 4040 638 4117 nunquam
665 4026 783 4115 potest
806 4038 959 4114 sperare
982 4019 1250 4096 alleviationem
1271 4043 1387 4118 penae,
1409 4026 1545 4100 nedum
1564 4034 1622 4102 to·

448 4142 560 4216 talem
584 4140 849 4216 liberationem.
881 4139 957 4212 lloc
989 4145 1114 4214 autem
1146 4146 1201 4214 est
1232 4161 1364 4215 verum
1396 4144 1443 4220 de
1475 4148 1620 4222 lnlerno

510 4345 538 4407 (¹)
554 4346 585 4401 R·
601 4348 723 4413 matu,
743 4352 772 4398 at
791 4347 889 4401 laedunt
910 4348 1049 4398 transitum
1070 4348 1101 4398 ad
1124 4354 1210 4412 partas
1230 4349 1334 4410 calidas.
1351 4351 1432 4402 immo
1447 4352 1526 4402 ctiam
1543 4351 1619 4401 multi

447 4423 605 4476 contulum
619 4424 688 4476 hier
702 4437 738 4484 se,
749 4424 819 4475 uode
833 4429 948 4475 tractum
959 4429 998 4475 est
1007 4423 1073 4475 lllnd
1085 4424 1194 4474 verbum
1206 4438 1366 4489 congruum:
1379 4427 1413 4476 lta
1422 4432 1538 4477 amantes
1550 4438 1620 4476 tem·

447 4512 495 4566 ner
508 4500 633 4555 Μαι
645 4501 746 4554 mim.

508 4577 536 4641 l')
552 4580 606 4640 lit,
622 4580 707 4631 sturm
723 4584 857 4631 cuneum
873 4580 904 4633 ad
922 4584 1007 4643 parles
1023 4578 1119 4630 calidas
1134 4584 1161 4629 at
1174 4577 1278 4642 lugiunt
1294 4578 1412 4644 ltlgldm
1422 4581 1458 4630 lla
1468 4581 1578 4631 amomi
1589 4581 1620 4639 ad

506 4806 534 4867 θ)
548 4805 575 4858 S.
591 4745 692 4872 napum
707 4768 741 4859 et·
751 4809 854 4866 similla.
870 4815 897 4860 et
913 4773 1086 4874 quocumque
1098 4808 1144 4857 illa
1161 4809 1245 4872 pergit
1263 4808 1308 4859 illo
1323 4808 1420 4861 infelix.

505 4880 533 4944 Ρ)
550 4886 603 4943 lto,
620 4885 691 4948 quod
703 4884 728 4935 sl
744 4886 803 4950 quis
818 4886 845 4936 ln
860 4885 970 4937 nando.
1351 4926 1354 4932 l

580 4991 599 5036 1.
1460 4995 1486 5037 m
