4154 6546
463 792 534 860 356
860 805 1061 861 counnruu
1086 804 1235 859 manum

461 950 585 1044 remis,
597 958 635 1025 et
647 951 817 1024 omnibus
841 951 1092 1026 instrumentis
1104 952 1228 1049 nigris,
1246 957 1283 1026 et
1299 950 1507 1024 hominibus
1522 949 1633 1025 indu-

460 1069 504 1143 tis
524 1071 641 1167 nigro,
659 1070 721 1165 qui
739 1071 912 1167 dicerent⁷
927 1073 1025 1167 quod
1046 1072 1240 1147 veniebant
1255 1063 1290 1163 (⁴)
1310 1071 1356 1146 de
1373 1071 1566 1146 Occidente
1581 1071 1633 1146 de

460 1189 571 1284 ltalia,
597 1199 634 1266 et
659 1192 839 1267 referrent
863 1214 948 1266 cum
976 1194 1135 1288 planctu,
1161 1193 1260 1286 quod
1291 1192 1501 1286 imperatrix
1533 1211 1633 1265 uxor

460 1311 622 1385 Federici
649 1312 871 1408 migraverat
894 1313 941 1388 de
969 1314 1038 1388 hac
1068 1313 1160 1412 vita3
1186 1323 1224 1388 et
1254 1332 1341 1386 eum
1371 1312 1439 1385 ista
1464 1317 1544 1386 arte
1570 1331 1634 1386 se-

460 1433 564 1506 duxit
589 1432 694 1505 istam
720 1454 833 1526 quam
850 1434 998 1528 optabat
1011 1425 1047 1526 (²)
1067 1433 1215 1526 trabere,
1236 1440 1274 1507 et
1290 1432 1418 1506 habuit
1438 1438 1631 1526 tamquam

462 1551 661 1648 legitimam
688 1552 894 1648 coniugem,
915 1559 952 1627 et
972 1573 1018 1628 ex
1037 1573 1080 1627 ea
1099 1551 1226 1629 hahuit
1243 1551 1370 1645 lilium,
1390 1551 1454 1646 qui
1480 1558 1634 1626 vocatus

462 1680 517 1748 est
541 1673 736 1749 Federicus
760 1673 807 1748 de
830 1673 1029 1767 Antiochia,
1047 1674 1109 1767 qui
1127 1684 1252 1767 postea
1270 1672 1338 1747 luit
1357 1672 1553 1766 aliquando
1569 1670 1634 1744 Vi-

461 1793 584 1867 carius
608 1795 644 1867 lu
670 1795 798 1869 Tuscia
824 1815 892 1890 pro
917 1816 975 1888 eo,
999 1801 1037 1869 et
1062 1795 1129 1868 luit
1155 1795 1286 1868 missus
1310 1815 1333 1868 a
1359 1792 1531 1868 Federioo
1548 1793 1633 1867 Flo-

463 1913 619 1988 rentiam
644 1934 732 1987 cum
761 1935 817 1987 un
848 1915 1031 2009 equitibus
1059 1913 1097 1988 in
1125 1913 1325 1988 subsidium
1360 1914 1631 2010 ghibelinorum

462 2040 590 2109 contra
615 2036 802 2130 guelphos.
829 2035 1023 2111 Federicus
1047 2034 1183 2128 itaque,
1204 2034 1426 2110 utbreviter
1445 2023 1633 2126 dicamffl,

463 2160 634 2228 mortuus
662 2161 717 2229 est
739 2155 1091 2249 excommunicatus,
1109 2162 1147 2229 et
1162 2161 1204 2228 nt
1223 2154 1336 2247 aliqui
1352 2154 1535 2247 dixerunt,
1552 2152 1632 2226 sul·

465 2275 651 2350 locatusa
677 2275 843 2350 filiosuo
876 2277 1080 2369 Manlred03
1111 2281 1149 2350 et
1182 2275 1233 2348 sic
1267 2276 1363 2349 male
1396 2274 1512 2348 linivit
1543 2293 1631 2348 cum

464 2402 541 2470 tota
579 2397 690 2492 stirpe
727 2419 805 2490 sna,
842 2405 882 2470 ut
915 2397 1051 2491 patebit
1087 2397 1132 2469 lll
1157 2396 1315 2490 capitulo
1353 2395 1570 2490 Purgatorii,
1595 2401 1636 2469 et

468 2515 511 2588 lll
536 2516 708 2591 Paradisi.
739 2517 821 2590 Fuit
846 2524 969 2591 tamen
995 2516 1262 2592 valentissimus
1294 2526 1331 2591 et
1364 2515 1635 2609 potentissimus

465 2636 634 2709 domiuus
652 2635 688 2709 iu
706 2636 855 2730 mundo,
869 2643 911 2709 ut
929 2656 1026 2729 sape
1042 2636 1195 2730 dicetur,
1209 2642 1246 2710 et
1262 2635 1446 2730 praecipue
1462 2634 1554 2708 infra
1570 2654 1636 2709 ca-

445 2756 581 2869 ¹‚pitulo
606 2755 694 2828 Xlll.
721 2755 825 2830 Nunc
849 2754 894 2829 ad
924 2755 1069 2832 literam
1097 2755 1183 2833 dicit
1212 2756 1272 2830 ille
1300 2754 1493 2831 Fariuata:
1519 2757 1554 2827 to
1577 2775 1635 2828 se·

466 2880 579 2951 amado
595 2878 772 2968 Federa'co,
797 2876 915 2952 dictus
939 2883 995 2952 est
1019 2876 1200 2952 secundus
1225 2876 1271 2950 ad
1302 2875 1541 2950 differentiam
1573 2874 1634 2948 aui

465 2997 523 3071 sui
548 2997 781 3070 Barbarnssae
795 2985 845 3090 (⁸),
871 2997 933 3089 qui
960 3004 1111 3072 vocatus
1136 3003 1191 3071 est
1207 2996 1401 3071 Federlcus
1419 2995 1569 3090 primus,
1586 2993 1634 3069 de

466 3138 542 3211 quo
558 3117 668 3191 etiam
685 3117 768 3190 alibi
789 3137 885 3212 saepe
902 3117 1056 3210 dicetur,
1081 3124 1119 3191 et
1142 3117 1324 3211 praeeipne
1349 3115 1507 3209 capitulo
1525 3114 1633 3187 llVlll

466 3216 685 3347 Purgaiorli
718 3233 755 3311 de
785 3226 856 3330 qud
886 3244 999 3326 entra,
1033 3237 1124 3312 idest
1157 3237 1251 3310 intra
1284 3255 1409 3309 arcam
1445 3235 1563 3327 istam,
1594 3232 1631 3305 in

465 3378 539 3450 qua
566 3377 668 3450 sum;
694 3361 731 3430 et
756 3356 816 3430 cui
841 3378 914 3430 non
939 3355 1168 3431 sufficiebant
1194 3362 1247 3432 tot
1271 3376 1385 3450 regna
1419 3355 1454 3428 in
1484 3353 1635 3446 mundo,

467 3497 565 3550 nuuc
591 3476 684 3551 iacet
709 3475 871 3550 inclusus
895 3476 964 3549 isto
989 3496 1139 3551 carcere
1163 3496 1272 3550 caeco.
1307 3475 1436 3548 Postea
1471 3452 1650 3548 uomina?

466 3596 592 3691 alium,
619 3597 754 3672 scilicet
778 3596 999 3671 cardinalem
1025 3597 1264 3672 Octavianum
1283 3596 1329 3670 de
1345 3593 1537 3668 Ubaldiuis.
1565 3594 1637 3669 lste

466 3715 598 3790 claruit
623 3722 703 3810 post
727 3716 942 3790 Fodericum
969 3717 1010 3810 ll,
1036 3716 1170 3792 scilicet
1199 3723 1364 3810 tempore
1395 3714 1568 3790 Manlredi
1598 3724 1638 3790 et

468 3837 585 3912 Caroli
624 3836 638 3908 l
677 3836 820 3911 veteris.
860 3837 928 3910 Sed
972 3838 1030 3911 hic
1068 3836 1172 3910 multi
1210 3836 1377 3913 dubitant
1413 3842 1450 3910 et
1487 3835 1636 3910 dicunt:

468 3978 586 4050 quare
622 3955 739 4031 debeo
777 3957 858 4051 plus
895 3956 1097 4053 intelligere
1124 3958 1171 4032 de
1201 3957 1412 4051 Octaviano,
1444 3976 1556 4050 quam
1591 3954 1638 4030 de

468 4079 557 4171 alio;
593 4098 638 4152 ex
670 4098 745 4172 quo
775 4085 885 4153 autor
916 4078 1001 4151 dicit
1021 4071 1058 4169 (⁵)
1091 4079 1141 4153 ita
1173 4078 1382 4172 simpliciter
1412 4080 1480 4151 e'l
1510 4078 1638 4150 Gardt-

468 4201 561 4290 nale,
588 4198 772 4273 neminem
802 4198 1047 4273 nominando?
1078 4200 1158 4273 dico
1191 4200 1352 4274 breviter
1369 4189 1406 4292 (ὃ)
1440 4197 1539 4293 quod
1567 4219 1636 4272 an-

468 4319 716 4395 thouomaslce
740 4318 904 4413 loquitur
927 4319 974 4393 de
998 4340 1054 4413 eo,
1084 4321 1169 4413 quia
1191 4320 1259 4393 luit
1288 4321 1343 4393 vir
1372 4319 1637 4395 valentissimus

468 4446 634 4534 tempore
672 4460 753 4534 suo,
790 4460 902 4535 sagax
938 4440 1137 4534 mandax,
1170 4440 1232 4534 qui
1267 4440 1408 4515 curiam
1442 4461 1634 4516 romanam

529 4704 556 4767 (¹)
573 4705 603 4754 Ε.
620 4706 688 4768 quod
706 4706 831 4757 venirent.
842 4706 907 4756 -S.
923 4706 993 4771 quod
1009 4706 1143 4757 veniebant
1158 4707 1199 4757 ab.

528 4782 555 4842 (⁸)
571 4782 602 4833 Ε.
618 4788 752 4845 optaverat
767 4783 870 4844 habere,
887 4787 914 4833 el
930 4783 1020 4833 habuit
1034 4796 1100 4833 enm.
1262 4782 1288 4846 (⁸)
1306 4788 1359 4845 llo,
1376 4783 1540 4835 concludam·

530 4856 557 4919 (⁸)
576 4856 601 4908 S.
616 4871 632 4908 e
649 4858 679 4908 Ε.
696 4859 813 4909 Γαίοήοί
829 4859 1001 4910 liutherum.
1262 4860 1289 4923 (¹)
1306 4860 1335 4910 E.
1352 4861 1415 4911 dielt
1429 4861 1589 4923 simpliciter.

532 4935 558 4996 ρ)
575 4935 605 4984 Ε.
623 4935 744 4994 breviter,
761 4936 821 4999 qula
838 4936 887 4987 lull
905 4937 953 4986 rir.
