4154 6546
864 782 1002 840 murus
1026 784 1202 852 Quassus.
1549 774 1616 844 tea

451 927 518 1001 iilis
542 927 668 1022 puetis,
695 928 779 1019 quia
798 928 847 1002 illi
863 935 1035 1021 quatuor,
1057 929 1202 1021 scilicet,
1220 928 1414 1021 Homerus,
1435 930 1618 1022 Horatius,

449 1046 608 1139 Ovidius,
634 1053 671 1121 et
697 1045 877 1140 Lucanus,
898 1047 1086 1122 redierunt
1102 1047 1149 1121 ad
1167 1049 1289 1122 iocum
1308 1070 1419 1121 suum
1437 1048 1617 1143 floridum,

449 1167 630 1242 virentem
648 1171 685 1241 et
702 1167 939 1259 luminosum,
957 1166 1087 1260 etipse
1106 1166 1240 1241 Dentes
1260 1188 1346 1243 cum
1368 1167 1517 1264 Virgilio
1533 1189 1619 1264 per·

449 1291 631 1363 venemnt
655 1285 702 1359 ad
727 1284 929 1359 secundnm
956 1285 1136 1361 circulum
1162 1286 1306 1361 Inferni.
1327 1287 1429 1360 Unde
1449 1287 1556 1362 dicit:
1583 1291 1618 1361 tu

449 1414 541 1480 serta
562 1406 786 1498 eompaonia,
810 1405 946 1479 scilieet
978 1425 1180 1479 numerum
1199 1400 1235 1497 (¹)
1263 1426 1328 1480 sex
1354 1413 1560 1501 poetarum,
1587 1411 1619 1479 si

449 1547 564 1599 secura
586 1529 625 1598 in
649 1526 721 1615 dari,
747 1524 837 1598 idest
861 1523 1077 1597 diminuitur
1096 1514 1133 1615 (¹)
1161 1524 1197 1597 in
1222 1523 1326 1618 dnos,
1344 1525 1479 1600 scilicet
1499 1526 1618 1622 Virgi-

450 1645 540 1718 lium
570 1650 609 1718 et
637 1644 807 1735 Dantem;
833 1645 894 1714 e’t
916 1645 1015 1714 savio
1045 1645 1149 1733 duca,
1163 1652 1166 1657 '
1180 1643 1325 1736 scilicet,
1355 1643 1538 1740 Virgilius,
1565 1666 1618 1717 me

451 1784 553 1837 mena
574 1784 640 1855 per
664 1766 760 1835 altra
784 1765 856 1851 u'a,
873 1761 1008 1835 scilieet
1023 1760 1207 1835 diversam
1225 1769 1262 1837 et
1278 1764 1503 1837 contrariam
1523 1784 1619 1859 prae-

450 1882 565 1956 dietm
591 1881 676 1956 ideo
699 1880 807 1955 dicit:
832 1882 1003 1953 nevam
1022 1881 1083 1952 cte
1099 1888 1224 1971 trorum
1240 1882 1342 1974 idest,
1360 1882 1397 1955 in
1414 1883 1615 1957 seeundum

449 2000 642 2092 circulum,
656 2000 720 2073 ubi
733 1998 857 2074 tremit
868 2018 935 2073 aer
946 2005 1095 2093 propter
1112 2001 1390 2097 repugnantiam
1409 2008 1617 2095 ventorum,

450 2125 491 2193 ut
512 2117 649 2213 patebit
673 2118 711 2190 in
735 2119 902 2211 sequenti
922 2118 1091 2212 capituto.
1108 2119 1172 2194 Vel
1189 2119 1392 2194 secundum
1410 2120 1519 2194 aliam
1538 2122 1619 2195 tite·

449 2256 542 2332 ram,
567 2258 611 2310 ue
635 2241 765 2311 ima-a
777 2262 792 2330 ;
817 2243 872 2312 est
901 2244 1025 2311 tamen
1058 2238 1187 2313 eadem
1219 2240 1407 2314 sententia.
1435 2240 1478 2313 iit
1509 2241 1616 2316 dicit:

445 2361 530 2450 tuor
548 2359 592 2430 de
611 2360 649 2429 ta
670 2363 784 2448 quatu,
810 2356 901 2431 idest
925 2363 1030 2430 extra
1055 2376 1182 2432 aerem
1210 2358 1268 2434 vei
1292 2380 1425 2434 auram
1453 2362 1617 2453 quietam

448 2472 608 2570 predicti
632 2475 772 2570 circuti,
797 2476 861 2549 uhi
886 2496 960 2550 non
985 2482 1041 2551 est
1064 2484 1188 2552 motus
1204 2498 1273 2553 nec
1289 2499 1395 2574 pena,
1413 2503 1432 2553 e
1449 2501 1560 2570 venato
1579 2484 1617 2552 in.

442 2603 562 2687 pate,
585 2614 650 2668 ow
664 2614 738 2668 aton
753 2593 790 2668 ὼ
805 2597 866 2667 cte
881 2598 972 2687 itm,
990 2596 1076 2689 quia
1093 2597 1228 2672 scilieet
1248 2597 1477 2674 dimittebant
1493 2601 1616 2673 iocum

449 2712 539 2791 ineis
569 2721 608 2790 et
638 2715 823 2807 claritatis,
856 2722 894 2789 et
922 2716 1117 2790 veniebant
1149 2717 1196 2790 ad
1232 2719 1354 2792 iocum
1389 2720 1552 2794 tenebre
1582 2727 1618 2793 et

450 2831 690 2907 obscuritatis.

509 3078 539 3142 (Ἰ
555 3083 609 3139 tto.
624 3093 763 3133 nutam
772 3088 923 3135 noeuorum
934 3096 987 3136 sex.
998 3112 1025 3123 -
1038 3085 1064 3136 a
1076 3099 1215 3137 numerum
1224 3088 1294 3152 quod
1304 3100 1409 3139 armus
1418 3101 1462 3140 sax
1474 3095 1619 3153 poetarum.

512 3155 540 3221 ζ’)
555 3155 581 3207 8.
597 3156 736 3209 dinnittitnr
750 3159 777 3211 iu
792 3159 867 3211 duos.
