4154 6546
793 826 931 882 usuros
956 828 1113 884 uncinus
1137 830 1282 885 sursus.
1557 817 1626 885 533

455 976 578 1044 neltus
598 971 759 1064 Latinus,
777 971 864 1064 quia
892 978 932 1044 ut
956 972 1095 1047 dictum
1116 980 1182 1068 est,
1201 975 1336 1048 Dantes
1348 975 1427 1068 jam
1445 993 1485 1048 se
1502 974 1629 1050 firma-

454 1096 575 1184 verat;
592 1091 658 1185 ipsi
672 1110 762 1165 vero
781 1111 852 1164 non
870 1098 1040 1187 poterant
1057 1095 1258 1188 retardare,
1276 1100 1354 1166 tum
1375 1093 1461 1187 quia
1479 1095 1628 1169 babuis-

453 1219 535 1286 sent
558 1211 803 1304 asperrimum
818 1202 855 1302 (¹)
883 1212 1090 1286 martirium
1109 1214 1237 1287 stando
1254 1234 1321 1307 pro
1337 1204 1375 1304 (¹)
1395 1213 1628 1288 multitudine

453 1330 699 1424 flammarum,
728 1330 789 1403 ubi
808 1331 909 1424 prius
930 1332 1113 1407 habebant
1130 1349 1302 1427 asperum
1325 1332 1527 1425 currendo;
1546 1339 1626 1405 tum

452 1448 563 1522 etiam
584 1450 670 1543 quia
689 1449 784 1524 sorte
801 1457 927 1545 postea
944 1437 1126 1526 stetissent
1143 1472 1209 1547 per
1227 1458 1377 1526 centum
1395 1472 1510 1525 annos
1527 1451 1626 1546 quod

452 1588 526 1641 nou
551 1569 752 1663 potuissent
777 1571 955 1664 repellere
980 1571 1147 1645 flammas
1171 1592 1192 1645 a
1220 1591 1270 1664 se,
1297 1572 1391 1644 sicut
1410 1571 1548 1646 dictum
1571 1578 1627 1646 est

452 1687 489 1759 in
514 1688 733 1782 praecedenti
767 1689 944 1783 capitulo:
976 1690 1245 1765 adinvenerunt
1272 1710 1361 1786 ergo
1386 1689 1625 1765 artificiosum

454 1807 605 1880 modum
632 1828 707 1901 quo
733 1807 976 1901 loquerentur
1000 1829 1139 1903 secum,
1157 1816 1195 1883 et
1215 1810 1337 1882 minus
1363 1809 1625 1885 laederentura

452 1928 619 2021 flammis,
634 1934 815 2021 quantum
829 1929 997 2023 possibile
1010 1936 1090 2004 erat
1104 1931 1165 2004 eis.
1180 1929 1378 2025 (ceperunt
1390 1930 1487 2004 euim
1508 1951 1624 2003 unum

453 2048 688 2142 tripudiolum
704 2040 740 2141 (³)
755 2070 822 2144 per
835 2049 932 2143 qnod
959 2050 1155 2124 volvebant
1176 2070 1216 2125 se
1238 2049 1412 2124 continuo
1435 2049 1471 2121 in
1488 2050 1625 2144 girum,

450 2175 487 2243 et
512 2168 691 2242 saltabant
716 2169 764 2241 ibi
788 2188 900 2262 penes
919 2189 1096 2264 aggerem
1114 2168 1296 2262 loquendo
1313 2189 1399 2242 curn
1417 2175 1566 2261 autore3
1588 2174 1625 2243 et

451 2288 509 2362 bic
537 2293 592 2362 est
625 2307 754 2361 sensus
768 2275 805 2377 (⁸)
836 2286 976 2360 subtilis
1008 2287 1178 2381 liberalis,
1205 2288 1267 2361 sod
1295 2295 1351 2362 est
1375 2288 1470 2361 alius
1496 2307 1625 2361 sensus

450 2407 706 2480 subtilissimus
732 2406 896 2500 moralis;
923 2407 1022 2480 uude
1048 2408 1131 2481 volo
1156 2408 1255 2501 quod
1281 2409 1340 2482 hic
1358 2413 1462 2481 notes
1480 2408 1623 2502 melius,

449 2526 549 2621 quod
573 2537 683 2602 autor
708 2525 789 2601 ideo
815 2526 917 2623 fingit
942 2527 1028 2601 istos
1054 2529 1175 2602 lacere
1202 2535 1323 2602 rotam
1349 2529 1394 2602 ad
1422 2547 1626 2622 repraesen-

335 2677 337 2682 ·
450 2647 602 2721 tandum
620 2667 752 2720 eorum
773 2667 866 2742 opus
886 2647 1115 2743 nepharium.
1130 2649 1221 2722 Rota
1243 2668 1405 2742 namque
1423 2669 1495 2722 non
1514 2648 1624 2721 babet

448 2766 666 2862 principium
701 2785 824 2859 neque
854 2766 984 2860 linem,
1011 2767 1092 2841 ideo
1127 2768 1221 2842 bene
1259 2768 1395 2864 figurat
1432 2768 1621 2842 luxuriam

449 2885 603 2959 istorum
629 2885 891 2978 detestabilem,
918 2907 1002 2980 qua>
1029 2908 1101 2960 non
1127 2889 1237 2962 habet
1261 2888 1479 2982 principium
1506 2910 1529 2962 a
1556 2909 1623 2962 na-

449 3013 546 3100 tura,
563 3025 686 3098 neque
705 3005 817 3080 linem
843 3007 943 3100 ponit
963 3007 999 3078 in
1018 3013 1170 3100 natura;
1192 3028 1213 3080 a
1232 3013 1365 3081 natura
1382 3006 1530 3101 quidem
1549 3028 1622 3081 non

448 3125 559 3199 habet
590 3124 820 3220 principium,
847 3126 934 3219 quia
964 3132 1090 3200 contra
1125 3134 1297 3200 naturam
1324 3134 1391 3201 est.
1419 3128 1504 3201 ldeo
1529 3128 1623 3202 bene

448 3245 693 3342 Hieronymus
710 3245 908 3338 dicitquod
935 3245 991 3318 isti
1014 3246 1104 3320 tales
1120 3252 1231 3320 erunt
1248 3247 1342 3320 muti
1359 3247 1395 3319 in
1412 3248 1471 3322 die
1483 3248 1622 3344 judicii,

448 3366 535 3459 quia
561 3366 699 3439 nullam
726 3372 900 3459 poterunt
924 3365 1046 3439 lacere
1071 3367 1360 3461 excusationem,
1379 3369 1472 3441 sicut
1488 3369 1548 3442 alii
1566 3371 1624 3443 lu·

449 3486 588 3560 xuriosi
621 3486 683 3580 qui
715 3485 920 3580 puniuntur
946 3492 1052 3559 entra
1077 3486 1275 3581 civitatem,
1301 3489 1388 3581 quia
1413 3489 1624 3565 babuerunt

447 3626 621 3702 magnam
655 3604 923 3679 inclinationem
955 3626 977 3679 a
1013 3612 1146 3680 natura
1179 3607 1226 3681 ad
1252 3608 1438 3703 mulieres,
1465 3609 1560 3683 sicut
1584 3615 1623 3683 et

315 3732 318 3736 ’
447 3731 582 3802 caetera
594 3725 766 3800 animalia
783 3725 999 3800 naturaliter
1017 3725 1239 3800 inclinantur
1255 3748 1322 3822 pro
1340 3728 1620 3804 conservatione

447 3868 524 3922 suae
550 3848 692 3943 speciei.
726 3847 801 3921 Nec
832 3853 974 3942 ponunt
999 3847 1110 3921 linem
1136 3839 1299 3940 suuml⁵l
1325 3869 1348 3923 a
1373 3856 1518 3943 natura,
1546 3849 1622 3924 imo
1643 3930 1647 3967 Ι

447 3966 642 4042 destruunt
667 3987 761 4061 opus
778 3972 921 4040 naturae
938 3973 976 4041 et
992 3967 1154 4042 fructum
1174 3969 1431 4064 generationis,
1450 3990 1525 4063 quo
1541 3971 1619 4044 solo

447 4092 672 4182 propagatur
696 4105 813 4181 genus
838 4086 1056 4160 humanum.
1083 4087 1168 4162 ldeo
1194 4088 1289 4162 bene
1313 4089 1490 4185 scriptum
1516 4096 1618 4164 esta

447 4207 621 4281 Suetonio
646 4207 691 4279 vl
716 4206 762 4280 de
788 4207 849 4279 llll
876 4206 1090 4301 Cesaribus,
1117 4208 1215 4303 quod
1241 4229 1327 4283 cum
1355 4209 1415 4283 ille
1439 4210 1619 4302 nequissi-

447 4346 531 4399 mus
561 4325 659 4400 Nero
692 4325 938 4420 impurissima
970 4326 1076 4402 belva
1089 4318 1127 4418 (θ)
1160 4335 1304 4405 teneret
1328 4328 1473 4425 publice
1499 4350 1616 4403 unum

445 4468 604 4544 puerum
630 4446 725 4521 iuter
750 4467 872 4540 crura,
899 4446 989 4519 dixit
1013 4448 1162 4541 quidam
1189 4455 1227 4523 et
1251 4449 1361 4523 bene:
1387 4448 1416 4522 si
1438 4449 1618 4523 Domitius

445 4574 549 4664 pater
574 4567 685 4641 talem
720 4587 877 4641 uxorem
904 4567 1091 4642 habuisset
1115 4568 1210 4643 bene
1235 4574 1413 4663 ageretur
1437 4589 1524 4642 cum
1550 4588 1618 4643 na·

1003 4715 1312 4723 ——..-—.——
1374 4716 1616 4726 ------—-—-.

506 4784 534 4846 l'l
551 4782 582 4832 B·
599 4783 768 4845 upenonm.
1070 4781 1098 4843 ι’)
1114 4783 1145 4832 Ε.
1162 4796 1209 4846 per
1226 4782 1430 4833 mulutuouom.

508 4858 535 4922 θ)
552 4864 607 4921 llo,
625 4859 777 4923 tripudium.
1072 4860 1099 4922 (⁸)
1114 4859 1141 4911 S.
1157 4873 1246 4910 sensus
1263 4858 1453 4910 subtilissimus.

505 4934 533 4999 Ρ)
549 4935 580 4987 Β.
597 4949 674 4986 mum
689 4936 717 4986 in
732 4941 835 4986 natura.
1072 4936 1100 5001 Γ)
1115 4936 1142 4988 s.
1158 4936 1247 4988 butu.
