4154 6546
452 775 522 843 532
851 788 1054 845 cousuruu
1079 789 1232 842 murrum

450 931 586 1006 taceret
621 932 720 1026 quod
754 932 939 1027 petebant,
977 933 1063 1027 quia
1098 933 1245 1008 lucrant
1277 934 1444 1010 homines
1482 956 1628 1032 magne

449 1051 637 1147 probitatis
670 1061 707 1127 et
738 1053 941 1148 prudentiae
973 1053 1009 1127 in
1036 1053 1186 1140 mundo.
1213 1053 1305 1129 Dicit
1329 1074 1420 1151 ergo
1445 1059 1632 1130 autorzil

448 1175 518 1245 mio
548 1173 679 1264 dottor,
713 1173 850 1247 scilicet
883 1172 1065 1270 Virgilius,
1093 1173 1157 1267 qui
1189 1193 1250 1247 me
1284 1173 1439 1248 docebat
1465 1175 1501 1248 in
1527 1174 1630 1250 omui

447 1312 535 1367 casu
562 1293 648 1387 quid
674 1294 851 1369 haberem
876 1314 1001 1391 agere,
1019 1297 1156 1367 dottase
1173 1297 1279 1385 altor,
1297 1292 1390 1368 idest
1406 1293 1568 1370 firmarit
1588 1315 1629 1371 se

447 1418 535 1485 tuno
566 1413 614 1486 ad
640 1414 923 1508 expectandum,
950 1424 992 1489 ut
1020 1413 1156 1488 Dantes
1187 1414 1250 1506 qui
1282 1415 1509 1508 sequebatur
1538 1435 1627 1490 eum

447 1533 612 1608 similiter
638 1555 678 1608 se
703 1535 872 1609 firmaret
896 1541 934 1609 et
951 1540 1172 1629 expectaret.
1201 1533 1303 1609 Unde
1328 1541 1416 1610 nota
1442 1536 1541 1630 quod
1557 1557 1629 1611 au-

448 1660 507 1727 tor
533 1675 645 1750 supra
662 1654 731 1727 luit
747 1655 893 1728 locutus
910 1674 997 1728 cum
1020 1674 1081 1728 ser
1098 1655 1277 1729 Brunetto
1294 1653 1518 1730 ambulando
1538 1676 1629 1731 oon·

450 1772 563 1867 tinuo‚
591 1773 678 1866 quia
703 1774 856 1848 contulit
882 1793 1011 1847 secum
1038 1772 1085 1847 de
1111 1773 1265 1847 materia
1283 1773 1394 1867 lacili;
1408 1794 1495 1847 cum
1513 1767 1628 1868 illisl¹l

450 1914 541 1968 vero
567 1895 645 1967 vult
670 1894 771 1987 loqui
792 1893 933 1988 stando,
952 1894 1040 1988 quia
1056 1893 1166 1967 habet
1184 1894 1306 1968 lacere
1323 1894 1493 1970 subtilem
1513 1895 1631 1971 fictio-

451 2034 549 2108 nem,
576 2020 617 2087 ut
642 2013 713 2087 cito
739 2013 886 2108 patebit.
914 2013 1007 2087 Dicit
1032 2033 1147 2108 ergo:
1174 2035 1193 2085 e
1217 2015 1311 2086 votae
1334 2016 1363 2086 il
1386 2016 1461 2087 viso
1484 2036 1546 2087 ver
1562 2036 1630 2107 nte,

452 2136 539 2229 quia
572 2134 708 2209 scilicet
738 2133 968 2229 praecedebat
1001 2154 1075 2229 me,
1108 2156 1127 2206 e
1159 2136 1274 2206 dasne:
1299 2154 1344 2205 or
1368 2141 1513 2229 ospello,
1539 2138 1632 2207 etse

451 2259 551 2328 truole
566 2277 660 2328 esser
677 2258 803 2328 corten·
820 2277 844 2327 n
861 2263 1013 2346 costoro,
1028 2254 1114 2348 quia
1132 2254 1283 2327 luerunt
1300 2253 1368 2328 viri
1386 2254 1576 2328 clarissimi
1588 2245 1626 2346 (²)

452 2382 489 2449 et
514 2374 766 2467 valentissimi3
790 2381 913 2449 tamen
929 2365 966 2466 (Β)
995 2382 1082 2450 nota
1108 2375 1206 2468 quod
1228 2373 1399 2470 Virgilius
1425 2376 1504 2448 vult
1530 2374 1629 2468 quod

453 2501 579 2569 utatur
606 2495 812 2570 curialitate
838 2516 929 2591 erga
954 2495 1053 2588 istos,
1079 2501 1205 2569 tamen
1222 2494 1300 2568 sine
1318 2493 1527 2589 praeiudicio
1544 2515 1626 2586 suo,

454 2614 551 2688 unde
576 2635 651 2687 non
678 2615 757 2687 vult
775 2613 875 2707 qnod
892 2613 1002 2687 vadat
1018 2615 1064 2687 ad
1081 2634 1121 2688 se
1138 2614 1406 2688 incendendum
1423 2635 1490 2708 pro
1510 2614 1562 2688 eis
1577 2601 1628 2704 (⁸).

452 2740 485 2807 E
515 2737 550 2806 io
582 2736 709 2806 diceret·
741 2735 801 2804 cte
832 2736 869 2805 ln
897 2737 1006 2826 sretla
1036 2740 1140 2805 stesse
1170 2736 1295 2824 meglio
1325 2754 1350 2804 a
1375 2739 1406 2806 lc
1429 2734 1518 2805 clt’a
1555 2735 1628 2823 lor,

453 2852 558 2947 quasi
583 2851 700 2926 dicat:
728 2852 1004 2927 convenientius
1029 2858 1125 2927 esset
1151 2852 1250 2945 quod
1268 2858 1308 2926 tu
1326 2851 1566 2927 descenderes
1582 2851 1630 2927 de

451 2992 602 3070 aggere,
623 2970 659 3046 et
676 2971 749 3045 ires
774 2992 861 3045 cum
887 2972 1093 3047 festinantia
1118 2971 1266 3046 obviam
1284 2972 1349 3065 eis,
1366 2973 1460 3045 sicut
1477 2971 1543 3067 ipsi
1562 2992 1626 3046 ve-

452 3092 558 3165 niunt
589 3090 801 3165 festinanter
835 3112 966 3166 versus
1000 3099 1048 3185 te,
1082 3097 1124 3164 ut
1154 3091 1205 3166 sic
1237 3097 1433 3186 praestares
1464 3091 1517 3165 eis
1549 3091 1632 3186 plus

453 3211 613 3305 honoris,
628 3210 723 3284 sicut
747 3210 832 3284 lacit
857 3210 977 3284 minor
999 3210 1148 3304 maiori3
1166 3232 1202 3283 se
1217 3231 1290 3282 non
1304 3213 1399 3302 fosse
1417 3213 1445 3282 tl
1459 3214 1541 3303 foco
1558 3212 1632 3301 cte,

452 3331 544 3407 idest
570 3351 695 3425 quem,
722 3334 758 3403 lo
783 3337 914 3402 natura
938 3333 996 3403 del
1020 3333 1096 3403 loco
1121 3337 1245 3420 sceda,
1263 3328 1355 3403 idest
1372 3329 1503 3405 emittit
1518 3350 1632 3424 supra

453 3452 540 3526 istos
576 3450 639 3544 qui
670 3450 839 3524 lecerunt
872 3457 1001 3524 contra
1027 3460 1213 3543 naturam,
1239 3469 1322 3542 quae
1336 3440 1372 3541 (ὅ)
1400 3454 1533 3523 natura
1559 3449 1630 3523 loci

447 3573 635 3668 jaculatur
652 3571 725 3644 tela
743 3576 779 3644 et
796 3569 946 3665 sagittas
973 3568 1115 3665 ignitas,
1136 3588 1221 3662 quae
1241 3568 1291 3642 ita
1308 3573 1418 3642 acute
1435 3567 1632 3642 vulnerant

453 3690 623 3766 membra
650 3689 886 3763 miserorum.
900 3691 1204 3763 -Ricomincian
1230 3689 1336 3761 Nunc
1348 3694 1458 3762 autor
1474 3686 1632 3763 ostendit

454 3811 653 3906 quomodo,
679 3810 755 3904 ipso
781 3816 819 3884 et
844 3808 993 3904 Virgilio
1019 3807 1295 3902 expectantibus
1309 3798 1360 3900 (⁰),
1386 3808 1434 3880 illi
1462 3813 1536 3883 tres
1561 3808 1633 3884 ite-

456 3953 540 4004 rum
567 3930 767 4003 clamantes
795 3928 961 4003 lecerunt
986 3926 1107 4000 subito
1132 3927 1178 4002 de
1203 3948 1243 4002 se
1268 3948 1382 4001 uuam
1409 3934 1528 4001 rotam
1553 3928 1632 4003 sivo

453 4050 645 4127 circulum.
667 4047 721 4121 Ad
738 4047 843 4122 cuius
861 4047 1135 4143 intelligentiam
1153 4048 1236 4123 volo
1251 4036 1288 4140 (⁷)
1312 4054 1348 4122 te
1371 4048 1466 4122 bene
1489 4056 1632 4145 notare,

454 4169 554 4264 quod
570 4175 680 4243 autor
698 4173 823 4241 noster
842 4166 925 4241 lacit
942 4167 1001 4240 hic
1018 4167 1189 4243 subtilem
1207 4174 1244 4242 et
1261 4167 1495 4244 artificiosam
1512 4168 1632 4245 lictio·

455 4310 541 4364 nem
576 4287 693 4361 nimis.
730 4287 790 4360 lsti
824 4286 923 4361 enim
952 4287 1099 4383 spiritus
1124 4308 1198 4361 non
1222 4293 1393 4383 poterant
1417 4287 1518 4383 loqui
1543 4309 1631 4363 cum

455 4409 571 4484 Dante
599 4406 823 4482 ambulando
849 4406 928 4503 pari
953 4428 1063 4501 passu
1088 4428 1228 4501 secum,
1254 4407 1349 4484 sicut
1374 4409 1510 4484 lecerat
1534 4410 1633 4485 Bru·

1525 4576 1633 4587 -—

515 4679 544 4740 (¹)
560 4678 591 4728 E.
607 4690 623 4727 a
640 4681 694 4736 llo,
712 4677 776 4727 lstls.
1121 4674 1149 4737 (¹)
1165 4673 1196 4723 B.
1211 4686 1227 4723 ο
1243 4671 1269 4723 S.
1286 4672 1458 4723 curiaDuimt.

515 4751 543 4816 (Ἴ
559 4753 590 4804 E
605 4754 675 4803 unde
690 4758 761 4805 nota.
1121 4751 1148 4812 (⁸)
1166 4754 1220 4810 116,
1236 4751 1281 4810 cis,
1298 4762 1379 4813 quaro
1395 4749 1490 4799 subdit.

517 4831 545 4894 ι’)
561 4835 616 4892 llo,
633 4831 701 4895 qun.
1121 4826 1148 4890 ρ)
1164 4830 1218 4886 llo,
1234 4827 1417 4890 spectamus.

516 4907 543 4969 (i)
558 4907 584 4958 S.
601 4907 662 4958 volo
678 4912 703 4959 te
719 4909 786 4959 sclrc
803 4907 882 4973 quod.
