4154 6546
762 811 902 865 caurus
928 809 1073 864 rnruus.
1457 801 1501 870 ll

333 952 452 1047 ipsum
468 953 552 1047 plus
564 952 695 1027 ceteris
707 953 803 1028 teris.
818 953 910 1028 Dicit
929 973 1035 1049 ergo:
1054 962 1185 1050 questa,
1198 956 1333 1030 scilicet
1346 962 1441 1051 lupa,
1459 965 1508 1034 mi

329 1094 437 1166 porse
448 1080 544 1146 tanto
560 1075 598 1145 di
612 1093 794 1163 provenza
813 1094 879 1146 con
895 1077 932 1146 ln
945 1094 1066 1166 paura
1081 1077 1235 1147 cb’usn'a
1252 1079 1290 1149 dt
1311 1098 1378 1149 sua
1403 1081 1505 1171 cista,

331 1194 422 1266 clt’io
443 1195 571 1285 perdet
594 1195 631 1264 lo
654 1213 832 1285 speranza
857 1195 1111 1286 dellaltezzo;
1137 1195 1241 1287 quasi
1273 1195 1379 1290 dicat,
1404 1198 1505 1291 qrrod

331 1312 521 1409 desperavi
546 1331 652 1407 posse
675 1311 874 1386 ascendere
898 1333 964 1407 per
988 1312 1217 1387 altitudinem
1243 1317 1387 1410 montis,
1414 1317 1505 1392 idest

331 1430 487 1506 virtutis.
504 1432 550 1504 Et
565 1430 624 1505 bic
640 1437 726 1505 nota
742 1430 842 1524 quod
858 1437 968 1504 autor
992 1432 1138 1526 proprie
1164 1432 1266 1529 lingit
1290 1436 1390 1528 quod
1414 1457 1504 1511 ava-

334 1550 415 1625 ritia
439 1550 545 1624 daret
568 1549 634 1623 sibi
655 1551 737 1644 plus
757 1550 914 1643 timoris;
940 1550 1092 1624 timebat
1116 1551 1226 1644 enim,
1245 1553 1275 1625 si
1298 1554 1503 1630 dimittebat

333 1674 371 1743 et
395 1669 589 1764 spernebat
608 1668 760 1762 divitias,
785 1668 919 1743 cadere
940 1669 978 1741 in
999 1669 1157 1764 inopiam
1180 1678 1218 1745 et
1238 1679 1450 1768 egestatem,
1465 1681 1502 1748 et

331 1807 399 1883 per
423 1807 650 1882 comaquens
675 1787 712 1860 in
737 1787 941 1862 irrisionem
960 1781 1009 1880 (¹).
1036 1788 1137 1863 Unde
1162 1790 1368 1864 luvenalis:

478 1951 539 2022 Nil
559 1949 661 2022 babet
681 1951 805 2044 infelix
824 1957 1019 2050 paupertas
1043 1954 1165 2024 durius
1188 1955 1227 2025 tn
1250 1975 1300 2045 se,

480 2072 592 2157 θιιαηι
617 2072 711 2161 qood
733 2071 899 2142 ridiculos
922 2072 1076 2143 bonanae
1098 2074 1190 2163 facit.

328 2254 494 2328 Timebat
527 2254 833 2349 erubescentiam,
871 2255 958 2348 quia
991 2256 1021 2329 si
1054 2275 1194 2350 pauper
1226 2257 1326 2351 petit,
1363 2257 1500 2332 mbore

328 2372 572 2467 confunditur,
602 2373 730 2447 sinon
754 2374 854 2468 petit,
880 2381 1043 2469 egestate
1071 2376 1310 2449 consumitur.
1342 2381 1375 2449 Ε
1405 2379 1497 2468 qual.

327 2492 392 2566 llic
415 2499 526 2567 autor
550 2491 929 2567 concluditclrectum
955 2492 1058 2566 istius
1082 2493 1223 2568 timoris
1252 2515 1317 2588 per
1348 2514 1499 2589 compa·

328 2612 508 2687 rationem
533 2613 700 2706 pulcram
731 2619 768 2687 et
796 2613 981 2707 propriam
1011 2614 1238 2707 mercatoris,
1263 2616 1327 2708 qui
1352 2636 1416 2710 spe
1440 2615 1499 2689 lu-

326 2732 450 2806 crandi
474 2752 562 2806 cum
588 2732 685 2806 vadit
708 2752 776 2828 per
800 2739 938 2807 terram
959 2739 996 2807 et
1017 2753 1132 2826 marc,
1153 2733 1307 2807 incurrit
1326 2736 1498 2829 latrones,

326 2851 472 2945 piratas,
497 2852 556 2925 vel
581 2851 761 2945 scopulos,
782 2856 848 2925 aut
871 2850 984 2924 alium
1010 2872 1138 2926 casum
1158 2852 1362 2947 fortuitum,
1380 2854 1498 2947 quiin

326 2969 496 3043 omuibus
521 2969 800 3065 cogitationibus
824 2971 900 3043 suis
925 2970 1090 3065 deplorat
1106 2971 1347 3045 infortunium
1373 2993 1497 3065 suum,

326 3094 364 3161 ct
387 3088 486 3162 dolet
509 3088 722 3183 expendisse
751 3094 805 3162 tot
834 3089 978 3164 labores
1006 3096 1044 3163 et
1073 3095 1241 3184 sumptus
1272 3090 1308 3162 in
1333 3111 1497 3185 vanum3

325 3208 607 3302 propterquod,
633 3208 773 3303 perdita
798 3228 873 3302 spe,
890 3207 1037 3281 dimittit
1061 3207 1131 3281 iter
1156 3207 1368 3301 incoeptum.
1396 3211 1448 3283 lta
1473 3229 1496 3283 a

325 3327 431 3401 simili
444 3333 553 3402 autor
568 3328 695 3402 dolens
711 3327 924 3423 expendisse
941 3332 995 3400 tot
1013 3346 1123 3400 curas
1139 3332 1177 3400 et
1193 3327 1343 3422 vigilias,
1355 3328 1496 3422 perdita

323 3468 388 3544 spe
411 3447 646 3543 perveniendi
662 3438 701 3539 (¹)
725 3446 772 3521 ad
797 3445 908 3520 linem
934 3466 1057 3539 suum,
1076 3445 1292 3542 urgentibus
1312 3447 1380 3521 illis
1396 3447 1493 3542 ieris,

322 3567 525 3643 dimittebat
549 3566 620 3640 iter
643 3567 843 3661 inooeptum
869 3572 1024 3662 etopus
1049 3566 1272 3660 inchoatum,
1298 3573 1336 3641 et
1363 3568 1495 3662 paula·

323 3686 387 3761 tim
418 3686 618 3761 reclinabat
630 3676 668 3778 (³)
694 3685 741 3759 ad
762 3686 893 3760 vallem
913 3685 1102 3760 viciomm.
1123 3685 1228 3759 Nunc
1253 3693 1424 3762 construe
1449 3689 1494 3761 li·

322 3812 440 3882 teram
465 3805 536 3879 sic:
556 3826 576 3877 e
594 3808 632 3877 ln
647 3805 754 3877 bestia
773 3825 883 3877 senza
894 3826 996 3896 pace,
1013 3805 1104 3879 idest
1122 3805 1286 3899 avaritia,
1304 3826 1388 3898 qure
1408 3806 1493 3882 iacit

321 3924 487 4001 animum
505 3913 544 4016 (⁴)
570 3923 858 4018 impausabilem‚
884 3923 1101 4017 inquietum,
1119 3926 1168 3996 mi
1188 3928 1261 4016 fece
1286 3927 1348 4015 tat,
1368 3929 1453 4016 qual
1475 3919 1496 3998 c'

321 4047 399 4137 quei
421 4046 481 4118 cle
505 4045 683 4116 oomttot
705 4044 874 4133 acquum,
894 4042 987 4116 sicut
1004 4047 1198 4136 mercator,
1225 4043 1283 4116 vel
1307 4064 1455 4138 avarus,
1475 4065 1495 4116 c

319 4167 447 4254 pampo
470 4165 498 4235 tl
520 4164 632 4254 tempo
655 4164 715 4233 cte
733 4163 867 4253 perdar
896 4164 931 4233 lo
957 4166 1048 4254 sace,
1073 4160 1208 4235 scilicet
1236 4161 1384 4235 lucrum
1409 4184 1493 4258 spe-

320 4291 455 4378 ratum,
479 4285 552 4373 cte,
577 4282 668 4357 idest
692 4280 768 4375 qui,
792 4283 830 4353 tn
848 4284 922 4354 tutti
943 4283 958 4353 t
979 4283 1057 4353 suoi
1067 4284 1208 4372 pcnrt'cr
1219 4284 1352 4374 pianpe
1367 4305 1387 4355 e
1401 4287 1492 4357 r’at·

273 4473 278 4479 .
319 4405 438 4501 trista.¹
454 4403 500 4475 Et
523 4420 610 4476 ecce
635 4400 821 4494 quomodo
847 4400 930 4475 lecit
955 4420 1016 4474 me
1042 4401 1164 4494 talem,
1182 4395 1261 4507 cbo)
1279 4402 1380 4496 idest,
1402 4404 1490 4496 quia

316 4520 412 4597 dicta
435 4521 550 4597 bestia
576 4523 779 4594 mammone
798 4524 958 4593 incontra
983 4541 1008 4592 a
1026 4541 1118 4613 poco
1143 4542 1168 4593 a
1186 4543 1278 4614 poco
1303 4526 1352 4596 mi
1375 4527 1490 4617 npt'n-

379 4749 404 4809 (¹)
420 4747 446 4799 S.
461 4749 487 4799 iu
504 4748 667 4799 derisionem.
994 4745 1024 4812 (¹)
1039 4748 1066 4799 S.
1082 4750 1208 4800 renmndl.

379 4822 406 4885 ς’)
422 4823 453 4873 B.
469 4822 612 4874 declinabat
627 4825 659 4874 ed
675 4824 778 4876 vallam
794 4823 838 4873 Ad
853 4824 969 4875 literam:
985 4839 999 4874 r
1015 4825 1041 4875 ln
1056 4825 1141 4877 bulla.

381 4897 407 4958 (⁸)
422 4896 449 4948 S.
464 4898 684 4950 bominem-B.
700 4901 816 4951 animum
831 4900 1007 4961 tnuttabilem,
1024 4907 1059 4953 et.
