4154 6546
454 770 526 839 362
655 746 660 753 ⁸
844 783 1050 838 uonnuuun
1074 784 1227 836 mimum

451 927 626 1022 generali,
645 927 745 1002 dicit:
771 932 862 1000 Eooo
877 929 963 1000 colei
978 929 1039 999 cte
1055 933 1139 1000 tatto
1154 929 1180 1002 'l
1202 931 1332 1002 mondo
1347 949 1499 1022 muza.
1517 931 1627 1007 Nune

450 1045 499 1119 ad
522 1046 665 1120 literam
690 1046 776 1122 dicit
790 1053 921 1120 autor:
948 1050 1042 1138 quivi
1064 1051 1098 1120 or·
1120 1056 1356 1121 rooostommo
1379 1053 1543 1143 iodim,
1561 1073 1625 1128 re-

451 1146 671 1241 trooedendo
687 1188 818 1241 versus
833 1187 938 1241 areas
950 1187 1036 1242 cum
1052 1189 1187 1264 magua
1198 1169 1402 1243 festinantia
1415 1172 1572 1247 tenendo
1587 1165 1628 1265 (¹)

451 1288 555 1361 nobis
573 1309 691 1381 nares,
701 1310 769 1380 per
784 1289 940 1362 {mathil
952 1291 1133 1380 sopercluo
1147 1292 1206 1362 del
1214 1309 1348 1381 puzzo,
1366 1290 1458 1366 idest
1473 1302 1627 1387 propter

451 1407 605 1480 nimium
631 1428 823 1482 excessum
849 1415 886 1481 et
910 1407 1282 1502 superabundantiam
1307 1409 1491 1484 horribilis
1515 1410 1626 1488 ioeto·

451 1528 512 1619 ris,
529 1531 626 1601 cte'l
638 1530 821 1621 profundo
837 1528 954 1600 obt'sm
976 1531 1084 1621 pitto5
1100 1534 1138 1601 et
1162 1527 1269 1603 dicit:
1296 1531 1346 1602 od
1368 1550 1418 1602 uu
1442 1532 1626 1622 ooperotio

450 1650 546 1721 d’uu
568 1650 707 1739 pronde
731 1651 843 1720 avello
857 1639 907 1738 (²).
933 1648 978 1720 Et
1002 1648 1060 1722 hic
1084 1654 1171 1722 nota
1188 1648 1287 1741 quod
1303 1655 1412 1722 autor
1428 1649 1488 1724 hic
1505 1634 1642 1725 utiturl

451 1787 585 1864 magua
609 1773 707 1841 arte:
734 1766 812 1840 vult
837 1767 935 1841 enim
956 1766 1151 1841 ostendere
1169 1767 1269 1860 quod
1285 1789 1476 1861 nunquam
1493 1769 1627 1864 perdat

452 1894 608 1983 tempus,
635 1887 721 1981 quia
747 1887 837 1960 dum
857 1893 1007 1980 propter
1024 1887 1194 1961 loetorem
1213 1888 1418 1987 reduxisset
1432 1909 1474 1964 se
1490 1909 1622 1965 versus

452 2029 568 2103 arcas,
585 2007 736 2081 adhaesit
760 2007 824 2079 uni
849 2006 955 2081 alteri
970 1997 1018 2098 (³),
1045 2027 1120 2081 non
1144 1991 1192 2080 illi
1218 2008 1347 2101 primae
1371 2030 1517 2105 maguae
1536 2011 1624 2106 Epi-

451 2130 673 2222 cortanna
691 2128 801 2222 paulo
817 2132 903 2201 ante
921 2133 1141 2220 recesserat3
1159 2128 1223 2201 sed
1242 2129 1304 2201 uni
1323 2129 1429 2204 alteri
1446 2120 1619 2228 magnil‘)

449 2248 685 2341 haeresiarca,
712 2246 846 2321 scilieet
866 2246 1017 2339 Photim,
1040 2246 1076 2318 in
1093 2267 1167 2339 qua
1188 2253 1268 2321 erat
1283 2249 1448 2343 sepultus
1465 2251 1622 2326 Anasta-

448 2369 523 2443 sius
543 2389 645 2463 papa.
664 2370 740 2442 Hoo
756 2378 882 2444 autem
900 2367 1002 2463 lingit
1017 2372 1126 2440 autor
1142 2366 1189 2441 ad
1206 2367 1406 2461 pleniorem
1428 2372 1625 2465 perlectio-

450 2509 536 2565 nem
562 2490 618 2561 sui
645 2494 832 2581 tractatus,
859 2486 1139 2581 quiasuperius
1164 2487 1352 2563 tractando
1377 2489 1424 2563 de
1440 2491 1622 2568 haereticis

452 2628 525 2681 uon
550 2608 686 2682 iecerat
710 2607 934 2681 mentionem
956 2606 1021 2679 nisi
1039 2607 1086 2681 de
1103 2627 1177 2680 uno
1195 2607 1369 2703 singulari
1388 2630 1517 2684 errore
1542 2610 1621 2706 epi·

451 2747 664 2820 cureomm,
682 2735 719 2800 et
736 2725 823 2799 nihil
834 2724 977 2799 dixerat
992 2725 1038 2800 de
1050 2725 1173 2818 aliquo
1186 2727 1393 2802 heresiarea
1406 2729 1620 2823 ehnstian03

451 2849 532 2924 ideo
557 2868 656 2921 nune
683 2846 834 2921 reflectit
858 2866 899 2920 se
922 2845 968 2919 ad
986 2847 1178 2920 materiam
1196 2867 1309 2940 quam
1330 2848 1523 2923 videbatur
1539 2848 1621 2923 lini-

450 2968 555 3060 visse,
573 2973 609 3042 et
627 2965 741 3062 tangit
765 2965 979 3040 brevissime
995 2965 1041 3040 de
1057 2966 1211 3041 Photino
1227 2969 1290 3062 qui
1307 2968 1436 3043 habuit
1451 2988 1621 3045 errorem

449 3087 665 3181 Macometti‚
693 3086 756 3179 qui
782 3086 924 3161 dioehat
948 3086 1047 3180 quod
1072 3086 1235 3161 Christus
1259 3099 1341 3165 erat
1359 3099 1467 3166 natus
1486 3108 1622 3164 seeun-

448 3209 539 3283 dum
573 3227 723 3283 carnem
760 3228 826 3302 per
866 3206 963 3280 viam
999 3207 1304 3282 matrimonialem
1342 3228 1388 3282 ex
1421 3209 1552 3303 loseph
1583 3216 1623 3284 et

448 3329 570 3403 Maria.
597 3329 651 3402 Ad
676 3329 782 3404 euius
806 3327 1048 3422 cognitionem
1076 3333 1131 3401 est
1155 3328 1355 3421 sciendum,
1381 3329 1480 3423 quod
1497 3330 1621 3404 Photi-

449 3470 518 3523 nus
544 3449 612 3522 suit
636 3469 780 3544 grecus
804 3447 978 3521 diaeonus
995 3447 1148 3521 civitatis
1165 3449 1421 3543 Thesalonioae,
1438 3449 1485 3525 ad
1504 3471 1617 3543 quam

449 3570 573 3642 scribit
596 3568 791 3663 apostolus,
817 3572 854 3641 et
879 3566 947 3641 iuit
971 3567 1160 3660 episeopus
1183 3568 1406 3662 sinirnensis,
1432 3569 1531 3645 unde
1551 3570 1621 3643 fuit

448 3689 631 3762 Homerus
660 3693 767 3782 poeta
799 3706 966 3781 magnus.
1001 3685 1071 3759 lste
1103 3685 1225 3759 incidit
1249 3685 1286 3759 in
1311 3706 1480 3762 errorem
1505 3689 1621 3783 pessi-

449 3828 553 3880 mum
569 3799 620 3901 (⁵),
646 3806 782 3880 seilicet
802 3804 901 3897 quod
918 3804 1081 3879 Christus
1105 3804 1232 3879 suisset
1256 3812 1453 3902 oouceptus
1478 3827 1525 3881 ex
1542 3810 1618 3882 Ma·

449 3931 502 4004 ria
527 3950 593 4024 per
625 3928 757 4021 loseph
784 3925 842 4001 via
867 3925 1028 4018 nuptiali.
1055 3926 1297 4003 ilnasthasiusv
1316 3947 1406 4001 vero
1422 3928 1619 4021 secundus,

449 4049 596 4123 natione
622 4066 798 4120 romanus
823 4064 868 4118 ex
895 4051 1000 4138 patre
1024 4047 1133 4119 Petro
1161 4046 1227 4119 luit
1247 4047 1449 4141 imperante
1475 4050 1622 4123 Zenone

448 4166 768 4261 Constantinopoli,
786 4172 823 4239 et
843 4173 1019 4260 regnante
1043 4166 1170 4240 Romae
1194 4167 1419 4241 Theodorico
1447 4188 1535 4264 rege
1550 4189 1620 4265 go-

449 4291 609 4380 thorum,
625 4308 646 4360 a
660 4307 735 4380 quo
748 4286 895 4360 Boetius
911 4286 1133 4380 proscriptus
1147 4286 1223 4359 suit
1237 4286 1317 4372 Quo
1331 4295 1497 4383 tempore
1512 4290 1619 4363 multi

507 4603 535 4665 ζ’)
553 4603 583 4652 E.
601 4601 711 4651 tutando
728 4600 808 4649 nobis.
1018 4596 1046 4660 (¹)
1064 4603 1117 4657 116,
1134 4600 1223 4656 avello,
1242 4598 1306 4647 idest
1322 4598 1469 4660 sepullum.
1487 4598 1521 4650 Bt
1535 4599 1585 4649 hie.

507 4677 535 4740 (⁸)
551 4678 581 4728 Ε.
598 4677 673 4727 alleri
690 4676 783 4735 arche,
801 4690 852 4726 non
869 4676 907 4726 illi
923 4688 1030 4739 magun.

507 4755 534 4815 (⁸)
553 4756 606 4810 llo,
624 4764 724 4813 magno
739 4752 817 4800 unius
833 4751 940 4802 alterius
955 4751 1042 4814 magni
1058 4750 1226 4801 hermiam.
1249 4784 1260 4800 1

507 4829 534 4891 (⁸)
552 4828 582 4878 li.
599 4828 736 4890 pessimum
757 4828 888 4878 credendo
907 4831 934 4878 sl
954 4827 1092 4879 namon
1107 4829 1177 4891 quod
1192 4826 1310 4881 Christos
1325 4828 1414 4879 lu'uaot
1430 4832 1569 4892 oenoeptm
1583 4840 1617 4878 ox

447 4905 531 4959 Μ
545 4909 572 4954 et
587 4903 683 4965 Jonpli
700 4905 739 4952 ria
754 4903 872 4966 nuptiali.
