4154 6546
582 743 631 812 tt
973 754 1177 812 munnruu
1201 754 1350 808 mrnnnr

581 909 640 978 est
661 903 802 977 dicere:
827 907 868 973 tu
895 900 1007 974 habes
1031 901 1151 973 sotum
1176 898 1378 994 precipere
1393 892 1430 990 (¹)
1451 897 1554 992 mihi,
1571 899 1681 973 incias
1699 899 1751 975 sic

581 1023 660 1096 sine
684 1022 806 1115 aliqua
830 1020 1078 1116 persuasione.
1103 1019 1180 1093 Hoc
1205 1025 1331 1093 eutem
1357 1018 1547 1092 moraliter
1559 1009 1596 1110 (²)
1615 1018 1751 1116 figurat

582 1141 681 1235 quod
707 1141 801 1215 ratio
825 1140 1002 1215 naturalis
1026 1139 1133 1214 debet
1157 1157 1198 1212 se
1223 1137 1404 1212 subiicere
1425 1137 1585 1212 scientiae
1608 1138 1750 1232 divinoe,

581 1269 618 1337 et
643 1282 717 1337 non
741 1279 912 1355 querere
936 1260 1128 1333 rationem.
1150 1263 1212 1332 Mo
1236 1261 1372 1332 dimne.
1401 1257 1466 1332 Hic
1491 1257 1662 1352 Virgilius
1688 1277 1750 1332 re·

581 1381 652 1456 iert
675 1381 780 1455 Danti
805 1379 991 1474 quomodo
1017 1379 1173 1454 moverit
1198 1398 1311 1453 unum
1333 1378 1573 1472 questionem
1594 1379 1749 1454 Beatrici

580 1501 792 1592 incidenter,
816 1498 880 1573 sed
905 1519 978 1572 non
1007 1499 1293 1592 impertinenter,
1323 1504 1361 1572 et
1389 1505 1444 1573 est
1473 1498 1627 1590 questio
1656 1498 1749 1591 talis,

580 1619 726 1711 scilicet,
752 1618 938 1712 quomodo
964 1619 1040 1712 ipsa
1064 1639 1086 1693 a
1111 1638 1260 1692 summo
1288 1619 1382 1692 cmlo
1411 1618 1533 1692 veniat
1562 1619 1609 1692 cd
1635 1617 1750 1692 inier-
1814 1690 1817 1695 .

580 1759 682 1811 num.
709 1739 753 1809 Et
778 1744 863 1812 notu
889 1737 987 1830 quod
1013 1737 1080 1810 istu
1105 1736 1257 1830 questio
1283 1735 1420 1832 Virgilii
1446 1756 1520 1809 nou
1545 1737 1624 1810 vult
1649 1735 1749 1810 uliud

579 1858 703 1932 dicere
727 1856 813 1930 nisi:
839 1855 998 1949 adquin
1023 1855 1178 1928 infundit
1207 1856 1306 1929 Deus
1333 1855 1440 1928 istum
1465 1856 1688 1950 theologiam
1712 1861 1749 1928 et

580 1975 689 2050 iidem
716 1975 900 2049 mentibus
917 1974 1109 2047 hominum
1127 1974 1164 2047 in
1180 1973 1249 2057 isio
1266 1973 1410 2048 Inierno
1427 1973 1640 2066 viventium,
1659 1974 1749 2047 idest

581 2095 731 2188 mundo,
763 2095 857 2168 inter
888 2099 941 2167 tot
972 2111 1118 2167 errores
1150 2098 1186 2167 et
1216 2091 1397 2166 fallacias?
1426 2091 1517 2166 Dicit
1547 2111 1658 2187 ergo:
1690 2112 1750 2164 mo

580 2217 701 2287 dimmi
719 2216 756 2286 io
778 2217 906 2304 copton
921 2215 981 2286 cte
996 2233 1068 2284 non
1085 2216 1111 2285 ti
1128 2214 1272 2303 pondi,
1289 2212 1379 2286 idest
1398 2232 1468 2286 cur
1485 2231 1559 2285 non
1576 2230 1696 2304 caves,
1712 2217 1751 2285 et

578 2334 687 2408 times
701 2323 737 2424 (³)
765 2333 840 2426 tibi,
857 2334 900 2405 de
917 2335 951 2405 lo
966 2333 1110 2405 scendet
1135 2351 1205 2423 pua
1223 2335 1324 2422 pinso
1339 2334 1377 2404 in
1393 2339 1510 2422 questo
1526 2338 1659 2422 cerno,
1677 2330 1749 2405 sci-

579 2453 663 2529 licet
687 2455 734 2528 ad
758 2462 909 2546 terram,
935 2472 1021 2546 quae
1045 2459 1099 2526 est
1124 2452 1230 2545 quasi
1259 2459 1441 2547 centrum,
1466 2453 1543 2527 sive
1569 2458 1747 2547 punctum

579 2572 626 2645 ad
650 2573 808 2665 coelum3
833 2572 890 2644 vel
915 2583 1046 2660 centro,
1071 2570 1162 2645 idest
1186 2570 1384 2664 infernum,
1410 2571 1475 2664 qui
1504 2571 1636 2645 dicitur
1666 2590 1748 2645 esse

580 2690 616 2763 in
641 2694 768 2763 centro
793 2697 914 2763 terrae.
941 2690 984 2761 Et
1009 2696 1169 2782 utraque
1194 2691 1369 2784 expositio
1394 2690 1490 2765 bona
1515 2697 1590 2784 est3
1613 2691 1747 2785 primo,

580 2807 782 2884 secundum
802 2808 1036 2902 allegoriam
1053 2807 1225 2900 secunda,
1244 2808 1445 2882 secundum
1465 2808 1648 2884 fictionem
1665 2809 1747 2883 lite·

581 2928 707 3002 ralem.
734 2932 794 3000 Da
818 2930 971 3019 tempto
996 2931 1108 3018 leoco,
1129 2927 1219 3002 idest
1244 2949 1266 3001 a
1291 2930 1386 3003 coelo
1411 2929 1575 3024 empireo
1599 2929 1749 3024 amplis-

579 3047 684 3140 simo,
710 3047 808 3141 quod
834 3048 992 3122 continet
1017 3067 1146 3123 omnes
1170 3050 1294 3142 ooeios,
1312 3055 1349 3123 et
1365 3068 1388 3122 a
1406 3049 1507 3122 nulio
1526 3049 1746 3123 continetur.

584 3171 670 3258 ove,
694 3167 785 3241 idest
809 3167 856 3240 ad
881 3187 993 3260 quem
1021 3168 1155 3262 iocum,
1173 3175 1209 3240 tu
1233 3170 1328 3258 ordi,
1345 3167 1437 3241 idest
1456 3168 1629 3244 ardenter
1653 3167 1750 3242 desi·

579 3288 699 3382 deras,
724 3295 863 3377 tortior,
888 3287 982 3362 sicut
1009 3289 1118 3381 poulo
1144 3295 1229 3362 ante
1253 3287 1381 3360 dixisti.
1401 3292 1460 3360 Do
1480 3290 1549 3359 cte.
1576 3287 1641 3362 Hic
1667 3287 1751 3361 Vir·

580 3406 687 3504 gilius
726 3406 825 3500 ponit
861 3407 1132 3500 responsionem
1170 3405 1344 3480 Beotricis
1383 3405 1430 3479 ad
1467 3407 1689 3500 propositum
1709 3395 1745 3498 (ἢ

579 3527 836 3621 questionem
862 3546 946 3618 quae
971 3525 1089 3618 primo
1114 3526 1291 3620 promittit
1315 3544 1356 3599 se
1381 3545 1640 3619 responsuram
1667 3527 1745 3618 sibi,

579 3651 623 3718 ut
645 3644 753 3718 iaciat
778 3665 865 3719 eum
890 3649 1096 3717 attentum:
1123 3644 1221 3718 unde
1246 3644 1353 3717 dicit:
1379 3650 1417 3717 et
1442 3644 1502 3717 iliu
1527 3644 1673 3717 Beutrix
1700 3647 1750 3717 nrt

578 3767 732 3857 rirpose:
756 3755 869 3836 dircite
893 3764 1104 3835 treccnmtte
1121 3765 1283 3853 perci’io
1298 3783 1369 3835 non
1387 3770 1475 3836 terno
1500 3764 1537 3835 di
1561 3765 1661 3835 veni
1676 3783 1747 3854 pun

578 3891 688 3957 entro
715 3882 857 3957 Scilicet
880 3881 977 3955 intre
1002 3881 1112 3954 istum
1137 3881 1335 3955 infernum.
1355 3887 1414 3955 Do
1437 3884 1498 3954 cte
1521 3890 1557 3955 tu
1580 3885 1662 3955 vuoi
1684 3901 1747 3954 so·

574 4025 642 4095 per
666 4009 803 4074 colunto
828 4002 988 4090 adorto
1013 4019 1059 4073 ex
1085 4018 1161 4092 quo
1185 4005 1227 4072 tu
1252 4000 1485 4094 philosophus
1504 4006 1542 4074 et
1561 4005 1667 4094 poeta
1692 3998 1746 4074 vis

579 4121 674 4195 scire
690 4126 843 4213 secreta,
862 4139 947 4214 quae
963 4139 1035 4193 non
1052 4119 1271 4214 aperiuntur
1284 4119 1415 4193 rationi
1428 4119 1597 4194 naturali.
1617 4121 1755 4192 Teneor?

578 4242 644 4317 Hic
668 4240 814 4314 Bentrix
841 4240 924 4313 iacit
949 4259 1055 4313 suam
1081 4239 1366 4334 responsionem,
1392 4246 1429 4314 et
1458 4239 1619 4315 breviter
1639 4239 1747 4333 juxto

579 4359 799 4456 promissum
825 4358 921 4451 dicit,
947 4364 984 4432 et
1007 4358 1113 4451 bene,
1131 4359 1230 4452 quod
1253 4365 1353 4434 tanta
1377 4365 1434 4433 est
1457 4359 1537 4435 cius
1562 4356 1748 4452 perfectio,

579 4481 680 4575 quod
704 4501 779 4554 non
803 4485 919 4573 potest
943 4478 1070 4574 attingi
1086 4499 1109 4553 n
1127 4478 1272 4554 miserie
1294 4479 1467 4553 humana.
1486 4480 1530 4550 Et
1547 4484 1632 4552 notu
1649 4475 1748 4569 quod

643 4792 670 4855 ζ’)
685 4790 716 4840 E.
733 4788 873 4852 precipere
889 4786 962 4836 mihi.
978 4768 1036 4836 Hoc
1052 4793 1148 4838 nutem.
1257 4787 1285 4854 (¹)
1302 4796 1357 4851 m,
1373 4795 1501 4840 namur.

643 4868 670 4931 (⁹)
686 4868 716 4916 E.
732 4870 759 4914 et
776 4865 857 4921 times,
874 4863 938 4912 detio
952 4865 1061 4914 coender.
1256 4868 1284 4929 μ)
1301 4868 1331 4918 13,
1348 4869 1492 4931 omnm
1507 4864 1683 4930 vunonem,
