4154 6546
450 725 521 792 586
845 741 1049 796 comarum
1071 675 1225 795 murrum

448 882 577 957 lortius
593 882 708 979 timet,
720 891 758 959 et
773 892 1048 983 aptatsesuper
1065 907 1162 980 equo
1176 906 1255 960 suo.
1277 887 1321 959 Et
1341 887 1480 961 subdit:
1499 892 1532 960 Ε
1544 890 1618 961 cidi

442 1007 507 1097 pot
526 1007 560 1077 lo
582 1008 726 1077 scender
742 1009 798 1078 e'l
813 1010 930 1098 poor,
952 1007 1043 1083 idest
1062 1007 1277 1081 descensum
1296 1007 1526 1103 circularem,
1547 1028 1617 1100 per

448 1128 473 1198 ti
495 1145 591 1215 oron
616 1129 712 1218 moli,
728 1127 863 1201 scilicet
883 1147 949 1221 per
973 1128 1115 1223 bulgias
1140 1126 1202 1200 ubi
1227 1128 1430 1222 puniuntur
1457 1127 1626 1224 fraudes.

450 1265 533 1338 quae
563 1251 648 1318 sunt
679 1247 837 1320 maxima
855 1239 891 1338 (¹l
919 1248 1014 1321 mala
1039 1247 1219 1343 gradatim
1249 1268 1323 1322 una
1355 1248 1424 1321 sub
1458 1248 1539 1343 alia,
1567 1250 1614 1322 ita

449 1365 548 1459 quod
564 1385 709 1461 semper
727 1366 886 1442 tenditur
903 1368 1074 1441 deorsum
1097 1368 1134 1440 in
1154 1367 1314 1461 inlern03
1332 1368 1413 1442 ideo
1430 1368 1532 1442 dicit:
1559 1371 1619 1441 coc

449 1487 702 1578 domecsoocn
717 1488 766 1558 do
783 1489 912 1558 diensi
927 1489 1032 1577 conti,
1051 1486 1141 1560 idest
1156 1487 1343 1580 lateribus,
1356 1489 1415 1559 cte
1432 1492 1493 1560 nol
1508 1491 1618 1561 vedeo

449 1608 606 1695 docenti,
624 1605 759 1679 scilicet
782 1612 981 1699 antequam
1006 1606 1382 1700 appropinquaremus
1407 1607 1452 1680 ad
1479 1608 1614 1700 locum,

449 1734 487 1800 et
503 1725 554 1798 sic
572 1724 694 1799 videre
719 1720 828 1819 ooepit
847 1725 974 1800 decem
993 1726 1106 1800 valles
1125 1726 1323 1800 circulares
1340 1726 1377 1800 in
1394 1727 1528 1819 quibus
1544 1747 1615 1821 pu-

450 1846 602 1918 niuntur
614 1844 740 1919 decem
751 1865 888 1941 genera
901 1846 1274 1920 fraudium-Come.
1285 1846 1349 1920 llic
1362 1847 1492 1920 ultimo
1505 1852 1615 1920 autor

448 1964 617 2039 describit
642 1965 890 2059 appulsionem
909 1965 1073 2039 Gerionis
1088 1986 1155 2060 per
1172 1985 1283 2038 unam
1302 1965 1613 2059 comparationem

449 2086 607 2159 nobilem
634 2083 793 2178 falconis,
819 2105 903 2178 quae
928 2084 1089 2159 breviter
1114 2090 1184 2157 stat
1213 2086 1250 2157 in
1280 2086 1360 2158 hoc.
1394 2085 1494 2159 Siout
1519 2105 1615 2181 saepe

449 2207 541 2281 lalco
576 2205 612 2278 in
643 2206 717 2278 alto
748 2225 836 2278 aere
869 2205 952 2279 lacit
985 2205 1119 2278 mnus
1148 2211 1184 2279 et
1220 2206 1351 2277 multas
1385 2193 1616 2279 circuitiones

453 2347 621 2420 quaerens
647 2326 783 2401 solicite
807 2325 980 2420 praedam,
1008 2324 1151 2398 tandem
1185 2325 1356 2420 fatigatus
1382 2324 1467 2397 nihil
1494 2326 1620 2400 videns

453 2445 628 2541 permittit
652 2466 693 2520 se
718 2444 844 2519 venire
868 2444 914 2517 ad
941 2451 1075 2518 terram
1094 2443 1202 2540 longe
1222 2464 1243 2516 a
1261 2444 1341 2517 loco
1368 2444 1465 2519 unde
1481 2464 1521 2518 se
1538 2466 1619 2519 mo-

452 2573 577 2660 verat3
604 2568 652 2640 ita
678 2566 812 2639 Gerion
838 2566 873 2637 in
899 2566 972 2637 alto
998 2564 1127 2659 pelago
1153 2564 1235 2638 iecit
1261 2565 1393 2640 multas
1420 2565 1619 2638 revolutio-

455 2707 518 2761 nes
549 2706 615 2781 per
643 2704 792 2777 aquam,
822 2689 858 2758 et
893 2682 1038 2756 tandem
1069 2683 1194 2756 videns
1226 2684 1323 2778 quod
1358 2683 1443 2756 nihil
1474 2691 1620 2778 poterat

454 2805 601 2897 lucrari,
626 2803 790 2898 permisit
815 2824 855 2876 se
879 2802 1006 2875 venire
1025 2799 1192 2876 celeriter
1217 2802 1263 2877 ad
1289 2804 1404 2897 ripam
1426 2803 1520 2876 illius
1546 2804 1619 2877 cir-

453 2927 526 3000 culi
550 2925 597 2999 ad
622 2945 733 3017 quem
760 2923 966 3016 tendebant,
991 2928 1028 2996 et
1053 2923 1173 2996 subito
1198 2923 1346 2999 recessit
1371 2931 1408 2996 et
1432 2922 1617 3017 disparuit.

454 3047 558 3119 Nunc
583 3044 709 3118 ordina
735 3043 785 3116 sic
810 3043 970 3116 literam:
1000 3045 1147 3115 Gertorce
1167 3063 1211 3113 ne
1230 3063 1317 3134 pose
1337 3045 1375 3114 ol
1386 3045 1510 3134 fondo,
1529 3042 1620 3119 idest

452 3165 498 3240 ad
525 3163 646 3256 linem,
665 3184 689 3234 o
706 3159 765 3255 pie
783 3183 807 3234 o
827 3158 887 3255 ptkc‘
910 3164 947 3234 di
967 3165 1003 3234 lo
1022 3165 1149 3234 stolato
1166 3183 1285 3252 rocco,
1303 3161 1393 3235 idest
1410 3183 1525 3256 prope
1544 3164 1620 3235 rui·

454 3304 581 3358 nosam
619 3283 735 3377 ripam
770 3283 880 3355 altam
913 3287 950 3354 et
985 3281 1114 3355 sortem
1148 3281 1185 3354 in
1220 3281 1370 3355 modum
1405 3282 1514 3375 arcis,
1549 3275 1620 3355 cosi

454 3424 549 3477 come
564 3406 590 3475 'l
602 3406 721 3496 sodon
738 3404 787 3473 ct'
800 3398 837 3474 e‘e
860 3408 950 3473 stato
967 3405 1063 3473 ossoc'
1077 3422 1119 3474 su
1136 3404 1220 3474 l'oli
1236 3402 1308 3492 cte,
1325 3401 1415 3475 idest
1433 3401 1496 3495 qui
1514 3402 1618 3496 falco,

452 3529 495 3618 so
510 3527 569 3597 dir
593 3526 632 3596 ol
651 3526 844 3617 smconicr:
862 3518 952 3594 mnae
975 3529 1010 3594 tu
1034 3525 1114 3611 coli,
1141 3521 1230 3595 idest
1257 3522 1328 3596 heu
1355 3523 1455 3617 mihi,
1474 3524 1559 3615 quia
1579 3530 1618 3596 tu

456 3643 614 3719 declinas
638 3643 716 3716 sine
744 3641 878 3737 praeda,
907 3644 1024 3714 sendo
1055 3644 1158 3715 ceder
1191 3644 1328 3732 loporo,
1355 3641 1444 3715 idest
1473 3642 1620 3716 lodrum

458 3784 532 3858 quo
558 3768 753 3836 revocatur
778 3762 866 3855 avis,
885 3782 906 3833 o
922 3765 1057 3853 accello,
1076 3761 1210 3834 scilicet
1234 3767 1400 3835 anatrem
1427 3763 1485 3835 vel
1510 3763 1619 3836 aliam

457 3905 577 3976 avem,
603 3885 761 3956 discenda
786 3885 892 3972 lasso,
918 3880 1009 3955 idest
1033 3881 1159 3972 lessus,
1185 3883 1275 3953 code
1307 3884 1337 3952 si
1367 3902 1464 3954 mooe
1488 3883 1623 3972 tenello,

459 4005 549 4080 idest
566 4005 694 4078 ultimo
712 4002 883 4098 fatigatus
900 4002 961 4074 ubi
979 4001 1097 4095 primo
1115 4010 1194 4076 erat
1210 4001 1329 4092 velox,
1344 4002 1490 4094 quando
1503 4002 1624 4096 primo

458 4125 583 4218 movit,
609 4145 676 4216 per
708 4130 805 4196 cento
829 4128 940 4212 raotc,
966 4121 1056 4194 idest
1082 4121 1277 4194 rotationcs
1307 4127 1344 4194 et
1379 4121 1626 4196 revolutiones

460 4246 603 4339 multas,
630 4266 649 4315 e
673 4246 880 4334 disdepnoso
905 4264 923 4314 e
949 4245 1045 4335 selle,
1070 4240 1162 4315 idest
1191 4241 1397 4335 indignatus
1429 4245 1465 4314 et
1499 4240 1626 4334 iratus,

458 4366 544 4459 quia
568 4363 721 4459 perdidit
746 4362 919 4457 praedam,
944 4383 963 4433 c
986 4383 1023 4433 se
1042 4383 1136 4452 pone
1160 4363 1209 4433 do
1234 4363 1330 4450 Inopi
1352 4363 1414 4433 dol
1437 4381 1501 4433 suo
1527 4381 1625 4432 muc-

456 4494 545 4577 stro,
571 4483 705 4558 scilicet
730 4482 937 4575 salconerio,
959 4502 1029 4553 ese
1049 4483 1188 4570 dilecto
1201 4502 1296 4553 come
1312 4502 1417 4553 cocco
1433 4482 1481 4552 du
1497 4483 1624 4570 cordo,

459 4605 561 4698 idest,
579 4605 672 4679 sicut
698 4602 828 4697 sagitta
845 4623 867 4674 a
888 4600 997 4675 corda
1024 4600 1179 4692 balistam
1197 4621 1283 4678 nam
1304 4618 1413 4673 coeca
1430 4605 1487 4673 est
1502 4605 1626 4673 extre·

522 4863 549 4926 (¹)
567 4865 597 4914 E.
614 4864 724 4913 maxima
740 4863 847 4913 materia
863 4850 993 4914 mulorum
1010 4876 1061 4912 uus
1077 4861 1125 4912 cult
1140 4861 1190 4911 ullo
1206 4861 1339 4925 malla,
1355 4860 1391 4910 lte
1406 4858 1475 4924 quod
1491 4871 1601 4923 πυρα.
