4154 6546
756 800 759 805 '
865 787 1003 844 murus
1027 787 1210 843 summus.
1545 777 1612 842 251

448 931 562 1028 ligula
586 949 674 1005 cunr
699 929 874 1004 serarium
901 937 1092 1005 vacuasset
1108 922 1145 1022 (¹)
1171 928 1407 1025 prodigaliter
1427 937 1464 1004 et
1480 930 1617 1022 insane,

448 1049 635 1126 constituit
659 1048 902 1144 prostibulum
919 1041 955 1141 (²)
982 1050 1021 1123 in
1043 1050 1195 1145 palacio,
1213 1053 1250 1122 et
1270 1048 1442 1144 imposuit
1464 1050 1617 1145 vectigal

451 1170 705 1247 meretricibus
717 1160 768 1263 (³).
795 1169 891 1244 Vere
915 1169 984 1244 ista
1008 1174 1094 1244 sunt
1118 1188 1233 1243 onera
1264 1168 1505 1262 importabilia
1518 1158 1555 1261 (δ)
1581 1178 1619 1243 et

450 1290 672 1366 incroddsilia
697 1289 906 1385 inexpertis,
932 1295 969 1363 et
993 1287 1100 1362 dicit:
1124 1308 1191 1381 per
1217 1291 1327 1383 [msa
1356 1291 1396 1362 di
1417 1310 1551 1382 poppo.
1578 1289 1617 1362 ln

411 1444 414 1449 ·
450 1413 522 1486 buc
544 1408 660 1506 tangit
682 1414 808 1483 actum
829 1406 1045 1502 impellentis
1060 1425 1167 1500 onus,
1185 1407 1273 1500 quia
1289 1426 1375 1481 cnm
1395 1414 1545 1501 pectore
1562 1413 1618 1481 to-

419 1619 422 1627 .
450 1539 509 1605 tus
524 1528 742 1605 incumbens
756 1517 793 1619 (⁵)
810 1526 979 1621 impellit;
997 1544 1064 1621 per
1080 1527 1151 1600 boe
1168 1526 1286 1600 innuit
1301 1527 1400 1621 qnod
1417 1526 1455 1600 in
1469 1533 1617 1621 pectore

449 1636 598 1740 stantl⁸l
622 1648 690 1722 ista
717 1646 879 1742 pondera
908 1646 972 1720 nbi
997 1651 1052 1720 est
1076 1665 1142 1719 eor
1165 1647 1236 1721 sub
1260 1629 1421 1721 mamilla
1449 1646 1616 1738 sinistra3

450 1768 550 1843 unde
565 1772 671 1842 tusoo
686 1766 830 1863 vulgari
852 1763 1014 1839 mamilla
1036 1764 1239 1859 appellatur
1253 1754 1290 1857 (⁷)
1304 1785 1437 1858 poppo,
1457 1772 1494 1839 et
1510 1765 1615 1839 dicit:

449 1888 520 1960 ed
532 1904 606 1959 mo
616 1893 724 1980 purte
739 1893 772 1959 et
787 1889 896 1977 ulma,
913 1884 1000 1979 qnia
1017 1883 1153 1959 scilieet
1168 1904 1191 1958 a
1206 1885 1335 1959 dextra
1352 1890 1447 1960 stant
1463 1883 1615 1980 prodigi,

450 2011 626 2100 unquam
651 2006 775 2080 minus
798 2005 1074 2098 delinquentes3
1099 2025 1123 2078 a
1148 2004 1291 2079 sinistra
1316 2024 1406 2080 vero
1431 2005 1543 2080 avari.
1561 2005 1615 2079 Ad

449 2125 724 2222 intelligendum
750 2130 876 2200 numm
905 2124 1056 2198 modum
1082 2123 1186 2198 istius
1209 2144 1328 2220 poenae
1352 2124 1463 2201 debes
1486 2124 1616 2221 imagi·

450 2245 529 2320 nari
555 2265 672 2351 nnnm
698 2245 879 2320 cuculum
906 2242 1119 2336 rotundum,
1144 2244 1242 2318 etin
1267 2245 1347 2319 eius
1364 2244 1485 2320 medio
1501 2264 1616 2319 unam

449 2364 582 2441 lineam
608 2373 749 2441 rectam
774 2383 841 2460 per
867 2364 1019 2459 longum
1043 2362 1204 2457 ductam,
1230 2383 1314 2456 qnae
1343 2365 1534 2458 aequaliter
1561 2365 1616 2438 di-

446 2484 544 2561 vidat
567 2485 688 2580 ipsum
713 2484 894 2560 eircnlnm
912 2483 949 2557 in
967 2482 1059 2557 duas
1078 2488 1209 2577 partes.
1228 2484 1333 2558 llodo
1355 2505 1403 2558 ex
1419 2505 1494 2561 una
1509 2490 1614 2580 parte

446 2609 541 2680 stam
566 2602 708 2701 prodigi
737 2609 930 2678 currentes
959 2621 1078 2695 usque
1106 2600 1152 2676 ad
1182 2601 1317 2677 lineam
1351 2602 1522 2697 mediam,
1554 2603 1616 2677 sed

448 2744 638 2820 nunquam
665 2723 852 2819 attingunt
876 2720 965 2796 illud
989 2720 1154 2796 medium
1179 2719 1349 2819 signum3
1375 2742 1398 2797 e
1422 2729 1550 2798 contra
1569 2743 1615 2798 ex

448 2844 520 2919 alia
545 2849 650 2937 parte
675 2841 815 2937 pariter
839 2845 1066 2916 oonourrunt
1082 2840 1184 2953 avari
1201 2840 1417 2937 impetuose,
1434 2843 1619 2939 impensa·

451 2960 571 3037 biliter
583 2951 623 3053 (⁹)
645 2961 826 3055 usquead
841 2959 938 3035 idem
957 2960 1115 3056 signnm.
1133 2960 1209 3034 lloo
1225 2967 1350 3034 autem
1368 2960 1504 3056 figurat
1519 2963 1618 3054 quod

451 3080 572 3157 nentri
608 3080 793 3176 attingunt
826 3078 989 3154 medium
1027 3078 1184 3173 vinntis,
1214 3079 1352 3154 seilicet
1384 3079 1617 3172 liberalitatis,

449 3206 516 3275 ant
539 3198 569 3273 si
593 3198 779 3296 attingunt
801 3197 988 3273 interdum
1013 3218 1086 3272 non
1107 3197 1304 3293 persistunt
1329 3197 1367 3270 in
1389 3217 1445 3291 eo,
1463 3197 1537 3271 imo
1557 3217 1619 3271 oe·

450 3319 575 3394 lerlter
606 3312 857 3415 retroinginnt
888 3324 927 3392 et
959 3317 1146 3394 reoednnt.
1181 3315 1283 3392 Unde
1314 3322 1400 3390 nota
1434 3314 1532 3411 quod
1562 3315 1618 3390 vi-

449 3439 549 3512 cium
562 3429 602 3531 (⁹)
626 3435 849 3512 liberalitatis
865 3443 921 3510 est
937 3435 1102 3511 medinm
1118 3435 1278 3511 duarum
1296 3434 1533 3529 malitiarum,
1550 3435 1619 3510 sci·

449 3556 533 3632 linet
547 3554 719 3631 avariae
742 3561 780 3631 et
805 3555 1078 3651 prodigalitatis.
1097 3554 1271 3630 Liberalis
1286 3555 1384 3631 eninr
1404 3555 1540 3648 estqui
1556 3555 1618 3631 dat

449 3677 522 3772 ubl,
543 3675 704 3774 quando,
726 3680 765 3751 et
789 3695 865 3769 qno
880 3664 932 3767 (ω)
960 3683 1115 3770 oportet
1134 3676 1279 3751 Avarus
1297 3694 1388 3751 reru
1404 3681 1459 3750 est
1476 3674 1540 3770 qui
1556 3673 1621 3748 de-

447 3797 538 3872 tinet
559 3794 717 3872 tenenda
742 3800 779 3869 et
804 3812 878 3870 non
907 3795 1065 3871 tenenda
1095 3795 1356 3871 indifferenter.
1388 3793 1567 3890 Prodigus
1596 3814 1618 3867 e

447 3921 575 3992 eontra
606 3915 671 3990 dat
698 3913 818 3989 danda
842 3921 881 3989 et
904 3931 979 3989 non
1009 3913 1127 3990 danda
1157 3913 1360 4008 indiscrete,
1390 3921 1428 3988 et
1460 3921 1618 4007 uterque

448 4041 555 4109 nocet
579 4035 645 4110 sibi
670 4041 708 4110 et
733 4034 838 4109 alteri
852 4022 906 4126 (”)
932 4032 1032 4127 quod
1050 4032 1139 4109 nulli
1156 4030 1313 4130 prodest.
1332 4031 1512 4128 Prodigus
1527 4050 1618 4107 vero

451 4190 556 4202 a·-

511 4280 539 4344 (‘)
554 4280 586 4332 lt
599 4287 754 4333 mussant.
764 4308 793 4320 -—
805 4285 859 4342 llo,
875 4285 1015 4342 rasnassot,
1032 4286 1060 4333 st
1075 4293 1181 4332 omnam
1196 4279 1332 4344 manniam
1346 4279 1546 4340 consumpsisset
1556 4290 1618 4341 pro-

448 4359 568 4423 digaliter
583 4365 608 4410 et
624 4360 720 4410 lusane.

509 4431 537 4494 (¹)
553 4438 598 4485 llo
613 4447 629 4484 e
644 4434 675 4483 E.
692 4434 875 4498 postribulum.
1063 4433 1089 4496 (¹)
1106 4434 1132 4483 S.
1150 4432 1304 4484 mulieribus
1318 4428 1507 4481 meretricibus.

508 4509 534 4570 (¹)
550 4510 575 4560 S.
592 4524 607 4561 e
623 4510 654 4561 E.·
671 4510 845 4573 importabilia
860 4511 1007 4575 inexpertis.
1061 4511 1088 4573 (¹)
1105 4509 1136 4561 B.
1152 4508 1278 4561 inonmblt
1293 4505 1436 4570 impellens

507 4585 536 4646 (⁸)
551 4585 582 4636 ι
598 4591 659 4637 sant
674 4586 731 4637 lata.
1063 4586 1092 4648 (¹)
1109 4586 1140 4636 ll.
1156 4584 1288 4649 appellant
1303 4592 1405 4647 popam.

508 4660 534 4723 (¹)
552 4665 605 4719 llo.
622 4662 832 4725 impensablliter.
1062 4663 1088 4725 l‘l
1107 4667 1152 4715 llo
1167 4671 1183 4713 u
1200 4660 1230 4711 lt
1245 4659 1316 4724 qaod
1332 4657 1415 4709 rlrtna
1430 4653 1599 4707 liberalitatis.

498 4737 535 4796 (¹⁰)
550 4737 575 4787 S.
590 4751 606 4788 e
622 4738 653 4787 Ε.
669 4739 802 4802 quomodo
818 4743 929 4801 oportet.

495 4810 533 4874 (¹¹)
549 4813 580 4863 E.
595 4812 684 4874 alteru
700 4815 744 4866 ssd
760 4824 853 4866 avarus
868 4816 904 4867 tta
921 4816 1056 4868 noestsibl
1072 4822 1099 4868 et
1115 4817 1191 4868 altari
1206 4814 1277 4882 quod
1292 4826 1346 4866 nou
1361 4811 1467 4878 prodest
1480 4807 1618 4874 alluuando

447 4887 531 4937 alicui.
549 4888 696 4940 Notandum
711 4892 799 4942 etlam.
