4154 6546
785 785 926 842 GfflUS
947 786 1076 844 NONUS·
1438 780 1508 847 Μ

347 931 451 1024 quasi
478 931 597 1005 dicat:
628 929 736 1023 pand
767 928 919 1004 inerunt
946 948 1114 1024 unquam
1132 923 1171 1023 (¹)
1205 931 1269 1025 qui
1301 932 1512 1009 mbnsrum

348 1053 454 1124 istam
471 1051 582 1125 attam
599 1048 902 1144 speculationem
927 1056 966 1124 et
989 1068 1120 1125 verum
1145 1050 1245 1145 dicit,
1266 1052 1351 1145 quia
1371 1054 1513 1127 solum·

348 1171 458 1245 modo
483 1171 665 1244 Homerus
681 1169 720 1242 in
735 1187 872 1264 grece,
886 1174 923 1242 et
940 1168 1110 1265 Virgib'ns
1127 1170 1164 1244 in
1180 1170 1292 1244 iatine
1310 1171 1513 1266 descripse

350 1297 437 1363 runt
466 1290 669 1382 iniemum3
693 1293 731 1362 et
756 1288 843 1382 quia
875 1295 1000 1362 tamen
1030 1297 1163 1365 neuter
1194 1288 1380 1385 descripsit
1405 1292 1511 1367 istam

349 1410 543 1502 civitatem,
558 1409 639 1483 ideo
655 1408 701 1481 ad
718 1407 874 1481 dandam
892 1428 993 1501 spem
1011 1409 1143 1502 autori,
1160 1410 1286 1483 statim
1300 1409 1384 1484 iacit
1396 1409 1513 1484 fictio-

351 1549 435 1603 nem
449 1549 515 1623 pcr
527 1548 641 1622 quam
654 1526 809 1602 ostendit
825 1547 865 1601 se
882 1527 992 1602 iuism
1008 1529 1098 1602 alias
1113 1529 1334 1603 bic—Vere
1349 1526 1513 1605 &altune

350 1647 521 1743 Virgilius
543 1647 591 1720 ad
616 1646 816 1720 tollendum
842 1666 991 1721 omnem
1009 1647 1179 1722 timorem
1200 1648 1387 1724 demente
1407 1660 1515 1726 aute·

351 1767 412 1859 ris,
432 1766 534 1862 tingit
559 1766 685 1861 pulcre
710 1756 859 1858 quode)
886 1766 958 1839 alia
982 1766 1062 1841 rice
1087 1767 1196 1841 suerit
1220 1767 1280 1841 hic
1296 1775 1433 1842 tractus
1450 1790 1515 1864 per

351 1893 471 1960 artem
495 1885 676 1981 magicum
701 1903 724 1956 a
750 1883 908 1976 quadam
925 1884 1065 1958 famosa
1082 1885 1326 1960 incantatrice.
1345 1887 1399 1960 Ad
1415 1888 1515 1980 qued

351 2005 539 2079 sciendum
555 1995 606 2098 (³),
621 2004 719 2096 qued
744 2003 837 2077 sieut
862 2004 989 2078 scribit
1010 2004 1180 2078 Lucanus
1196 2006 1232 2078 in
1249 2006 1294 2077 Vi
1311 2006 1431 2080 Ericto
1448 2006 1517 2078 iuit

354 2123 515 2196 maxima
532 2140 642 2218 maga
658 2122 696 2196 in
712 2121 889 2214 Thesalia,
905 2141 988 2214 quae
1004 2129 1171 2217 tempore
1187 2125 1271 2198 belii
1287 2123 1400 2198 civilis
1416 2124 1515 2218 qued

350 2242 417 2315 suit
448 2242 542 2316 inter
574 2242 755 2315 cesarem
790 2245 828 2314 et
860 2240 1074 2334 Pompeium
1107 2242 1293 2316 suscitavit
1325 2251 1515 2316 mortuum

353 2362 427 2434 suis
452 2359 755 2435 incantationibus
778 2346 877 2448 adt‘)
904 2358 1116 2433 instanciam
1142 2361 1242 2434 Serti
1258 2360 1320 2433 iiiii
1342 2361 1516 2456 Pompeii,

352 2488 390 2554 et
413 2480 497 2555 iecit
522 2480 625 2552 iilum
649 2478 773 2551 dicere
796 2477 921 2549 futura
949 2477 997 2552 de
1027 2478 1123 2552 belle
1146 2478 1252 2552 civili
1286 2480 1340 2553 Ad
1373 2480 1517 2554 literam

353 2616 442 2694 ergo
466 2599 552 2672 dicit
577 2598 770 2693 Virgilius:
797 2617 881 2669 ecre
905 2591 954 2688 de,
971 2607 1008 2672 et
1032 2601 1156 2672 tamen
1173 2617 1304 2672 rerum
1325 2616 1399 2673 nen
1415 2605 1516 2691 erat,

353 2718 417 2791 sed
442 2718 612 2812 Virgilius
636 2718 706 2790 boc
731 2716 832 2812 fingit
863 2717 899 2791 in
930 2715 1119 2793 utilitatem
1144 2717 1294 2810 autoris,
1328 2716 1412 2792 iden
1443 2737 1517 2791 nnn

354 2835 540 2926 mentitur,
558 2834 646 2928 quia
661 2835 893 2908 mendacium
910 2841 965 2909 est
982 2835 1071 2908 iaisa
1086 2836 1186 2910 vocis
1202 2835 1413 2931 significatio
1429 2852 1516 2909 cum

355 2954 553 3028 intentione
577 2954 733 3047 saliendi,
759 2954 823 3027 sed
848 2953 1017 3050 Virgilius
1047 2957 1118 3028 boc
1145 2954 1247 3050 tingit
1280 2973 1368 3029 cum
1397 2954 1516 3028 inteu-

354 3074 451 3147 tione
468 3073 679 3166 instruendi,
696 3075 748 3145 cll
760 3077 856 3145 αἱινα
869 3074 958 3164 ficta
974 3093 1044 3164 qua
1059 3068 1120 3162 qu
1136 3076 1201 3166 frti,
1218 3073 1256 3145 in
1270 3065 1306 3164 (ὕ)
1326 3074 1394 3146 isto
1411 3074 1518 3146 basso

354 3193 507 3285 inferno,
518 3196 738 3282 cenniurato,
747 3192 884 3266 scilicet
900 3192 1055 3287 magice,
1068 3195 1117 3264 da
1133 3194 1247 3282 quem
1258 3193 1378 3264 bitem
1392 3195 1519 3281 cuda,

355 3314 449 3387 bene
472 3318 553 3385 erat
576 3310 689 3385 cruda
715 3317 753 3384 et
776 3310 946 3402 cnrdelis,
970 3310 1057 3403 qnia
1082 3317 1164 3384 erat
1191 3310 1373 3383 abstracta
1398 3316 1436 3383 et
1460 3329 1519 3383 se-

355 3437 481 3525 parata
506 3430 543 3503 in
566 3432 685 3504 tetum
708 3429 757 3502 eb
781 3429 952 3528 omnibus
976 3429 1104 3501 usibus
1123 3428 1304 3522 humanis,
1320 3434 1358 3503 et
1381 3428 1457 3502 ibat
1473 3428 1519 3502 de

355 3557 462 3624 nocte
486 3549 585 3622 nuda
614 3567 685 3642 per·
713 3550 880 3643 sepulcra
910 3556 1155 3641 mertuorum,
1189 3554 1228 3622 et
1255 3548 1412 3623 babebat
1444 3547 1519 3622 cei-

356 3669 523 3762 ioquium
552 3687 639 3741 cnm
669 3666 853 3761 spiritibus
882 3667 1129 3760 infernalibus,
1160 3671 1199 3741 et
1223 3667 1378 3742 iaciebat
1402 3669 1519 3741 muita

358 3787 548 3879 mirabilia,
572 3786 647 3859 imo
671 3785 905 3879 incredibilia,
931 3804 1015 3879 quae
1031 3786 1137 3860 valde
1151 3777 1332 3876 diduset⁸t
1350 3789 1519 3860 Lucanus

355 3906 537 3999 describit,
550 3912 589 3980 et
603 3905 706 3978 dicit:
725 3908 785 3977 ede
799 3926 976 3979 remensa
991 3907 1140 3979 remim
1154 3910 1193 3978 αἱ
1207 3909 1307 3998 cerni
1322 3909 1413 3996 suoi,
1430 3905 1520 3980 idest

356 4044 440 4118 quoe
456 4022 654 4098 suscitabat
667 4031 844 4097 mortuos
858 4025 903 4097 st
915 4045 989 4099 uon
1001 4025 1141 4119 credas
1156 4025 1281 4118 lector,
1290 4025 1388 4118 quod
1399 4025 1521 4098 Ericte

357 4144 585 4217 suscitaverit
605 4149 797 4216 mertuum
811 4132 848 4235 (ἢ
876 4142 1037 4238 realiter,
1054 4145 1119 4218 sed
1134 4163 1182 4219 ex
1199 4143 1365 4218 illusione
1379 4142 1520 4217 doeme·

357 4283 447 4336 num
472 4262 524 4335 sic
540 4262 742 4354 videbatur,
769 4268 811 4334 ut
833 4261 976 4336 dicetur
1000 4263 1102 4356 aiibi3
1119 4269 1156 4337 et
1179 4261 1352 4337 describit
1377 4269 1521 4353 tempus

356 4383 451 4456 iilius
481 4381 750 4473 coniurationis,
786 4381 871 4474 quia
902 4382 1038 4456 scilicet
1068 4389 1149 4456 erat
1179 4382 1322 4456 noviter
1352 4387 1521 4454 mortuus

418 4652 446 4751 (ζ)
463 4651 493 4701 E.
508 4652 553 4716 qui
568 4666 684 4715 unquam
699 4652 852 4703 babuerunt
868 4678 898 4691 —
915 4652 940 4702 S.
957 4665 1071 4716 unquam
1086 4653 1131 4716 qui
1147 4650 1292 4702 habuerint.

419 4728 447 4862 {⁸}
461 4723 493 4852 ἓ.
504 4726 829 4855 Ἃΐιιιυωφίᾮιδοιϋ
844 4724 1273 4866 Ροωωροίιὶρᾱᾚωίδΐιμ

420 4877 448 4939 (’)
464 4877 494 4927 B.
509 4876 609 4930 seiiicet
623 4878 650 4929 in
664 4878 721 4930 isto.
901 4878 928 4940 (⁸)
945 4878 975 4929 Ε.
992 4878 1092 4930 ditium
1275 4874 1345 4939 Μ.
1360 4878 1486 4928 muer.
