4154 6546
461 774 536 863 ²268.
850 802 1052 860 couunruu
1078 808 1233 862 rursum

455 974 478 1023 a
510 949 608 1024 sonte
637 956 693 1023 est
724 948 778 1023 ira
809 949 880 1022 cito
911 949 1102 1043 transiens,
1133 950 1215 1025 ideo
1248 950 1343 1026 bene
1376 951 1557 1047 figuratur
1587 951 1624 1025 in

456 1071 558 1142 lluxu
585 1088 670 1142 cum
696 1068 800 1141 dicit:
821 1088 891 1159 per
914 1088 963 1139 un
985 1072 1119 1162 fossato
1144 1072 1204 1142 clrc
1228 1073 1278 1143 do
1308 1073 1352 1143 lei
1380 1072 1515 1143 dutua:
1539 1090 1624 1145 num

458 1174 547 1262 teste
572 1187 744 1261 Horatio:
771 1191 836 1259 lra
857 1191 964 1281 soror
988 1189 1103 1261 ονοοῐο
1129 1196 1179 1261 est
1201 1195 1284 1283 etc,
1301 1196 1339 1264 et
1355 1189 1391 1262 in
1412 1189 1492 1264 rivo
1511 1190 1623 1265 etium

456 1307 576 1381 nullus
593 1306 758 1402 punitnr3
772 1326 859 1379 nam
877 1307 931 1380 ira
948 1307 1143 1402 aliquando
1156 1307 1347 1382 laudabilis
1359 1313 1415 1382 est
1426 1308 1574 1400 quando
1586 1301 1626 1401 (¹)

456 1427 567 1498 nomo
591 1423 761 1499 irascitur
786 1423 861 1518 ubi,
879 1425 1037 1519 quando,
1055 1434 1093 1502 et
1108 1426 1295 1520 quomodo
1310 1432 1465 1521 oportet,
1483 1432 1526 1500 ut
1545 1427 1625 1501 vult

397 1545 402 1555 '
453 1545 686 1640 philosophus
710 1545 802 1618 libro
831 1544 1064 1639 Ethicorum3
1095 1547 1157 1621 sed
1183 1546 1238 1621 ira
1270 1546 1471 1622 inveterata
1501 1553 1539 1620 et
1568 1544 1626 1619 in·

454 1667 586 1739 durata
611 1663 761 1758 punitur
788 1663 824 1736 in
849 1670 954 1760 styge
979 1665 1066 1757 quia
1090 1665 1243 1740 ellectus
1269 1666 1349 1739 talis
1378 1666 1443 1739 irae
1471 1670 1527 1740 cst
1559 1663 1625 1739 tri-

453 1784 663 1859 stitia-L’
676 1803 781 1874 aquo.
807 1782 872 1857 Hic
896 1790 1006 1857 autor
1029 1784 1200 1858 describit
1212 1776 1249 1875 (²)
1277 1785 1490 1878 qualitatem
1515 1805 1623 1878 aqum

454 1924 538 1998 quae
563 1903 682 1978 oritur
706 1922 752 1976 ex
778 1903 877 1978 tonte
903 1904 1076 1997 praedicto
1100 1903 1246 1978 dicens:
1272 1906 1402 1996 taqua
1431 1927 1496 1979 cro
1528 1906 1623 1997 bado,

455 2025 545 2099 idest
562 2025 656 2097 bura
672 2013 708 2115 (Β)
730 2043 835 2097 more
855 2022 1056 2116 lombardo,
1077 2026 1175 2096 assui
1184 2018 1248 2115 piri
1264 2025 1323 2095 cte
1333 2045 1457 2116 οονοο,
1476 2024 1569 2099 idest
1581 2015 1619 2117 (⁸)

454 2145 649 2237 plusquam
674 2142 720 2216 sit
743 2143 845 2217 color
870 2162 998 2236 persus
1023 2142 1186 2234 quinon
1210 2148 1266 2217 est
1290 2142 1327 2215 in
1352 2149 1470 2218 totum
1503 2143 1618 2239 niger,

456 2272 492 2338 ct
516 2265 611 2338 bene
636 2262 786 2358 fingitur
809 2262 978 2354 obscura,
1005 2262 1090 2355 quia
1115 2261 1170 2335 ira
1185 2267 1223 2336 et
1239 2261 1382 2335 tristitia
1402 2262 1568 2339 obfuscat
1581 2255 1620 2354 (³)

453 2384 618 2457 animum
645 2383 835 2477 cuiusque.
866 2382 910 2455 Et
923 2373 960 2474 (ὅ)
992 2381 1148 2457 ostendit
1176 2381 1361 2474 quomodo
1391 2382 1621 2457 intraverunt

454 2503 551 2577 viam
575 2523 683 2575 suam
709 2507 904 2594 sequentes
928 2521 1078 2574 cursum
1097 2500 1201 2574 istius
1216 2519 1323 2592 aquae
1340 2500 1455 2595 nigrae
1474 2501 1616 2576 dicens:

451 2644 469 2690 ο
492 2624 554 2693 noi
576 2623 730 2692 ἑοινοοιο
753 2614 814 2708 qil
832 2640 901 2710 per
924 2640 997 2692 una
1022 2624 1080 2692 vio
1104 2622 1258 2711 diuerso,
1282 2619 1416 2694 scilicet
1440 2640 1463 2694 a
1487 2620 1617 2714 prima

450 2745 487 2811 io
510 2741 721 2829 comnoqnta
750 2741 794 2810 de
822 2740 947 2810 tonde
977 2738 1067 2829 dioc,
1096 2737 1188 2812 idest
1216 2759 1399 2831 aquarum
1429 2738 1617 2815 fuscarum

450 2857 567 2952 qualis
591 2863 647 2931 est
671 2877 814 2951 pannus
838 2856 902 2950 qui
926 2855 1060 2930 dicitur
1084 2846 1256 2950 bisus(⁷);
1285 2857 1382 2932 unde
1414 2859 1502 2949 btqe,
1527 2857 1619 2932 idest

450 2980 590 3071 brunae,
616 2984 654 3052 et
679 2977 800 3051 subdit
818 2976 940 3050 locum
959 2977 994 3049 in
1012 2995 1124 3069 quem
1142 2976 1256 3050 tendit
1273 2977 1339 3051 ista
1355 2998 1454 3071 aqua
1471 2978 1616 3053 dicensz

448 3106 564 3190 questo
581 3101 680 3171 triste
695 3100 820 3189 rescat,
834 3096 926 3170 idest
943 3096 1083 3170 rivulus
1100 3095 1164 3190 qui
1181 3095 1294 3171 tendit
1309 3096 1356 3170 ad
1374 3096 1553 3172 tristitiam
1567 3085 1617 3189 (⁸),

449 3239 494 3290 oo
516 3220 555 3289 tn
578 3220 614 3290 la
633 3218 764 3308 palude
788 3205 875 3288 clt'd
898 3236 1000 3288 nocte
1024 3218 1129 3307 Stiqe,
1147 3217 1205 3291 vel
1221 3215 1425 3290 secundum
1442 3216 1551 3291 aliam
1574 3217 1620 3291 li-

448 3344 577 3430 teram‚
595 3340 638 3430 so
657 3356 729 3408 urm
751 3338 881 3427 ροὶοάο
903 3324 991 3407 οΙι’ἁ
1014 3356 1116 3409 nome
1138 3338 1236 3426 stine,
1254 3341 1291 3408 et
1317 3334 1461 3409 videtur
1488 3336 1617 3411 melior

448 3457 563 3550 litera,
588 3457 731 3549 quoodo
755 3450 793 3529 c‘e
815 3457 947 3528 disemo
966 3448 1072 3546 oppid
1084 3457 1128 3527 de
1143 3456 1175 3526 o
1191 3457 1342 3544 malique
1351 3458 1484 3546 piaque
1501 3458 1615 3548 quiqu,

448 3576 538 3651 idest
561 3582 756 3671 postquam
782 3573 948 3668 pervenit
971 3574 1018 3647 ad
1031 3565 1069 3664 (⁹)
1094 3573 1231 3668 plagias
1247 3573 1364 3668 grisas
1380 3593 1464 3667 quae
1480 3575 1616 3650 habent

448 3696 608 3770 colorem
639 3693 870 3789 subnigrum,
902 3689 1019 3785 qualis
1049 3697 1104 3765 est
1133 3691 1242 3765 vestis
1272 3691 1376 3787 nigra
1406 3692 1614 3787 monacalis,

448 3816 495 3891 ita
521 3813 620 3909 quod
638 3815 739 3888 locus
759 3812 1010 3887 conformatur
1026 3832 1145 3905 aquae,
1163 3811 1250 3905 quia
1266 3811 1401 3887 scilicet
1420 3830 1519 3904 aqua
1535 3819 1616 3886 erat

447 3935 556 4028 grisa,
582 3940 619 4009 et
645 3933 723 4028 ripn
748 3952 814 4027 per
833 3953 945 4025 quam
966 3931 1187 4006 decurrebat
1203 3931 1240 4006 in
1256 3932 1388 4006 vallem
1405 3937 1486 4006 crat
1504 3931 1612 4028 grisa.

447 4060 491 4127 Ε)
511 4057 558 4126 io.
584 4054 690 4127 Nunc
713 4059 823 4126 autor
839 4050 1009 4126 describit
1025 4070 1172 4146 poenam
1190 4049 1451 4127 iracundorum
1467 4049 1613 4125 dicens:

447 4180 491 4246 Et
519 4176 555 4246 io
587 4175 647 4246 cire
676 4176 725 4245 mi
747 4180 850 4247 stava
872 4174 996 4262 inleso,
1022 4170 1113 4245 idest
1138 4177 1277 4259 monto,
1302 4171 1340 4242 di
1372 4172 1499 4261 muer,
1525 4168 1616 4244 idest

448 4293 630 4387 speculari
655 4313 787 4368 novam
816 4313 974 4387 posnam,
1000 4294 1073 4366 vidi
1086 4297 1186 4382 ocule
1197 4293 1347 4383 formose
1363 4293 1400 4363 io
1424 4292 1503 4382 quel
1522 4310 1619 4383 pon-

506 4544 579 4601 t'tE.
596 4543 699 4607 quando
715 4543 822 4594 scilicet.
1077 4541 1104 4602 ι’)
1119 4543 1146 4593 S.
1161 4543 1261 4595 scribit.

505 4619 531 4678 ι’)
547 4620 577 4669 E.
596 4621 661 4670 idest
675 4620 795 4671 obscura.
1076 4619 1103 4680 θ)
1118 4619 1144 4670 S.
1161 4619 1226 4670 idest
1241 4632 1321 4685 qun
1336 4620 1379 4671 ro.

506 4696 532 4753 (¹)
548 4695 578 4744 E.
596 4695 740 4746 obfuscant.
932 4710 935 4714 ’
1075 4694 1102 4756 (¹)
1119 4700 1175 4757 mc,
1190 4701 1218 4747 ot
1234 4696 1304 4747 dett

504 4769 530 4830 (²)
548 4775 601 4829 lto,
619 4770 722 4820 bisclus.
739 4797 770 4809 -
785 4770 811 4821 S.
828 4772 919 4822 δίκαι.

502 4845 528 4905 (“)
544 4845 570 4895 S.
587 4846 726 4905 tristitiam,
742 4860 803 4896 nam
819 4847 920 4897 rivulus
935 4849 981 4911 qul
997 4847 1079 4898 tendit
1094 4848 1127 4897 ad
1143 4848 1283 4909 tristitiam,
1299 4861 1342 4898 oc.
