3990 6540
817 798 955 852 esurus
980 796 1173 852 sacunnus.
1533 786 1579 851 89

408 945 474 1018 luit
500 943 633 1018 mulier
657 944 848 1017 florentina
874 962 1018 1037 magnae
1039 943 1299 1037 pulcritudinis,
1320 944 1384 1018 sed
1409 943 1580 1017 maximae

407 1063 615 1157 honestatis,
642 1070 684 1136 ut
708 1063 792 1136 alibi
818 1062 926 1135 latius
950 1061 1104 1154 dicetur,
1131 1062 1314 1156 praecipue
1345 1062 1443 1136 circa
1469 1061 1580 1136 linem

407 1182 635 1279 Purgatorii3
662 1201 746 1275 quae
771 1202 857 1255 cum
885 1187 980 1254 esset
1000 1186 1082 1253 octo
1099 1201 1283 1254 annorum
1297 1173 1349 1274 ι’),
1369 1181 1418 1255 ita
1435 1182 1581 1255 intravit

405 1324 471 1379 eor
496 1303 587 1395 eius,
607 1301 707 1396 quod
732 1322 939 1395 numquam
959 1307 1084 1394 postea
1102 1300 1212 1373 exivit
1233 1301 1349 1374 donec
1366 1302 1466 1394 vixit,
1485 1302 1583 1376 unde

405 1441 552 1516 semper
577 1421 713 1495 amavit
738 1440 823 1494 eam
848 1420 1103 1493 ardentissime
1128 1440 1193 1513 per
1218 1419 1383 1513 spacium
1409 1420 1487 1493 lllll
1512 1441 1580 1493 an-

406 1547 554 1633 norum,
579 1547 616 1615 et
641 1541 815 1614 continuo
841 1558 927 1612 cum
953 1544 1060 1612 aetate
1086 1537 1331 1631 multiplicatae
1363 1543 1448 1610 sunt
1476 1558 1583 1612 amo·

408 1681 500 1734 rosae
526 1660 696 1751 llammae,
726 1665 762 1732 et
791 1677 937 1752 semper
967 1657 1191 1751 sequebatur
1227 1676 1311 1730 eam
1344 1676 1582 1750 quocumque

407 1785 589 1876 pergeret,
615 1778 768 1853 credens
792 1777 829 1849 in
855 1777 970 1850 oculis
995 1777 1075 1850 eius
1101 1775 1226 1850 videre
1256 1796 1443 1848 summam
1469 1775 1581 1848 felici·

408 1905 532 1973 tatem.
559 1897 663 1971 blodo
688 1896 734 1970 ad
761 1897 984 1990 propositum
1011 1897 1104 1988 dico,
1125 1895 1224 1988 quod
1251 1901 1361 1969 autor
1385 1894 1581 1986 aliquando

409 2018 446 2091 in
471 2036 540 2090 suo
564 2035 678 2110 opere
703 2016 797 2110 capit
822 2016 1024 2090 Beatricem
1051 2015 1232 2108 historice,
1257 2015 1453 2107 aliquando
1479 2033 1580 2106 vero,

408 2144 445 2211 et
479 2143 519 2209 ιιι
552 2136 767 2231 plurimum,
800 2135 1001 2230 anagogice
1033 2155 1099 2227 pro
1134 2155 1238 2208 sacra
1268 2134 1461 2230 theologia,
1497 2153 1581 2228 quae

408 2256 596 2352 eleganter
621 2255 804 2352 liguratur
829 2275 895 2348 per
920 2255 1148 2345 Beatricem3
1184 2255 1276 2328 sicut
1305 2255 1404 2328 enim
1434 2254 1581 2329 Beatrix

408 2375 503 2449 inter
527 2375 694 2448 dominas
719 2373 927 2447 llorentinas
953 2374 1098 2467 pulcras
1122 2380 1159 2446 et
1185 2393 1297 2468 vagas
1328 2379 1408 2447 erat
1435 2376 1581 2468 pulcer-

408 2495 502 2568 rima
527 2502 564 2569 et
588 2494 831 2588 pudicissima,
851 2493 901 2565 ita
921 2493 1103 2588 theologia
1128 2493 1222 2567 inter
1246 2494 1413 2568 scientias
1438 2495 1581 2568 secula-

409 2635 468 2689 res
493 2616 639 2710 pulcras
669 2620 705 2687 et
739 2611 968 2686 delectabiles
996 2618 1050 2685 est
1080 2612 1304 2706 pulcerrima
1337 2619 1374 2686 et
1403 2614 1583 2687 honestis-

408 2734 511 2807 sima.
542 2734 666 2807 Simile
698 2732 855 2805 vidimus
886 2731 1111 2826 temporibus
1142 2733 1273 2806 nostris
1307 2733 1344 2806 in
1373 2733 1445 2807 alio
1474 2741 1581 2828 poeta

410 2855 623 2947 llorentin03
657 2874 743 2926 nam
776 2853 948 2926 Petrarca
976 2853 1114 2925 amavit
1143 2852 1361 2927 Laurectam
1396 2872 1461 2946 per
1486 2859 1582 2926 tem-

412 2995 480 3067 pus
509 2974 590 3046 lllll
619 2993 802 3047 annorum
834 2971 1003 3044 historice
1036 2977 1072 3043 et
1101 2972 1251 3065 poetice.
1288 2972 1454 3044 Primum
1484 2977 1583 3066 patet

412 3111 476 3186 per
501 3098 554 3165 tot
578 3091 658 3166 eius
689 3092 783 3164 dicta
813 3109 983 3163 amorosa
1016 3096 1205 3180 materna3
1237 3091 1440 3163 secundum
1471 3090 1581 3163 etiam

412 3212 588 3304 probatur
613 3230 659 3283 ex
686 3211 778 3282 libro
803 3208 1080 3281 Buccolicorum
1107 3208 1186 3280 eius
1212 3214 1248 3282 et
1275 3208 1397 3281 multis
1421 3208 1518 3281 aliis:
1534 3209 1582 3281 ita

411 3329 509 3403 euim
535 3330 671 3403 ooelurn
697 3328 863 3423 producit
890 3327 1103 3401 mirabiliter
1129 3326 1280 3400 ellectus
1304 3347 1402 3400 suos.
1428 3327 1503 3400 Nec
1528 3327 1584 3400 vi·

410 3450 542 3524 deatur
565 3449 629 3522 tibi
655 3447 857 3543 indignum,
883 3449 1008 3539 lector,
1035 3447 1134 3540 quod
1163 3447 1308 3520 Beatrix
1341 3447 1475 3519 mulier
1499 3468 1583 3521 car-

412 3589 480 3644 nea
497 3569 696 3663 accipiatur
713 3569 869 3643 allanto
886 3588 953 3662 pro
970 3587 1073 3640 sacra
1092 3567 1283 3662 theologia.
1303 3568 1430 3642 Nonne
1448 3570 1583 3643 Rachel

410 3690 614 3764 secundum
640 3689 848 3763 historicam
876 3688 1067 3763 veritatem
1097 3686 1165 3760 luit
1195 3689 1321 3781 pulcra
1351 3710 1447 3763 uxor
1472 3691 1583 3765 Jacob

411 3829 558 3884 summe
577 3815 699 3883 amata
724 3809 772 3883 ab
797 3829 842 3884 eo
855 3800 906 3901 ι’),
925 3828 992 3902 pro
1009 3829 1082 3899 qua
1101 3808 1266 3882 habenda
1283 3810 1476 3884 custodivit
1496 3830 1584 3885 oves

412 3948 478 4023 per
505 3928 596 4001 xllll
621 3949 748 4021 annos,
774 3935 812 4002 et
837 3934 960 4002 tamen
979 3928 1181 4021 anagogice
1199 3927 1332 4022 figurat
1357 3930 1468 4003 vitam
1494 3950 1584 4004 oon-

413 4048 672 4143 templativam,
691 4068 804 4140 quam
831 4047 942 4121 Jacob
963 4047 1176 4121 mirabiliter
1199 4048 1348 4140 amavit,
1365 4049 1458 4123 sicut
1474 4056 1584 4124 autor

414 4169 490 4262 ipse
513 4168 637 4241 scribit
662 4165 821 4240 Paradisi
847 4168 943 4239 llllll
964 4168 1135 4261 capitulo,
1153 4167 1214 4239 ubi
1233 4168 1402 4241 describit
1418 4175 1583 4244 contem·

412 4287 608 4381 plationem
633 4287 703 4358 sub
728 4286 846 4381 ligura
866 4287 989 4360 scalae.
1012 4288 1054 4358 Et
1080 4287 1109 4359 si
1135 4286 1240 4359 dicis:
1259 4307 1329 4359 non
1348 4289 1459 4362 credo
1483 4288 1582 4381 quod

414 4405 558 4480 Beatrix
585 4407 643 4480 vel
669 4406 804 4480 Rachel
834 4410 1029 4479 sumantur
1060 4425 1223 4497 unquam
1257 4405 1503 4499 spiritualiter,
1528 4407 1584 4481 di·

413 4548 495 4602 cam
529 4526 628 4620 quod
662 4534 788 4599 contra
823 4531 998 4622 negantes
1031 4525 1204 4618 principia
1235 4545 1309 4598 non
1341 4527 1583 4622 estamplius

475 4754 501 4813 ι’)
519 4761 573 4816 tlt,
585 4756 676 4808 lbos.
692 4771 750 4820 quo
767 4771 828 4808 curn
843 4762 910 4807 esset
925 4762 986 4807 octo
1002 4770 1138 4815 annorum,
1157 4757 1209 4806 vlu
1225 4758 1310 4818 primo
1326 4756 1443 4817 uitulo,
1459 4758 1505 4821 qul
1522 4764 1583 4808 tunc

410 4837 468 4882 ent
484 4845 730 4891 normannorum,
748 4834 783 4882 lta
800 4834 905 4885 lutrarlt
920 4848 968 4885 eor
983 4834 1047 4883 elus.

475 4907 501 4967 (ἰ
518 4908 548 4960 lt
564 4916 649 4960 mata
665 4912 722 4961 vlro
737 4917 807 4961 suot
822 4924 870 4975 pro
884 4925 944 4975 qun.
