4154 6546
595 785 665 851 308
990 795 1190 850 consonum
1217 796 1367 848 rursum

591 940 736 1034 quando
766 941 889 1029 Ericto
916 940 1091 1035 compulit
1121 960 1209 1014 eum
1238 961 1306 1014 sua
1335 946 1416 1014 arte
1446 939 1589 1035 magica
1619 940 1757 1016 intrare

590 1066 742 1154 puteum
768 1059 897 1150 inferni
922 1059 968 1133 ad
993 1058 1237 1133 suscitandam
1264 1059 1435 1133 umbram
1460 1058 1571 1133 unius
1596 1060 1757 1153 prodito·

591 1168 641 1252 ris
663 1179 709 1252 de
738 1176 918 1271 profundo
947 1178 1087 1253 inierni.
1106 1178 1209 1252 llicit
1233 1198 1346 1274 ergo:
1373 1181 1410 1251 lu
1435 1200 1543 1252 conte
1571 1200 1635 1251 ero
1659 1183 1757 1253 nudo
1856 1253 1863 1265 ,

590 1301 627 1371 di
651 1319 717 1388 mc,
743 1298 833 1372 idest
859 1298 994 1372 nudata
1019 1305 1057 1372 et
1080 1298 1222 1393 privata
1239 1318 1323 1372 mea
1340 1297 1459 1394 figura
1476 1300 1651 1393 hnmana,
1667 1299 1755 1393 quia

589 1418 660 1490 cito
694 1424 774 1511 post
805 1425 961 1492 mortem
995 1438 1082 1491 caro
1115 1418 1309 1492 resolvitur
1340 1418 1378 1491 in
1406 1418 1589 1493 elementa
1613 1439 1692 1511 sua,
1718 1425 1755 1492 et

588 1537 720 1610 amittit
745 1538 931 1632 pristinam
958 1536 1127 1633 figuram,
1152 1540 1191 1612 di
1208 1558 1314 1629 poco,
1331 1538 1423 1613 idest
1438 1538 1485 1612 de
1502 1537 1645 1629 modico
1662 1544 1756 1612 teru-

589 1676 679 1750 pore
705 1676 808 1730 eram
834 1662 1016 1749 mortuus,
1040 1659 1166 1729 cl'ello
1191 1678 1245 1729 me
1265 1660 1320 1749 sec
1343 1660 1461 1730 iomar
1480 1659 1605 1729 dentre
1629 1677 1654 1728 α
1678 1660 1756 1747 guel

590 1796 703 1865 muro,
728 1775 863 1850 scilicet
888 1775 989 1848 istius
1014 1775 1182 1866 civitatis3
1208 1776 1326 1848 stabat
1350 1775 1448 1848 enim
1475 1775 1644 1870 Virgilius
1669 1782 1755 1848 ante

588 1901 731 1988 portam
758 1891 903 1987 quando
924 1893 1066 1966 dicebat
1082 1892 1148 1966 ista
1160 1884 1210 1984 (¹),
1235 1899 1272 1966 et
1288 1913 1375 1967 ecce
1391 1913 1526 1985 qnare:
1546 1915 1615 1986 per
1632 1902 1754 1966 trorrw

587 2034 633 2084 un
663 2015 772 2104 spirtu
801 2014 858 2084 det
886 2014 1020 2084 ceretio
1047 2013 1086 2084 di
1117 2014 1243 2103 (liudo,
1275 2011 1366 2086 idest
1390 2013 1437 2086 de
1462 2013 1591 2087 ultimo
1615 2013 1754 2088 circulo

588 2130 764 2225 infernali,
790 2131 826 2204 in
851 2131 956 2203 cuius
980 2137 1107 2205 centro
1131 2130 1278 2224 ponitur
1297 2130 1419 2223 ludas,
1446 2136 1487 2202 nt
1507 2137 1605 2224 patet
1622 2130 1752 2204 ultimo
1869 2218 1873 2223 ⁵

588 2251 746 2345 capitulo
771 2251 911 2326 inierni.
930 2252 973 2324 lit
985 2242 1022 2341 (²)
1048 2251 1106 2324 hic
1131 2256 1216 2324 nota
1234 2251 1328 2324 bene
1344 2249 1442 2342 quod
1461 2250 1527 2324 iste
1544 2271 1671 2344 passus
1697 2250 1752 2323 vi-

587 2370 695 2461 detur
713 2369 820 2443 nimis
840 2369 941 2443 fortis
959 2369 1093 2462 multis,
1111 2368 1209 2443 unde
1224 2367 1389 2442 dubitant
1406 2375 1443 2442 et
1459 2375 1587 2462 petunt
1604 2368 1751 2462 quando

587 2488 655 2561 luit
669 2479 705 2578 (³)
732 2490 813 2582 hoc,
830 2495 867 2563 et
883 2489 1025 2562 dicunt:
1051 2488 1197 2581 quando
1223 2488 1343 2562 liricto
1359 2487 1545 2563 suscitavit
1562 2495 1750 2563 mortuum

588 2606 634 2679 ad
665 2607 873 2700 petitionem
906 2606 1016 2700 Sexti,
1049 2606 1095 2679 de
1127 2627 1201 2698 qno
1225 2606 1363 2680 dictum
1397 2612 1462 2681 est.
1495 2607 1566 2682 Sed
1597 2609 1665 2682 hoc
1695 2615 1751 2682 est

590 2724 739 2798 omnino
757 2713 794 2814 (ὗ)
820 2724 1049 2818 impossibile,
1075 2725 1160 2816 quia
1186 2725 1356 2819 Virgilius
1380 2732 1461 2798 erat
1486 2731 1572 2800 tunc
1597 2726 1748 2819 iuvenis,

587 2843 644 2917 vel
660 2835 696 2934 (⁵)
723 2851 891 2917 mortuus
916 2851 971 2918 est
996 2851 1162 2937 tempore
1186 2844 1352 2938 Augusti,
1379 2852 1420 2917 ut
1445 2845 1518 2918 iam
1540 2845 1678 2919 dietum
1696 2855 1751 2920 est

587 2962 744 3057 capitulo
769 2964 794 3034 l.
821 2962 886 3035 Alii
912 2963 1037 3036 dicunt
1061 2962 1160 3055 quod
1186 2962 1253 3035 ista
1278 2963 1398 3037 Ericto
1427 2964 1612 3038 suscitavit
1637 2966 1750 3039 aliurn

586 3089 777 3154 mortuum
804 3082 840 3154 in
866 3081 1028 3155 Thesalia
1054 3081 1099 3155 ad
1125 3081 1334 3176 petitionem
1352 3082 1453 3155 Bruti
1481 3089 1517 3157 et
1542 3084 1666 3177 Cassii,
1686 3085 1748 3179 qui

586 3201 752 3276 lecerunt
772 3202 819 3275 ibi
837 3201 975 3275 bellum
1000 3200 1105 3274 civile
1130 3221 1216 3275 cum
1236 3202 1402 3297 Augusto
1427 3209 1464 3276 et
1489 3203 1659 3297 Antoni03
1685 3203 1748 3278 sed

587 3322 654 3394 hoc
684 3321 793 3394 etiam
829 3326 883 3393 est
920 3319 1063 3411 falsum,
1101 3319 1187 3412 quia
1224 3322 1442 3415 paulopost
1479 3321 1575 3395 istud
1613 3323 1750 3396 bellum

588 3439 757 3535 Virgilius
771 3429 807 3531 (⁸)
843 3438 961 3532 primo
994 3438 1093 3511 venit
1125 3438 1281 3512 Romam
1315 3440 1487 3534 spoliatus
1527 3441 1631 3514 bonis
1664 3442 1749 3514 suis.

586 3559 656 3634 Sed
685 3566 786 3634 certe
815 3578 889 3631 non
918 3563 1061 3650 oportet
1091 3557 1145 3631 ire
1174 3577 1240 3651 per
1269 3557 1336 3631 ista
1364 3559 1505 3632 somnia
1530 3579 1637 3653 vana,
1664 3560 1750 3651 quia

586 3678 653 3751 ista
686 3683 741 3751 est
770 3674 977 3769 simpliciter
1011 3673 1107 3749 fictio
1138 3695 1243 3768 nova,
1269 3675 1356 3768 quia
1389 3682 1498 3749 autur
1523 3676 1626 3771 fingit
1651 3676 1750 3768 quod

586 3797 755 3892 Virgilius
786 3796 855 3869 hoo
889 3792 1033 3867 finxerit
1065 3792 1112 3866 ad
1126 3782 1162 3882 (⁷)
1189 3791 1458 3868 exhortandum
1490 3793 1624 3889 ipsum,
1654 3793 1748 3866 sicut

585 3915 669 3991 iacit
693 3911 887 4009 aliquando
913 3911 968 3985 vir
994 3910 1135 4005 sapiens
1160 3918 1202 3985 nt
1225 3918 1373 4005 praestet
1387 3901 1423 4004 (⁵¹)
1444 3911 1636 3987 materiam
1653 3913 1748 3986 bene

586 4033 752 4129 sperandi
768 4025 804 4124 (⁰)
828 4031 945 4125 alteri,
970 4029 1071 4103 dicit:
1090 4030 1184 4104 bene
1203 4050 1287 4104 sum
1308 4038 1481 4126 expertus
1505 4031 1543 4104 in
1568 4032 1649 4124 hoc,
1667 4031 1750 4104 ideo

585 4173 633 4228 ne
656 4151 799 4226 dubites
824 4150 887 4258 tibi
912 4149 958 4224 de
982 4149 1116 4242 aliquo.
1137 4148 1239 4224 Unde
1263 4150 1384 4225 statim
1408 4150 1568 4246 assignat
1584 4170 1750 4242 eausam,

646 4422 673 4482 (·)
689 4421 719 4470 R
735 4433 750 4470 e
768 4425 821 4479 llo,
840 4421 887 4470 ista
903 4417 989 4468 reru.

646 4496 715 4558 ms.
732 4497 764 4546 Et
781 4503 840 4547 nota
857 4496 922 4546 bene
937 4494 1007 4558 qnod
1024 4493 1071 4544 iste
1086 4506 1174 4556 putus
1190 4494 1255 4545 bene
1271 4494 1381 4545 videtur.
1397 4520 1428 4532 -
1445 4494 1475 4544 E.
1492 4494 1526 4543 Et
1541 4494 1583 4544 hic
1598 4491 1750 4543 notandum.

646 4572 673 4634 (¹)
689 4573 719 4622 B.
736 4572 816 4623 luerit
832 4573 890 4622 hoc.
907 4597 938 4609 -
955 4574 1008 4630 llo,
1025 4569 1075 4621 iult
1091 4571 1154 4632 hoc:
1170 4577 1196 4621 et
1213 4571 1303 4622 dicunt
1318 4571 1396 4636 aliqui
1411 4570 1514 4634 qunndo
1531 4569 1656 4620 llerloon.

646 4647 673 4708 (⁸)
689 4648 721 4697 Ε.
737 4648 843 4698 οιιιιιΙιιο
857 4646 961 4705 falsum,
978 4645 1047 4709 quin.

647 4722 674 4784 (¹)
690 4722 714 4773 S.
731 4728 757 4773 ct
773 4726 893 4773 mortuus
908 4727 956 4773 out.
971 4748 1003 4759 -
1017 4721 1048 4771 E.
1063 4727 1090 4772 et
1106 4727 1226 4774 mortuns
1241 4728 1366 4786 ternpore.

648 4796 675 4858 (·)
692 4803 746 4856 llo,
764 4797 887 4861 Virgilius
903 4799 972 4848 mult
988 4797 1107 4848 Romam.
1211 4798 1239 4861 (¹)
1253 4798 1280 4849 S.
1295 4800 1328 4850 ud
1343 4800 1516 4852 hortationem
1533 4798 1621 4861 ipsius.

492 4878 496 4885 '
646 4871 674 4931 (¹)
692 4872 722 4922 B.
739 4871 868 4935 unierat.
1210 4874 1237 4934 l‘l
1254 4879 1308 4935 llt,
1324 4877 1450 4939 mnndi,
1467 4875 1543 4927 dicltr
1559 4873 1631 4923 boue.
