4154 6546
447 789 520 855 200
840 750 1044 854 counnnurr
1069 797 1220 852 mannus

447 949 504 1017 rat
527 942 698 1018 ardorem
725 942 894 1037 luxurie,
920 953 958 1019 et
982 941 1031 1016 ibi
1054 948 1183 1037 captus
1212 939 1457 1035 voluptatibus
1487 943 1617 1021 oblivi-

446 1061 558 1136 scitur
583 1061 639 1137 sui
664 1062 883 1137 honorabilis
916 1061 1102 1158 propositi,
1132 1080 1200 1136 nec
1232 1060 1299 1135 scit
1327 1060 1411 1137 inde
1443 1064 1617 1142 recedere

447 1182 513 1255 nisi
538 1183 686 1257 landem
711 1182 946 1257 miseratione
959 1174 1010 1274 (⁴).
1041 1182 1126 1257 ldeo
1156 1181 1251 1256 bene
1282 1180 1453 1278 Virgilius
1480 1182 1617 1260 inducit

445 1301 670 1377 Mercurium
705 1302 882 1377 nuncium
911 1302 1022 1397 lovis,
1057 1301 1122 1396 qui
1155 1301 1308 1376 retrahit
1339 1321 1428 1378 eum
1460 1301 1554 1397 inde,
1579 1311 1618 1379 et

445 1422 566 1518 dirigit
591 1422 628 1496 in
652 1422 768 1518 ipsam
796 1422 893 1498 viam
919 1443 1026 1498 suam
1060 1444 1083 1498 a
1116 1442 1193 1517 qna
1224 1420 1371 1496 incaute
1404 1430 1616 1502 recesserat

446 1543 490 1615 Et
515 1548 555 1616 tu
580 1540 701 1616 dices:
728 1561 801 1617 non
825 1539 952 1617 debuit
975 1541 1148 1639 Virgilius
1167 1561 1214 1616 ex
1234 1541 1303 1615 lroc
1321 1540 1445 1617 iacere
1469 1541 1618 1619 viduam

446 1659 760 1754 honestissimam,
785 1661 1030 1736 meretricem.
1065 1660 1154 1735 Dico
1184 1659 1284 1754 quod
1317 1668 1517 1735 excusatur
1550 1680 1619 1756 pro

448 1787 559 1874 tanto,
594 1780 681 1874 quia
715 1800 787 1856 non
818 1779 1026 1856 inveniebat
1053 1780 1163 1856 dmm
1198 1779 1364 1876 regium
1398 1779 1436 1853 in
1472 1779 1618 1875 illirica,

446 1920 559 1995 quam
584 1906 705 1994 posset
725 1899 908 1995 accipere;
934 1898 1028 1992 licet,
1045 1897 1221 1993 quioquid
1245 1898 1401 1992 dicatur,
1419 1899 1508 1973 milri
1532 1899 1619 1975 satis

446 2019 606 2114 displicet
631 2016 730 2112 quod
754 2017 822 2092 ista
846 2017 1045 2094 clarissima
1071 2016 1310 2093 dominatam
1337 2017 1483 2114 indigne
1508 2017 1618 2094 inerit

295 2184 301 2198 ·
447 2139 619 2214 insamae
632 2128 683 2230 (¹).
717 2136 817 2212 sicus
850 2137 950 2213 enm
984 2117 1196 2212 semiramis
1232 2136 1421 2211 luxuriosa
1453 2135 1618 2212 sununs

448 2259 644 2354 imperium
670 2256 903 2352 Assiriorum,
930 2257 978 2332 ita
1003 2256 1093 2332 Dido
1117 2255 1247 2352 pudica
1263 2246 1301 2348 (³)
1327 2255 1522 2349 imperium
1548 2255 1618 2331 Pe·

447 2399 581 2452 norum
607 2398 753 2473 semper
778 2379 947 2453 emulum
972 2377 1235 2452 Romanorum.
1261 2376 1366 2450 Nunc
1400 2374 1447 2450 ad
1482 2395 1618 2470 propo-

446 2499 557 2571 situm
589 2504 698 2572 autor
723 2497 837 2592 ponit
868 2496 1045 2571 Didonem
1079 2516 1300 2590 amorosam,
1331 2495 1418 2590 quia
1450 2494 1617 2590 sequitur

446 2614 653 2710 Virgilium,
685 2621 721 2689 et
752 2615 854 2710 fingit
882 2615 1074 2712 Virgilium
1109 2616 1180 2690 boc
1218 2615 1351 2691 dicere.
1381 2615 1435 2689 ld
1473 2615 1616 2691 literam

447 2752 536 2828 ergo
565 2731 674 2806 dicit:
704 2735 850 2806 L’ottro
874 2728 912 2806 e‘e
939 2736 1026 2807 colei
1053 2736 1114 2807 cte
1141 2736 1293 2808 s’ucnse
1320 2755 1502 2826 amorosa,
1526 2734 1619 2810 idest

447 2848 549 2944 Dido,
567 2871 651 2944 qnae
672 2850 851 2927 interiecit
867 2872 908 2926 se
929 2853 977 2927 ob
993 2872 1161 2927 amorem
1186 2855 1296 2928 Eneae
1320 2872 1407 2928 cnm
1432 2853 1620 2930 desereret

448 2972 562 3065 ipsam
577 2958 626 3062 (ἢ.
645 2972 783 3047 Tamen
800 2971 935 3047 veritas
954 2971 1059 3047 aliter
1078 2992 1120 3048 se
1137 2973 1246 3048 babet
1259 2965 1310 3067 (ὃ),
1328 2980 1370 3047 ut
1393 2973 1531 3049 dictum
1551 2979 1619 3066 est,

447 3092 536 3185 quia
559 3092 676 3165 Encas
701 3112 893 3186 nunquam
919 3092 986 3166 luit
1010 3092 1048 3168 in
1073 3093 1217 3186 Alisina,
1244 3114 1312 3168 nec
1341 3114 1506 3187 unquam
1531 3091 1619 3167 vidit

447 3211 635 3287 Didonem.
661 3212 715 3287 De
739 3213 809 3287 bac
834 3212 988 3288 materia
1013 3213 1155 3289 dicetur
1185 3213 1342 3308 amplius
1373 3212 1532 3288 Paradisi
1555 3231 1620 3288 ca·

447 3330 560 3423 pitulo
584 3330 643 3404 lX.
670 3331 714 3403 lit
738 3330 842 3405 dicit:
868 3353 887 3404 e
910 3353 1021 3425 roppe
1042 3335 1121 3426 sede
1145 3336 1184 3406 ol
1210 3353 1312 3406 certer
1341 3336 1378 3406 dl
1407 3336 1536 3406 Siclreo.
1563 3329 1620 3407 Si·

448 3451 561 3524 clreus
590 3449 687 3524 enim
719 3449 786 3523 luit
814 3450 969 3524 maritus
997 3451 1155 3545 Didonis,
1186 3451 1250 3544 qui
1284 3450 1352 3524 init
1382 3459 1564 3526 mactatus
1584 3456 1620 3525 'n

448 3567 671 3664 Pigmalione
695 3568 809 3643 tratre
837 3568 949 3662 ipsius
978 3569 1134 3662 Didonis,
1170 3576 1211 3642 ut
1236 3569 1385 3645 habebis
1410 3570 1619 3665 Purgnnmii

447 3689 604 3784 capitulo
630 3688 695 3761 XX
728 3687 790 3761 nbi
822 3695 931 3763 autor
963 3689 1070 3763 dicit:
1105 3691 1173 3762 Not
1201 3692 1369 3781 repertum
1402 3692 1619 3779 Ptpmobone

448 3812 579 3883 otloao
599 3808 683 3882 Post
704 3814 862 3882 mortem
881 3827 971 3882 vero
987 3807 1105 3882 Sichei
1130 3807 1220 3882 Dido
1238 3815 1390 3884 voverat
1406 3828 1480 3882 non
1497 3814 1618 3882 trans-

448 3932 502 4005 ire
534 3930 581 4003 ad
610 3927 788 4004 mundas
817 3928 973 4023 nuptias,
999 3927 1063 4002 sed
1087 3927 1290 4003 secundnm
1323 3927 1506 4003 fictionem
1536 3927 1618 4003 Vir-

446 4048 521 4144 gilii
547 4047 694 4124 violavit
718 4045 827 4124 iidem
853 4047 938 4125 voti.
964 4048 1008 4121 Et
1032 4047 1140 4123 dicit:
1158 4051 1197 4121 ot
1219 4069 1334 4138 ceno,
1360 4047 1450 4122 idest
1476 4065 1619 4122 memo-

449 4167 524 4261 riae,
550 4166 638 4260 quia
662 4166 862 4261 antiquitus
887 4186 1043 4261 corpora
1078 4176 1312 4242 mortuorum
1343 4166 1618 4259 cremabantur,

448 4293 485 4361 et
501 4286 642 4363 cineres
659 4286 914 4361 servabantur.
935 4285 1005 4362 Sed
1024 4292 1151 4361 contra
1169 4285 1313 4363 videtur
1329 4286 1427 4379 quod
1447 4285 1539 4360 Dido
1554 4286 1620 4360 de-

448 4405 531 4480 beat
556 4405 682 4500 reponi
696 4395 734 4496 (⁶)
760 4405 854 4479 inter
879 4404 1125 4501 desperantes,
1142 4404 1229 4499 quia
1246 4425 1288 4480 se
1303 4406 1433 4480 occidit
1445 4394 1484 4498 (⁷)
1500 4405 1619 4501 gratia

510 4599 536 4659 (¹)
552 4599 578 4649 S.
594 4610 610 4647 e
627 4602 681 4658 lle,
698 4599 864 4651 minoratione
880 4599 975 4652 sitnm.
1202 4598 1229 4660 (⁹)
1246 4602 1300 4660 lle,
1317 4597 1455 4651 emmau.

510 4670 795 4737 rosmodam..
1203 4676 1229 4737 rt
1247 4674 1596 4741 rimamarum.

509 4747 537 4810 (⁸)
553 4748 580 4798 S.
594 4746 660 4798 (arm
676 4752 762 4799 umen
778 4750 874 4802 rerltae
889 4750 965 4802 nllter
980 4763 1008 4801 re
1023 4750 1124 4802 hubert
1202 4752 1230 4815 (η
1246 4752 1273 4803 S.
1289 4753 1355 4804 Dido
1370 4751 1484 4815 ponitur.

510 4824 536 4888 l‘l
551 4822 577 4873 S.
593 4823 695 4874 ocddlt.
715 4824 859 4877 Dicendum
879 4831 918 4877 eet
939 4827 1009 4890 qnod
1025 4839 1053 4879 re
1068 4828 1164 4881 ooddlt
1179 4830 1269 4894 grette.
1285 4854 1317 4869 -
1332 4831 1387 4888 tle,
1404 4825 1549 4879 Dicendum
1564 4839 1619 4876 nno
1676 4834 1679 4840 ‘

449 4899 528 4955 'verbo
544 4900 614 4967 qnod
629 4911 657 4951 re
672 4899 767 4953 occidit
783 4902 865 4965 grette
881 4903 988 4954 moris.
