4154 6546
451 795 522 863 346
846 804 1048 860 couauruu
1074 805 1224 858 rnrunm

449 953 625 1046 humoris,
643 951 736 1026 sicut
761 951 815 1024 soi
832 950 913 1024 sons
932 949 1081 1024 caloris:
1107 949 1280 1044 secundo,
1302 949 1443 1025 ratione
1459 971 1537 1025 snae
1558 971 1623 1025 ve-

448 1071 612 1166 locitatis,
639 1070 725 1164 quia
742 1070 780 1143 in
798 1068 944 1169 triginta
961 1068 1090 1143 diebus
1107 1073 1144 1144 et
1161 1069 1282 1144 minus
1298 1070 1481 1165 percurrit
1503 1076 1620 1145 totum

448 1192 652 1286 zodiacum,
680 1190 777 1264 unde
802 1189 955 1264 faciliter
978 1195 1097 1264 mutat
1121 1209 1261 1285 aerem,
1281 1190 1420 1266 etfacit
1440 1199 1568 1267 ventos
1585 1198 1622 1267 et

448 1310 599 1407 pluvias,
626 1316 662 1386 et
688 1314 808 1384 mutat
821 1301 859 1402 (¹)
877 1314 915 1384 et
931 1315 1056 1383 movet
1080 1330 1230 1409 aquam,
1251 1310 1337 1406 quia
1359 1311 1447 1385 luna
1472 1311 1623 1386 attrahit

449 1434 645 1506 humorem
658 1430 705 1506 dc
717 1430 929 1528 longinquo,
942 1429 1037 1505 sicut
1048 1451 1201 1526 magnes
1217 1430 1379 1506 femiam:
1401 1433 1520 1528 tertio,
1534 1433 1621 1531 quia

448 1557 504 1627 est
534 1549 768 1647 significatrix
800 1549 965 1623 omnium
992 1550 1221 1644 planetarum
1248 1550 1498 1647 superiorum3
1525 1552 1623 1628 unde

449 1676 503 1746 est
520 1671 614 1746 sicut
629 1671 916 1745 instrumentum
937 1690 1013 1764 quo
1032 1669 1160 1744 vinum
1179 1671 1367 1766 reponitur
1384 1671 1421 1746 in
1438 1681 1621 1775 vegetem,

448 1791 534 1885 qnia
559 1791 693 1865 scilicet
718 1790 856 1886 recepit
870 1781 909 1882 θ)
929 1789 1103 1885 desupra
1120 1789 1345 1866 influentiam
1363 1792 1521 1868 aliorum
1542 1795 1621 1894 pla-

450 1922 619 1989 netarum
646 1919 683 1987 et
708 1909 926 1986 transfundit
944 1929 1056 2005 super
1080 1930 1165 2004 nos3
1190 1909 1273 1985 ideo
1290 1911 1367 1987 iere
1387 1913 1424 1986 in
1449 1915 1621 1990 omnibus

447 2034 639 2129 sequimur
665 2038 808 2108 motum
828 2034 938 2127 lunae,
956 2032 1050 2107 sicut
1066 2032 1103 2106 in
1121 2032 1335 2129 navigando,
1352 2035 1388 2108 in
1406 2036 1525 2111 dando
1538 2057 1619 2111 me-

447 2154 594 2249 aranas,
620 2160 658 2229 a
682 2154 731 2228 aa
757 2152 803 2228 aa
827 2152 1019 2227 ann-r
1039 2174 1077 2226 se
1101 2159 1147 2226 n.
1173 2152 1238 2228 nnc
1263 2153 1431 2230 raama
1456 2157 1545 2251 petit
1570 2136 1638 2231 aa?

447 2281 580 2351 autore
603 2295 722 2371 quare
746 2273 903 2370 populus
928 2273 1141 2349 florentinus
1164 2274 1345 2371 guelphus
1367 2281 1422 2351 est
1439 2275 1489 2351 ita
1506 2277 1619 2351 obsti-

449 2403 557 2470 natus
581 2403 710 2471 contra
734 2416 821 2470 suos
847 2394 1049 2491 ghibelinos
1074 2396 1218 2493 exules,
1236 2396 1333 2472 unde
1348 2396 1494 2473 adiurat
1510 2407 1619 2474 auto

450 2537 541 2611 rem,
567 2495 713 2592 dicens:
738 2539 757 2590 e
780 2538 818 2590 ae
841 2525 877 2591 tu
901 2519 979 2591 redi
1003 2520 1075 2591 mai
1098 2520 1156 2590 nel
1178 2519 1275 2591 dolce
1303 2521 1446 2610 maimo,
1473 2519 1563 2594 idest
1589 2521 1618 2594 si

448 2637 546 2712 osus
570 2636 632 2711 det
658 2636 721 2710 tibi
746 2641 885 2711 tantm
910 2637 1080 2732 gratiam,
1106 2636 1205 2730 quod
1234 2657 1281 2712 ex
1314 2637 1383 2712 isto
1409 2637 1550 2714 inferno
1577 2646 1616 2713 tu

449 2755 577 2831 redeas
600 2754 648 2831 ad
676 2756 859 2830 infernum
885 2755 1100 2849 viventium,
1125 2756 1189 2852 qui
1221 2762 1276 2831 cst
1300 2756 1416 2832 dulcis
1450 2766 1618 2854 respectu

447 2875 550 2950 istius
573 2874 699 2950 mundi
717 2874 986 2973 detunctorum,
1004 2878 1130 2950 dimna
1144 2873 1275 2969 perede*
1297 2880 1376 2973 puel
1384 2880 1529 2970 popolo,
1548 2879 1619 2953 sei-
1695 2877 1699 2886 '

447 2994 531 3070 licet
556 2995 780 3090 florentinus,
806 2989 843 3070 de
866 2988 897 3069 ri
920 2997 1040 3088 impio,
1065 2995 1152 3089 qnia
1177 3017 1382 3091 numquam
1400 2996 1516 3070 utitur
1540 2997 1621 3093 pie-

447 3120 522 3190 tate
539 3115 597 3189 vel
616 3114 875 3209 misericordia,
891 3117 1053 3189 ἰηοωιίνα
1067 3117 1083 3189 i
1097 3117 1188 3207 miei,
1205 3115 1340 3191 scilicet
1356 3117 1511 3192 Ubertos
1528 3124 1566 3193 et
1580 3109 1619 3210 (³)

446 3234 535 3309 aiios
549 3235 687 3310 nobiles
698 3234 912 3330 ghibelinos,
928 3238 967 3309 in
983 3237 1148 3310 ommno
1166 3257 1233 3308 sua
1245 3238 1354 3329 lappe,
1368 3236 1455 3330 quia
1472 3256 1620 3332 semper

445 3355 592 3450 quando
616 3354 656 3429 fit
680 3354 803 3449 aliqua
830 3355 1041 3431 reformatio
1065 3353 1258 3430 Florentiae
1287 3353 1334 3429 de
1365 3355 1534 3430 exulibus
1559 3377 1620 3431 re-

445 3474 656 3551 hannicndis
688 3475 935 3550 excluduntur
964 3475 1089 3550 chrti
1107 3464 1157 3570 (⁸),
1183 3474 1379 3569 Lamberti,
1406 3483 1443 3550 et
1468 3476 1617 3571 qnidam

445 3595 530 3670 alii:
555 3594 654 3670 unde
678 3595 875 3671 Florentini
899 3602 984 3669 sunt
1017 3595 1132 3691 magis
1162 3594 1352 3689 partidcer,
1386 3616 1499 3690 quam
1524 3596 1618 3671 alius

447 3716 602 3814 populus
625 3714 737 3790 ltaiiae
756 3706 811 3810 (⁸),
838 3735 922 3789 nam
949 3712 1096 3808 quando
1126 3719 1258 3788 vocant
1282 3713 1525 3809 capitaneum,
1550 3738 1618 3812 po-

448 3841 628 3930 testatem,
655 3835 713 3910 vel
733 3835 846 3909 alium
865 3834 1070 3928 officialem,
1089 3833 1216 3908 volunt
1233 3833 1332 3927 qnod
1349 3829 1478 3909 omnes
1499 3856 1618 3930 usque

447 3953 495 4029 ad
519 3954 714 4028 minimum
740 3953 811 4027 sint
836 3973 925 4029 vere
949 3952 1107 4049 guelphi.
1135 3953 1180 4026 Et
1204 3952 1324 4027 subdit
1340 3960 1450 4028 autor
1466 3975 1618 4050 respon-

447 4075 587 4150 sionem
609 4065 648 4167 (⁶)
673 4094 779 4149 suam
809 4072 856 4148 ad
884 4073 1099 4168 quaesitum3
1130 4081 1168 4148 et
1199 4073 1284 4149 dicit
1315 4073 1487 4170 breviter,
1518 4076 1617 4169 quod

446 4195 603 4270 crudelis
627 4194 760 4270 occisio
784 4194 879 4269 iacta
907 4192 954 4268 de
982 4192 1122 4269 civibus
1152 4192 1352 4269 florentinis
1381 4193 1418 4268 in
1448 4195 1614 4270 condictu

446 4315 719 4412 Montis-aperti,
745 4321 801 4389 est
825 4334 936 4390 causa
961 4333 1045 4409 quaa
1076 4312 1159 4388 iecit
1185 4314 1361 4408 populum
1388 4314 1437 4388 ita
1462 4313 1615 4414 impium

445 4442 573 4511 oontra
606 4434 819 4532 ghibelinos.
857 4433 910 4507 dd
942 4433 1049 4508 cuius
1082 4433 1328 4530 cognitionem
1364 4440 1419 4510 est
1455 4435 1616 4511 breviter

508 4696 536 4757 ι’)
552 4696 582 4745 E.
597 4699 625 4746 et
639 4699 723 4745 mutat
738 4696 764 4746 tn
781 4695 860 4755 nim,
877 4694 937 4759 quta
954 4694 1015 4746 iuna
1031 4694 1111 4747 mon
1125 4695 1271 4746 humorum

508 4772 535 4832 (¹)
551 4771 582 4821 E.
597 4784 613 4820 c
631 4774 684 4830 tio,
700 4771 792 4834 recipit
806 4770 917 4835 desuper
931 4770 1100 4822 influentiam

508 4847 536 4908 Γ)
552 4847 582 4896 B.
597 4850 625 4896 et
640 4846 745 4897 nobitas
1133 4847 1160 4909 τ’)
1175 4848 1207 4898 li.
1223 4847 1474 4911 unanimantem
1490 4846 1543 4898 nui.

509 4923 537 4985 (¹)
555 4927 608 4982 lto,
624 4923 651 4973 in
667 4923 745 4975 italio.
1135 4923 1162 4985 (⁸)
1178 4925 1209 4976 Ε.
1226 4925 1352 4977 rstica
1367 4937 1449 4977 mn.
