4154 6546
756 758 895 814 caurus
918 759 1096 825 ounnrus.
1443 749 1506 816 181

338 907 492 1005 gingivis
505 915 543 981 et
560 924 673 998 raros,
691 925 733 977 os
749 924 917 998 parvum.
931 904 1019 980 Erat
1036 905 1142 979 bonae
1159 905 1316 999 loquele
1333 916 1370 981 et
1386 905 1513 982 dulcis.

338 1027 439 1104 tortis
468 1026 545 1117 irae,
578 1032 616 1099 et
649 1023 752 1099 tarde
782 1022 990 1116 sedabatur,
1026 1024 1185 1099 multum
1221 1024 1446 1118 spatiabatur
1477 1035 1511 1098 et

338 1145 536 1240 equitabat,
554 1163 687 1237 parum
705 1142 932 1235 comedebat,
950 1144 1111 1217 multum
1128 1144 1320 1238 ieiunabat
1334 1137 1384 1237 (¹),
1403 1145 1513 1218 redo-

339 1268 474 1342 lentem
498 1262 637 1337 babens
662 1262 850 1354 coelitum,
880 1272 918 1337 et
950 1262 1163 1339 indumenta
1194 1264 1315 1339 nitida.
1347 1267 1511 1341 Mortuus

339 1383 601 1461 estlolomeus
613 1399 710 1466 anno
723 1380 808 1456 vitae
823 1400 901 1453 suae
913 1379 1311 1475 mavul-[poem.
1327 1383 1390 1457 llic
1402 1395 1512 1459 autor

341 1502 505 1577 nominat
529 1510 604 1576 tres
628 1499 950 1575 excellentissimos
982 1499 1153 1593 medicos,
1183 1522 1344 1595 quorum
1371 1502 1512 1597 primus

284 1606 287 1611 ’
340 1622 508 1716 princeps
533 1619 761 1694 medicorum
786 1618 855 1694 tuit
878 1619 1034 1713 lpocras,
1052 1619 1109 1692 vir
1127 1640 1271 1716 magma
1287 1622 1456 1712 scientie,
1475 1634 1512 1698 et

341 1740 512 1815 maxime
534 1737 738 1813 sobrietatis
755 1748 792 1814 et
807 1738 1048 1833 continentie,
1066 1760 1184 1834 pauca
1211 1751 1333 1817 tamen
1359 1743 1509 1835 scripsit.

340 1858 423 1934 Fuit
438 1859 485 1934 de
500 1857 618 1932 insula
635 1857 736 1932 (lboo
750 1850 800 1949 (²),
814 1867 852 1933 et
868 1857 991 1934 lloruit
1013 1867 1178 1954 tempore
1190 1859 1396 1936 Artaxersis
1415 1861 1512 1957 regis

340 1979 796 2052 Persarum—noioeane.
815 1976 886 2051 lste
903 1976 971 2051 luit
986 1997 1052 2070 per
1069 1980 1184 2054 multa
1201 1981 1325 2054 secula
1342 1991 1423 2074 post
1438 1980 1512 2054 Ga-

340 2098 488 2188 lieuum,
509 2106 635 2172 tamen
652 2094 847 2189 prefertur
864 2095 930 2167 sibi
949 2096 1090 2170 merito.
1110 2097 1192 2175 Fuit
1208 2099 1306 2172 enim
1328 2099 1512 2175 avicenna

339 2216 594 2291 universaliter
618 2215 803 2290 excellens
828 2215 863 2287 in
888 2215 988 2288 omni
1023 2227 1127 2310 parte
1157 2216 1345 2293 medicinae
1376 2230 1413 2295 et
1437 2220 1513 2292 col-

339 2335 425 2433 lemt
448 2333 684 2411 artificialiter
699 2334 823 2408 omnia
840 2333 935 2409 dicta
951 2333 1101 2428 Galieni,
1124 2347 1161 2411 et
1177 2337 1318 2433 redegit
1341 2337 1389 2411 ad
1413 2339 1514 2411 ordi-

338 2475 424 2530 nem
449 2465 486 2531 et
511 2453 740 2530 brevitatem.
768 2453 850 2528 Fuit
874 2453 972 2527 enim
998 2454 1169 2529 Galieous
1193 2456 1457 2549 dillusissimus,
1475 2470 1513 2533 et

340 2575 455 2651 multa
480 2574 667 2649 volumina
693 2573 788 2666 tecit,
814 2573 851 2646 in
884 2573 1018 2666 quibus
1048 2576 1165 2650 multa
1195 2575 1381 2670 superflua
1411 2576 1511 2652 dixit.

338 2693 441 2769 Unde
465 2694 542 2788 ipse
566 2692 749 2767 dricenna
775 2691 873 2783 dicit,
897 2693 995 2785 quod
1012 2693 1184 2768 Galieous
1206 2694 1322 2770 multa
1347 2695 1451 2770 scivit
1466 2694 1513 2767 de

323 2811 453 2886 ramis
478 2811 678 2902 medicinae,
703 2830 822 2904 pauca
854 2831 944 2886 vero
974 2811 1021 2885 de
1054 2812 1245 2887 radicibus.
1277 2813 1360 2888 Fuit
1384 2824 1510 2890 autem

341 2930 512 3005 Galienus
536 2930 584 3003 de
608 2930 790 3025 Pergamo
815 2929 971 3022 civitate,
998 2940 1035 3005 et
1059 2931 1182 3006 tloruit
1208 2941 1374 3026 tempore
1399 2933 1512 3008 Anto

342 3050 417 3123 nini
441 3049 505 3142 Pii,
531 3049 725 3143 sicutipse
757 3048 881 3124 scribit
905 3039 953 3139 (³).
988 3049 1171 3123 dviceuna
1204 3050 1271 3125 luit
1297 3051 1390 3123 lilius
1416 3052 1513 3145 regis

342 3168 531 3264 Hispania,
557 3169 613 3242 vir
638 3187 783 3264 magnae
808 3168 951 3243 virtutis
976 3177 1014 3242 et
1032 3168 1202 3261 scientiae,
1224 3169 1372 3243 emulus
1396 3170 1513 3245 lver-

343 3290 426 3363 rois.
439 3292 679 3362 -Averrois
706 3289 770 3361 llic
797 3288 927 3363 ultimo
951 3298 1072 3381 autor,
1102 3299 1183 3382 post
1215 3289 1445 3383 philosophos
1476 3301 1513 3364 et

342 3409 512 3502 medicos,
530 3409 695 3483 nominat
719 3408 964 3503 singulariter,
982 3419 1020 3483 et
1036 3428 1102 3502 per
1127 3429 1166 3482 se
1192 3430 1369 3505 magnum
1396 3412 1514 3505 pbilo-

341 3531 503 3625 sopbum-
522 3539 561 3605 et
585 3529 783 3619 medicum,
810 3528 946 3604 scilicet
970 3528 1173 3622 dverroim,
1201 3550 1312 3621 qtrem
1342 3531 1512 3608 describit

338 3649 386 3724 ab
402 3649 483 3724 eius
500 3648 663 3721 maxima
684 3648 898 3723 excellentia
914 3672 924 3739 ;
941 3648 1008 3723 iste
1028 3648 1126 3722 euim
1143 3648 1276 3725 dicitur
1292 3650 1403 3725 tuisse
1420 3653 1513 3727 alter

339 3769 559 3845 Aristoteles.
573 3768 656 3843 Fuit
669 3778 792 3843 tamen
806 3768 1268 3861 superbissimusomnium
1282 3770 1513 3864 philosopho-

342 3909 438 3981 rum,
464 3897 618 3964 conatus
642 3906 789 3981 semper
813 3887 992 3961 damnare
1010 3876 1046 3977 (⁴)
1075 3888 1168 3963 dicta
1201 3887 1404 3962 nvicennae.
1432 3888 1513 3964 Fuit

277 4005 281 4013 ’
341 4007 439 4082 euim
477 4016 741 4082 conterraneus
777 4005 868 4098 eius,
899 4006 985 4098 quia
1016 4007 1128 4079 ambo
1161 4007 1312 4082 luerunt
1347 4007 1394 4081 de
1422 4008 1514 4082 (lor-

342 4125 440 4200 duba
463 4125 609 4200 civitate
632 4125 823 4219 Hispania,
848 4124 895 4199 de
921 4145 994 4217 qua
1018 4125 1129 4199 etiam
1146 4124 1297 4201 luerunt
1313 4126 1451 4201 Seneca
1477 4138 1514 4201 et

342 4246 521 4338 Lucanus,
549 4255 590 4321 ut
613 4245 724 4339 paulo
748 4254 834 4321 ante
859 4265 970 4339 supra
990 4236 1026 4336 (⁶)
1053 4245 1190 4321 dictum
1216 4255 1281 4321 est.
1302 4244 1401 4319 Felix
1422 4265 1513 4340 ergo

341 4365 468 4443 civitas
482 4354 532 4459 (⁰),
558 4384 644 4458 quaa
668 4367 758 4441 tales
783 4365 952 4439 alumnos
977 4365 1114 4460 genuit.
1136 4365 1330 4441 Damnavit
1350 4365 1461 4441 etiam
1475 4356 1513 4457 (⁷)

404 4639 434 4702 l'l
450 4642 504 4701 tlt,
520 4652 614 4703 parum
630 4639 790 4699 comedebat,
807 4642 835 4690 at
846 4638 986 4703 lejumbrt.

405 4716 435 4781 (n)
449 4717 481 4767 ll.
495 4716 569 4768 eblo.
938 4713 965 4776 (⁸)
981 4714 1007 4763 S.
1024 4719 1053 4764 nt
1070 4714 1124 4777 lpse
1139 4715 1209 4766 dicta

403 4793 431 4855 Γ)
446 4793 473 4845 S.
488 4795 638 4857 reprobare.
941 4792 968 4852 (⁸)
986 4794 1040 4850 lla,
1057 4791 1134 4853 paulo
1150 4803 1237 4854 snpra.

352 4908 356 4914 .
404 4867 433 4932 (ἦ
452 4872 505 4929 nr,
521 4869 580 4920 tall·
595 4871 692 4921 anm.
939 4867 965 4929 (¹)
983 4867 1013 4917 Ε.
1029 4867 1109 4918 etlam
1125 4868 1178 4932 lpse
1194 4869 1328 4933 Arerroy·
1343 4881 1457 4920 omnem.
