4154 6546
774 743 912 798 murus
936 742 1093 799 bacillus
1117 743 1292 810 QUARTUS.
1547 731 1617 798 489

447 892 524 990 ipsa
557 891 658 965 Rhea
690 909 755 983 per
789 888 997 962 sacerdotes
1031 886 1122 981 eius,
1153 908 1316 982 quorum
1345 887 1513 962 ciliciumx
1542 892 1621 962 erat

447 1012 595 1108 pulsare
620 1015 794 1105 tympana
820 1008 857 1081 in
882 1010 1061 1083 bonorem
1084 1007 1314 1103 Cybelis,per
1332 1010 1463 1081 cclarlo
1481 1010 1619 1100 meplio,

448 1151 496 1206 ne
520 1129 730 1225 perveniret
744 1119 781 1220 (¹)
807 1127 854 1202 ad
879 1127 1045 1203 notitiam
1071 1127 1195 1223 patris,
1213 1127 1308 1201 sicut
1327 1126 1451 1203 scribit
1473 1127 1621 1201 Ovidius

448 1249 524 1324 Lib.
538 1238 744 1323 Fastorum.
759 1247 822 1320 Est
835 1252 961 1321 autem
979 1245 1037 1320 bic
1054 1247 1149 1322 bene
1167 1244 1380 1339 notandum,
1395 1246 1494 1339 quod
1511 1253 1621 1320 autor

449 1390 515 1467 per
532 1369 638 1442 istam
656 1366 814 1441 insulam
837 1366 971 1463 figurat
989 1366 1092 1441 nobis
1110 1366 1289 1441 mundum
1308 1367 1433 1460 istum,
1450 1365 1528 1442 sive
1546 1374 1622 1442 ter-

450 1508 531 1563 ram
549 1487 796 1581 habitabilem,
810 1484 896 1580 quia
910 1486 977 1561 ista
990 1486 1108 1561 insula
1124 1494 1180 1562 est
1196 1487 1455 1562 circumcincta
1470 1477 1507 1579 (²)
1527 1486 1621 1562 mari

449 1606 545 1683 sicut
582 1614 681 1682 terra
720 1612 796 1682 tota
826 1625 984 1699 ocean03
1023 1613 1060 1681 et
1093 1612 1148 1680 est
1180 1606 1262 1700 plus
1294 1606 1429 1681 distans
1460 1628 1484 1681 a
1523 1616 1623 1682 terra

450 1749 564 1824 quam
598 1727 721 1820 aliqua
752 1725 882 1820 insuda,
912 1726 951 1801 et
981 1732 1037 1801 est
1065 1726 1170 1819 quasi
1201 1726 1238 1799 in
1270 1726 1391 1801 medio
1421 1725 1560 1820 mundi,
1585 1731 1623 1801 ct

450 1847 556 1945 quasi
585 1845 708 1920 omnia
734 1844 852 1919 maria
877 1852 914 1919 et
939 1844 1094 1920 confinia
1110 1836 1146 1938 (³)
1172 1846 1333 1941 partium
1360 1853 1470 1921 terrae
1494 1843 1623 1919 termi-

451 1972 586 2043 nantur
612 1965 678 2059 ibi,
697 1970 734 2039 et
759 1964 807 2039 ibi
832 1985 947 2067 regna
972 1964 1093 2059 primo
1118 1965 1349 2060 incoeperunt
1364 1953 1400 2057 (⁴)
1418 1963 1622 2040 secundum

450 2093 587 2183 poetas.
602 2090 810 2159 -Dentro
837 2085 902 2158 llic
931 2091 1041 2159 autor
1065 2085 1236 2161 describit
1260 2092 1419 2160 statuam
1445 2106 1529 2178 quae
1555 2091 1626 2160 stat

450 2207 487 2280 in
512 2206 581 2281 isto
607 2208 743 2296 monte,
769 2208 806 2277 ct
830 2202 915 2277 dicit
939 2202 1113 2297 breviter,
1139 2203 1238 2296 quod
1263 2210 1319 2278 est
1344 2225 1441 2277 unus
1465 2224 1624 2298 magnus

451 2342 565 2399 senen
593 2321 657 2415 qui
683 2326 783 2396 tenet
808 2330 912 2416 terga
937 2339 1066 2422 versus
1091 2321 1329 2417 Babyloniam
1354 2322 1391 2395 in
1417 2322 1569 2416 oriente,
1587 2328 1625 2396 ct

452 2442 583 2519 faciem
610 2461 739 2516 versus
768 2440 924 2514 Romam
950 2439 988 2512 in
1013 2440 1210 2515 occidente.
1241 2439 1295 2514 Ad
1324 2441 1569 2538 cognitionem
1584 2431 1622 2532 (ὅ)

452 2562 555 2639 istius
579 2561 675 2636 senis
700 2569 755 2636 est
779 2558 980 2653 sciendum,
999 2558 1097 2652 quod
1118 2565 1228 2633 autor
1253 2579 1319 2653 per
1339 2560 1446 2635 istam
1463 2565 1623 2635 statuam

452 2680 589 2777 figurat
614 2678 718 2753 nobis
744 2677 954 2753 universam
980 2684 1127 2754 aetatem
1145 2685 1182 2753 et
1198 2678 1404 2753 discursum
1431 2678 1569 2772 mundi,
1587 2686 1625 2755 et

453 2801 535 2875 ideo
563 2799 712 2893 ponitur
737 2798 774 2871 in
799 2797 919 2894 ligura
944 2798 1111 2893 bominis,
1138 2798 1225 2891 quia
1250 2797 1327 2873 istae
1353 2806 1479 2874 aetates
1504 2809 1623 2876 trans-

453 2924 610 2992 currunt
622 2908 660 3009 (⁶)
687 2916 734 2992 ab
759 2916 908 2991 bomine
932 2918 970 2990 in
996 2916 1154 3010 mund03
1182 2923 1220 2991 et
1248 2918 1360 2993 bomo
1380 2920 1623 3013 appellatura

453 3036 672 3131 pbilosophis
702 3035 822 3109 minor
852 3034 1024 3128 mundus,
1051 3034 1138 3129 quia
1168 3034 1254 3108 nibil
1286 3042 1341 3110 est
1373 3036 1452 3112 lere
1484 3037 1521 3111 in
1551 3037 1629 3132 ipso

453 3155 593 3229 mundo
620 3154 719 3247 quod
744 3175 817 3228 non
844 3153 1008 3248 rapiatur
1027 3141 1064 3246 (⁷)
1090 3152 1138 3228 ab
1163 3153 1312 3228 bomine
1344 3153 1441 3249 ipso;
1467 3162 1505 3230 et
1530 3155 1625 3230 bene

453 3274 603 3371 lingitur
627 3294 751 3367 senex,
777 3273 966 3368 quiajam
993 3280 1046 3347 tot
1071 3272 1181 3348 millia
1207 3293 1391 3348 annorum
1418 3280 1628 3351 transcursa

453 3400 539 3468 sunt
564 3414 631 3488 per
656 3401 784 3470 aeutcs
808 3392 954 3488 mundi;
981 3400 1017 3468 et
1041 3392 1127 3467 dicit
1152 3393 1251 3487 quod
1276 3394 1385 3470 vertit
1411 3400 1515 3492 terga
1534 3416 1624 3471 con-

455 3521 513 3590 tra
544 3513 793 3609 Babyloniam,
819 3512 905 3606 quia
939 3512 1102 3607 primum
1133 3519 1262 3608 potens
1291 3514 1488 3610 imperium
1503 3505 1539 3608 (⁸)
1567 3538 1628 3591 as·
1672 3587 1678 3603 ,

455 3633 639 3731 syriorum
653 3633 732 3728 jam
750 3629 811 3706 diu
830 3631 959 3707 deiecit
965 3655 976 3726 ;
995 3638 1033 3707 et
1050 3631 1194 3727 respicit
1211 3633 1379 3728 Romam,
1394 3634 1480 3727 quia
1497 3634 1628 3709 ultimo

455 3752 554 3828 venit
571 3750 768 3847 imperium
796 3770 1037 3825 romanorum
1053 3742 1089 3842 (⁹)
1113 3757 1149 3826 et
1174 3751 1326 3827 ecclesia
1352 3773 1517 3828 romana.
1535 3754 1628 3828 Dicit

455 3891 568 3969 ergo:
593 3892 642 3945 on
666 3890 762 3961 man
787 3871 912 3960 ceptio,
930 3869 1022 3945 idest
1045 3889 1158 3945 senex
1184 3870 1342 3965 vetulus,
1356 3873 1419 3965 qui
1440 3872 1537 3948 bene
1560 3894 1628 3969 po

456 3990 555 4065 nitur
581 4010 749 4086 magnus,
767 3988 854 4082 quia
872 3988 1032 4063 mundus
1058 3996 1113 4065 est
1139 4011 1313 4087 magnus3
1340 3998 1377 4066 et
1402 3992 1497 4068 bene
1518 3999 1625 4069 vetu-

456 4109 514 4183 lus
528 4099 594 4202 (¹⁰),
611 4109 697 4202 quia
716 4106 901 4184 marcidus
925 4107 1037 4183 nimia
1057 4115 1177 4202 aetate,
1195 4108 1277 4185 ideo
1295 4109 1344 4183 ita
1362 4119 1548 4203 quaratnr
1571 4111 1627 4189 di·

516 4376 544 4442 (¹)
559 4378 585 4429 S.
601 4378 742 4428 deramrm.
1116 4376 1144 4442 (⁸)
1160 4378 1187 4430 S·
1203 4392 1219 4430 a
1236 4383 1290 4434 111.
1310 4379 1480 4432 circumdata.

516 4453 542 4516 (¹)
558 4453 584 4504 S.
601 4453 711 4504 conlinit
728 4458 815 4504 terro.
1115 4454 1142 4516 (⁸)
1160 4458 1214 4515 111,
1231 4459 1376 4518 emerunt.

517 4530 544 4592 i')
560 4533 615 4591 111,
632 4531 845 4593 recognitionem.
1111 4530 1140 4593 (⁸)
1155 4531 1188 4581 R.
1204 4536 1428 4583 transcurrunlur.

516 4607 543 4669 (¹)
559 4606 591 4657 B.
606 4606 754 4670 reperiatur
769 4607 797 4657 in
814 4607 926 4658 bomine.
1114 4604 1142 4671 (¹)
1158 4607 1189 4658 ll.
1205 4620 1324 4673 regnum

517 4680 544 4746 m
562 4684 617 4741 llo,
633 4695 803 4733 romrnorurn
814 4683 840 4734 ln
851 4682 994 4745 occidente,
1008 4686 1035 4734 ct
1044 4683 1079 4734 lbi
1090 4680 1140 4734 lull
1153 4684 1179 4734 in
1194 4697 1298 4736 summo
1312 4684 1435 4747 culmina,
1447 4689 1475 4737 et
1484 4684 1569 4737 adbuc
1579 4698 1628 4751 ap-

455 4758 567 4824 pellatur
582 4757 721 4820 imperium
737 4771 875 4810 romanum
891 4764 919 4811 st
933 4758 1042 4811 ecclesia
1058 4771 1174 4810 romana.
1192 4759 1270 4811 llicit.

506 4831 545 4896 θ’)
562 4836 616 4895 tlt,
633 4831 696 4884 dicit
711 4832 822 4885 rotulus.
