4154 6546
449 800 519 866 art
842 810 1044 867 uounrvruu
1071 813 1225 867 rursum

446 956 658 1050 bestiarum,
684 962 720 1029 et
746 962 900 1029 vocatur
925 955 1121 1030 bestialitas
1145 975 1256 1050 super
1281 958 1482 1030 humanam
1510 956 1625 1033 mali-

447 1077 555 1170 tiam;
581 1077 629 1150 ita
656 1076 764 1150 etiam
794 1076 976 1150 rationalis
993 1097 1078 1170 pars
1094 1077 1289 1169 aliquando
1306 1078 1355 1150 lta
1374 1077 1561 1172 perficitur
1576 1084 1619 1155 ot

447 1199 642 1272 roboratur
668 1197 704 1270 in
730 1197 877 1271 bomine
904 1196 1000 1270 ultra
1032 1218 1228 1271 comunem
1261 1197 1413 1271 modurn
1444 1201 1620 1274 bumanae

445 1319 686 1414 perfectionis,
704 1318 808 1412 quasi
827 1317 863 1389 in
880 1317 1151 1391 similitudinem
1168 1319 1399 1412 angelorum.
1419 1319 1482 1393 Vel
1493 1312 1530 1410 (¹)
1547 1321 1622 1395 boe

446 1445 600 1512 vocatur
625 1439 741 1512 virtus
765 1436 898 1530 divina,
923 1437 1126 1511 secundum
1150 1457 1263 1530 quam
1280 1427 1317 1526 (²)
1337 1437 1478 1530 antiqui
1499 1444 1621 1532 poetae

446 1566 483 1632 et
507 1559 630 1653 populi
654 1558 823 1633 dicebant
848 1557 946 1649 quod
971 1556 1040 1629 viri
1065 1556 1285 1629 excellentes
1306 1557 1621 1633 convertebantur

446 1679 483 1751 in
508 1679 613 1770 Deos,
639 1677 733 1750 sicut
757 1676 932 1750 Hercules
958 1681 994 1748 et
1019 1675 1207 1748 Romulus.
1227 1675 1328 1747 Sicut
1343 1682 1469 1750 autern
1497 1677 1618 1752 virtus

445 1797 566 1870 divina
592 1817 677 1870 raro
704 1795 885 1889 reperitur
911 1794 1087 1888 inbonis,
1113 1793 1163 1867 ita
1187 1794 1385 1869 bestialitas
1404 1816 1488 1869 raro
1510 1814 1619 1890 repe-

447 1916 541 1990 ritur
561 1916 655 1990 inter
673 1914 850 2007 homines,
868 1914 926 1986 vel
944 1933 990 1986 ex
1008 1933 1120 2006 prava
1138 1914 1402 1988 consuetudine
1424 1916 1615 1990 bominum

446 2036 509 2130 qui
537 2056 609 2109 non
636 2040 790 2108 utuntur
817 2032 958 2128 legibus
983 2032 1164 2125 humanis,
1183 2033 1242 2106 vel
1266 2053 1313 2107 ex
1339 2033 1424 2107 lorti
1448 2035 1616 2129 passione

446 2176 512 2249 per
537 2174 650 2247 quam
677 2154 759 2247 quis
784 2152 937 2226 incurrit
953 2151 1209 2226 alienationem
1231 2152 1375 2245 mentis,
1393 2154 1451 2228 vel
1467 2162 1617 2248 propter

447 2296 625 2371 magnum
652 2275 918 2348 incrementum
945 2272 1103 2365 malitie,
1126 2271 1220 2346 sieut
1246 2272 1394 2365 quidam
1419 2273 1535 2348 lactus
1561 2275 1620 2348 in·

446 2419 557 2470 sanus
582 2396 744 2470 imolavit
759 2385 795 2486 (³)
822 2404 991 2487 matrem,
1010 2399 1047 2466 et
1066 2392 1237 2466 mactavit
1254 2412 1473 2466 conservum
1491 2415 1618 2491 suum,

447 2524 485 2591 et
509 2516 666 2590 comedit
691 2535 779 2609 epar
805 2513 901 2606 eius3
919 2519 957 2587 et
980 2512 1073 2586 alius
1098 2513 1282 2589 scindebat
1312 2520 1460 2589 ventres
1484 2515 1621 2591 mulie-

345 2625 350 2634 ’
448 2656 532 2708 rum
558 2634 825 2729 praegnantium
851 2638 891 2705 ut
916 2637 1043 2727 partus
1060 2639 1254 2727 conceptos
1272 2633 1476 2707 devoraret.
1492 2634 1619 2711 Simile

446 2756 578 2832 dicitur
602 2755 649 2828 de
673 2752 880 2828 bominibus
905 2752 1130 2827 silvestribus
1150 2752 1214 2846 qui
1231 2760 1507 2827 commorantur
1520 2743 1559 2845 (⁸)
1576 2754 1615 2827 in

447 2875 558 2971 sylvis
587 2874 683 2947 circa
715 2893 817 2946 mare
850 2872 1049 2967 ponticum,
1081 2872 1179 2965 quod
1210 2873 1317 2946 bodie
1347 2873 1479 2947 dicitur
1513 2892 1620 2949 rnare

448 2995 577 3089 maius,
595 3014 756 3088 quorum
777 2992 926 3086 quidam
945 2992 1143 3067 comedunt
1159 3013 1289 3066 carnes
1306 2991 1450 3087 crudas,
1466 2993 1615 3086 quidam

447 3136 536 3191 vero
561 3134 690 3189 carnes
704 3106 742 3204 (⁵)
768 3115 958 3206 humanas,
985 3120 1023 3187 et
1048 3114 1077 3186 si
1102 3133 1175 3186 non
1200 3112 1333 3186 suflicit
1365 3113 1615 3187 testimonium

446 3233 656 3328 Aristotelis,
682 3241 783 3308 certe
807 3232 1051 3328 llyeronimus
1076 3238 1203 3307 eontra
1223 3231 1454 3306 Iovinianum
1480 3232 1616 3327 scribit,

446 3376 486 3429 se
518 3355 648 3430 vidisse
680 3354 858 3429 barbaros
891 3352 1124 3427 comedentes
1154 3358 1257 3426 nates
1271 3342 1308 3444 (⁶)
1345 3372 1549 3446 puerorum
1578 3359 1617 3428 et

446 3476 594 3570 papillas
612 3475 822 3550 mulierum.
836 3474 940 3547 Modo
954 3473 1000 3547 ad
1014 3472 1252 3567 propositum,
1267 3480 1309 3546 ut
1321 3479 1420 3568 patet
1437 3493 1483 3548 ex
1500 3472 1615 3567 dictis,

446 3594 703 3668 incontinentia
728 3601 783 3668 est
810 3595 919 3686 mala,
940 3592 1077 3666 malitia
1095 3592 1209 3687 peior,
1229 3593 1425 3666 bestialitas
1444 3594 1612 3688 pessima.

446 3716 509 3789 llle
526 3714 623 3789 enim
649 3713 781 3788 dicitur
794 3703 832 3804 (⁷)
857 3733 937 3786 esse
962 3711 1200 3807 incontinens,
1217 3713 1280 3806 qui
1298 3719 1446 3808 propter
1462 3733 1618 3809 perrer-

446 3836 589 3909 sitatem
615 3833 795 3926 appetitus
820 3832 1006 3927 egreditur
1031 3852 1055 3905 a
1081 3831 1213 3907 iudicio
1232 3832 1380 3908 rationis
1397 3833 1434 3907 in
1452 3834 1617 3930 agendis,

447 3960 484 4028 et
508 3953 585 4049 agit
608 3957 736 4026 contra
762 3951 797 4025 id
822 3952 920 4043 quod
945 3951 1010 4025 scit
1035 3972 1115 4027 esse
1132 3951 1349 4027 laciendum.
1374 3953 1435 4026 llis
1452 3952 1617 4048 praemis-

447 4074 505 4167 sis,
532 4093 630 4146 nunc
647 4079 701 4146 est
718 4072 764 4146 ad
790 4071 933 4145 literam
959 4071 1272 4167 descendendum3
1290 4074 1374 4147 dicit
1387 4064 1424 4165 (⁸)
1444 4072 1617 4169 Virgilius

446 4195 571 4268 Danti:
589 4214 661 4266 non
678 4195 704 4265 ti
722 4192 912 4265 rimembro
928 4194 965 4264 di
981 4195 1090 4283 quelle
1107 4196 1247 4283 parole,
1265 4193 1369 4286 quasi
1386 4192 1501 4267 dicat:
1520 4193 1615 4268 beno

446 4305 604 4404 debesl⁹l
625 4311 820 4404 recordari,
838 4333 904 4383 con
928 4314 959 4384 le
983 4314 1067 4403 quui
1091 4315 1127 4384 lo
1151 4319 1212 4385 tuo
1232 4315 1332 4403 etv'co,
1350 4312 1485 4387 scilicet
1501 4332 1613 4406 quam

448 4442 487 4508 tu
518 4435 614 4509 bene
649 4430 779 4506 novisti
793 4424 845 4522 (⁴⁰)
878 4437 1066 4524 tamquam
1094 4432 1212 4506 bonus
1237 4431 1396 4524 moralis,
1423 4438 1614 4524 meatu,

507 4616 575 4680 (¹18.
593 4622 620 4667 et
635 4616 774 4666 boe—E.
791 4627 806 4664 o
825 4619 878 4677 llo,
895 4621 922 4666 et
939 4616 1003 4666 bae.
1157 4613 1184 4676 (Ἴ
1203 4618 1257 4673 llo,
1273 4616 1351 4678 quw.

508 4693 535 4755 (¹)
552 4695 577 4741 S.
594 4707 609 4741 e
627 4693 656 4740 F.
673 4693 783 4742 violavit„
1159 4693 1184 4752 (¹1
1202 4692 1232 4740 F.
1249 4697 1392 4742 morantur.

508 4771 535 4831 (¹)
553 4770 583 4818 E.
600 4782 704 4818 rarnom
721 4770 867 4818 humanum.
1157 4770 1183 4831 (⁸)
1200 4769 1230 4818 li.
1247 4782 1322 4818 nares
1338 4783 1489 4832 puerorum.

509 4845 535 4903 (il
552 4845 578 4894 S.
594 4844 688 4893 dicitur
705 4845 873 4895 incontinens.
1158 4845 1185 4906 (¹)
1203 4845 1230 4895 8.
1247 4846 1315 4897 llicit
1329 4859 1402 4911 ergo.

510 4921 538 4982 ι’)
556 4924 608 4980 uo,
624 4921 739 4973 uelem
1148 4921 1186 4984 (¹⁰)
1203 4922 1234 4973 Β.
1249 4924 1325 4976 nu
