<?xml version="1.0" encoding="UTF-8"?>
<!DOCTYPE html PUBLIC "-//W3C//DTD XHTML 1.0 Transitional//EN"
    "http://www.w3.org/TR/xhtml1/DTD/xhtml1-transitional.dtd">
<html xmlns="http://www.w3.org/1999/xhtml" xml:lang="en" lang="en">
 <head>
  <title>
</title>
<meta http-equiv="Content-Type" content="text/html;charset=utf-8" />
  <meta name='ocr-system' content='tesseract 3.04.00' />
  <meta name='ocr-capabilities' content='ocr_page ocr_carea ocr_par ocr_line ocrx_word'/>
</head>
<body>
  <div class='ocr_page' id='page_1' title='image "./comentumsuperda00benvgoog_0526.png"; bbox 0 0 4154 6546; ppageno 0'>
   <div class='ocr_carea' id='block_1_1' title="bbox 640 777 1612 855">
    <p class='ocr_par' dir='ltr' id='par_1_1' title="bbox 640 777 1612 855">
     <span class='ocr_line' id='line_1_1' title="bbox 640 777 1612 855; baseline -0.001 -13"><span class='ocrx_word' id='word_1_1' title='bbox 640 813 643 821; x_wconf 94' lang='lat'>-</span> <span class='ocrx_word' id='word_1_2' title='bbox 777 788 914 844; x_wconf 78' lang='lat' dir='ltr'><strong>caurus</strong></span> <span class='ocrx_word' id='word_1_3' title='bbox 939 788 1095 843; x_wconf 74' lang='lat' dir='ltr'><strong>bacmos</strong></span> <span class='ocrx_word' id='word_1_4' title='bbox 1119 789 1296 855; x_wconf 80' lang='lat' dir='ltr'><strong>ounnrus.</strong></span> <span class='ocrx_word' id='word_1_5' title='bbox 1542 777 1612 842; x_wconf 70' lang='lat'><strong>477</strong></span> 
     </span>
    </p>
   </div>
   <div class='ocr_carea' id='block_1_2' title="bbox 434 931 1669 3992">
    <p class='ocr_par' dir='ltr' id='par_1_2' title="bbox 434 931 1669 3992">
     <span class='ocr_line' id='line_1_2' title="bbox 448 931 1612 1028; baseline -0.002 -21"><span class='ocrx_word' id='word_1_6' title='bbox 448 953 522 1028; x_wconf 88' lang='lat' dir='ltr'><strong>que</strong></span> <span class='ocrx_word' id='word_1_7' title='bbox 545 933 600 1007; x_wconf 94' lang='lat' dir='ltr'><strong>ira</strong></span> <span class='ocrx_word' id='word_1_8' title='bbox 625 931 834 1006; x_wconf 88' lang='lat' dir='ltr'><strong>stimulabat</strong></span> <span class='ocrx_word' id='word_1_9' title='bbox 867 952 967 1026; x_wconf 92' lang='lat' dir='ltr'><strong>eum,</strong></span> <span class='ocrx_word' id='word_1_10' title='bbox 998 932 1152 1007; x_wconf 87' lang='lat' dir='ltr'><strong>irridens</strong></span> <span class='ocrx_word' id='word_1_11' title='bbox 1178 932 1441 1027; x_wconf 74' lang='lat' dir='ltr'><strong>Amphiaraum</strong></span> <span class='ocrx_word' id='word_1_12' title='bbox 1473 932 1612 1005; x_wconf 88' lang='lat' dir='ltr'><strong>clama-</strong></span> 
     </span>
     <span class='ocr_line' id='line_1_3' title="bbox 446 1050 1615 1145; baseline -0.004 -18"><span class='ocrx_word' id='word_1_13' title='bbox 446 1053 509 1127; x_wconf 88' lang='lat' dir='ltr'><strong>bat</strong></span> <span class='ocrx_word' id='word_1_14' title='bbox 533 1051 669 1126; x_wconf 80' lang='lat' dir='ltr'><strong>furiose</strong></span> <span class='ocrx_word' id='word_1_15' title='bbox 693 1056 779 1124; x_wconf 87' lang='lat' dir='ltr'><strong>ante</strong></span> <span class='ocrx_word' id='word_1_16' title='bbox 803 1057 927 1145; x_wconf 86' lang='lat' dir='ltr'><strong>portas</strong></span> <span class='ocrx_word' id='word_1_17' title='bbox 957 1051 1077 1145; x_wconf 89' lang='lat' dir='ltr'><strong>palatii</strong></span> <span class='ocrx_word' id='word_1_18' title='bbox 1102 1051 1204 1125; x_wconf 92' lang='lat' dir='ltr'><strong>eius:</strong></span> <span class='ocrx_word' id='word_1_19' title='bbox 1232 1070 1316 1143; x_wconf 85' lang='lat' dir='ltr'><strong>qnae</strong></span> <span class='ocrx_word' id='word_1_20' title='bbox 1342 1050 1459 1123; x_wconf 81' lang='lat' dir='ltr'><strong>vilitas</strong></span> <span class='ocrx_word' id='word_1_21' title='bbox 1484 1055 1520 1125; x_wconf 89' lang='lat' dir='ltr'><strong>et</strong></span> <span class='ocrx_word' id='word_1_22' title='bbox 1551 1069 1615 1122; x_wconf 88' lang='lat' dir='ltr'><strong>ve-</strong></span> 
     </span>
     <span class='ocr_line' id='line_1_4' title="bbox 449 1163 1615 1265; baseline -0.004 -18"><span class='ocrx_word' id='word_1_23' title='bbox 449 1171 622 1249; x_wconf 86' lang='lat' dir='ltr'><strong>recundia</strong></span> <span class='ocrx_word' id='word_1_24' title='bbox 635 1163 672 1263; x_wconf 82' lang='lat'><strong>(¹)</strong></span> <span class='ocrx_word' id='word_1_25' title='bbox 692 1177 746 1245; x_wconf 81' lang='lat' dir='ltr'><strong>est</strong></span> <span class='ocrx_word' id='word_1_26' title='bbox 775 1170 852 1265; x_wconf 90' lang='lat' dir='ltr'><strong>ista,</strong></span> <span class='ocrx_word' id='word_1_27' title='bbox 878 1169 977 1264; x_wconf 88' lang='lat' dir='ltr'><strong>quod</strong></span> <span class='ocrx_word' id='word_1_28' title='bbox 1002 1177 1056 1245; x_wconf 90' lang='lat' dir='ltr'><strong>tot</strong></span> <span class='ocrx_word' id='word_1_29' title='bbox 1081 1170 1150 1244; x_wconf 82' lang='lat' dir='ltr'><strong>viri</strong></span> <span class='ocrx_word' id='word_1_30' title='bbox 1175 1170 1297 1264; x_wconf 80' lang='lat' dir='ltr'><strong>fortes,</strong></span> <span class='ocrx_word' id='word_1_31' title='bbox 1324 1169 1478 1244; x_wconf 86' lang='lat' dir='ltr'>animosi</span> <span class='ocrx_word' id='word_1_32' title='bbox 1503 1169 1615 1242; x_wconf 87' lang='lat' dir='ltr'><strong>duces</strong></span> 
     </span>
     <span class='ocr_line' id='line_1_5' title="bbox 449 1286 1617 1386; baseline -0.006 -20"><span class='ocrx_word' id='word_1_33' title='bbox 449 1299 486 1367; x_wconf 90' lang='lat' dir='ltr'><strong>et</strong></span> <span class='ocrx_word' id='word_1_34' title='bbox 510 1296 564 1365; x_wconf 90' lang='lat' dir='ltr'><strong>tot</strong></span> <span class='ocrx_word' id='word_1_35' title='bbox 580 1296 708 1386; x_wconf 83' lang='lat' dir='ltr'><strong>gentes</strong></span> <span class='ocrx_word' id='word_1_36' title='bbox 727 1295 879 1363; x_wconf 82' lang='lat' dir='ltr'><strong>armatae</strong></span> <span class='ocrx_word' id='word_1_37' title='bbox 896 1294 1035 1363; x_wconf 87' lang='lat' dir='ltr'><strong>stemus</strong></span> <span class='ocrx_word' id='word_1_38' title='bbox 1055 1289 1219 1383; x_wconf 82' lang='lat' dir='ltr'>suspensi</span> <span class='ocrx_word' id='word_1_39' title='bbox 1239 1289 1286 1362; x_wconf 97' lang='lat' dir='ltr'><strong>ad</strong></span> <span class='ocrx_word' id='word_1_40' title='bbox 1306 1288 1459 1362; x_wconf 93' lang='lat' dir='ltr'><strong>domum</strong></span> <span class='ocrx_word' id='word_1_41' title='bbox 1478 1286 1617 1360; x_wconf 71' lang='lat' dir='ltr'><strong>unius?</strong></span> 
     </span>
     <span class='ocr_line' id='line_1_6' title="bbox 449 1406 1669 1502; baseline -0.003 -15"><span class='ocrx_word' id='word_1_42' title='bbox 449 1411 557 1487; x_wconf 84' lang='lat' dir='ltr'><strong>Certe</strong></span> <span class='ocrx_word' id='word_1_43' title='bbox 582 1409 699 1483; x_wconf 87' lang='lat' dir='ltr'><strong>virtus</strong></span> <span class='ocrx_word' id='word_1_44' title='bbox 723 1428 808 1482; x_wconf 91' lang='lat' dir='ltr'><strong>mea</strong></span> <span class='ocrx_word' id='word_1_45' title='bbox 832 1418 870 1485; x_wconf 88' lang='lat' dir='ltr'><strong>et</strong></span> <span class='ocrx_word' id='word_1_46' title='bbox 893 1414 996 1502; x_wconf 88' lang='lat' dir='ltr'><strong>spata</strong></span> <span class='ocrx_word' id='word_1_47' title='bbox 1021 1428 1133 1500; x_wconf 89' lang='lat' dir='ltr'><strong>quam</strong></span> <span class='ocrx_word' id='word_1_48' title='bbox 1160 1414 1268 1482; x_wconf 87' lang='lat' dir='ltr'><strong>tenco</strong></span> <span class='ocrx_word' id='word_1_49' title='bbox 1293 1414 1349 1481; x_wconf 88' lang='lat' dir='ltr'><strong>est</strong></span> <span class='ocrx_word' id='word_1_50' title='bbox 1373 1427 1458 1481; x_wconf 91' lang='lat' dir='ltr'><strong>mea</strong></span> <span class='ocrx_word' id='word_1_51' title='bbox 1482 1406 1616 1498; x_wconf 74' lang='lat' dir='ltr'><strong>deitas,</strong></span> <span class='ocrx_word' id='word_1_52' title='bbox 1661 1469 1669 1483; x_wconf 81' lang='grc'><strong><em>,</em></strong></span> 
     </span>
     <span class='ocr_line' id='line_1_7' title="bbox 445 1526 1618 1627; baseline -0.005 -23"><span class='ocrx_word' id='word_1_53' title='bbox 445 1530 524 1627; x_wconf 84' lang='lat' dir='ltr'><strong>jam</strong></span> <span class='ocrx_word' id='word_1_54' title='bbox 549 1529 617 1603; x_wconf 90' lang='lat' dir='ltr'><strong>iste</strong></span> <span class='ocrx_word' id='word_1_55' title='bbox 646 1527 817 1602; x_wconf 80' lang='lat' dir='ltr'>sacerdos</span> <span class='ocrx_word' id='word_1_56' title='bbox 849 1535 958 1602; x_wconf 83' lang='lat' dir='ltr'><strong>exeat</strong></span> <span class='ocrx_word' id='word_1_57' title='bbox 989 1548 1075 1600; x_wconf 92' lang='lat' dir='ltr'><strong>cum</strong></span> <span class='ocrx_word' id='word_1_58' title='bbox 1109 1527 1234 1601; x_wconf 93' lang='lat' dir='ltr'><strong>timida</strong></span> <span class='ocrx_word' id='word_1_59' title='bbox 1265 1527 1394 1601; x_wconf 78' lang='lat' dir='ltr'><strong>frande</strong></span> <span class='ocrx_word' id='word_1_60' title='bbox 1419 1548 1497 1602; x_wconf 90' lang='lat' dir='ltr'><strong>sua.</strong></span> <span class='ocrx_word' id='word_1_61' title='bbox 1528 1526 1618 1599; x_wconf 83' lang='lat' dir='ltr'><strong>hm·</strong></span> 
     </span>
     <span class='ocr_line' id='line_1_8' title="bbox 450 1644 1617 1742; baseline -0.002 -22"><span class='ocrx_word' id='word_1_62' title='bbox 450 1647 602 1742; x_wconf 90' lang='lat' dir='ltr'><strong>phiarao</strong></span> <span class='ocrx_word' id='word_1_63' title='bbox 627 1651 753 1721; x_wconf 87' lang='lat' dir='ltr'><strong>autem</strong></span> <span class='ocrx_word' id='word_1_64' title='bbox 780 1652 940 1720; x_wconf 86' lang='lat' dir='ltr'><strong>exeunte</strong></span> <span class='ocrx_word' id='word_1_65' title='bbox 965 1652 1002 1720; x_wconf 93' lang='lat' dir='ltr'><strong>et</strong></span> <span class='ocrx_word' id='word_1_66' title='bbox 1027 1645 1237 1741; x_wconf 82' lang='lat' dir='ltr'><strong>increpante</strong></span> <span class='ocrx_word' id='word_1_67' title='bbox 1261 1646 1425 1720; x_wconf 80' lang='lat' dir='ltr'><strong>furorem</strong></span> <span class='ocrx_word' id='word_1_68' title='bbox 1450 1644 1617 1740; x_wconf 75' lang='lat' dir='ltr'><strong>(hpanaei</strong></span> 
     </span>
     <span class='ocr_line' id='line_1_9' title="bbox 450 1756 1618 1862; baseline -0.002 -22"><span class='ocrx_word' id='word_1_69' title='bbox 450 1772 488 1840; x_wconf 92' lang='lat' dir='ltr'><strong>et</strong></span> <span class='ocrx_word' id='word_1_70' title='bbox 513 1765 614 1862; x_wconf 85' lang='lat' dir='ltr'><strong>vulgi</strong></span> <span class='ocrx_word' id='word_1_71' title='bbox 628 1756 679 1858; x_wconf 52' lang='grc' dir='ltr'>(Ξ),</span> <span class='ocrx_word' id='word_1_72' title='bbox 698 1764 761 1857; x_wconf 84' lang='lat' dir='ltr'><strong>qui</strong></span> <span class='ocrx_word' id='word_1_73' title='bbox 777 1764 1022 1858; x_wconf 80' lang='lat' dir='ltr'>properabant</span> <span class='ocrx_word' id='word_1_74' title='bbox 1047 1764 1102 1838; x_wconf 90' lang='lat' dir='ltr'><strong>ire</strong></span> <span class='ocrx_word' id='word_1_75' title='bbox 1125 1764 1160 1837; x_wconf 93' lang='lat' dir='ltr'><strong>in</strong></span> <span class='ocrx_word' id='word_1_76' title='bbox 1181 1764 1276 1839; x_wconf 87' lang='lat' dir='ltr'><strong>bella</strong></span> <span class='ocrx_word' id='word_1_77' title='bbox 1293 1771 1420 1838; x_wconf 90' lang='lat' dir='ltr'><strong>contra</strong></span> <span class='ocrx_word' id='word_1_78' title='bbox 1446 1763 1530 1856; x_wconf 86' lang='lat' dir='ltr'><strong>iata,</strong></span> <span class='ocrx_word' id='word_1_79' title='bbox 1548 1764 1618 1838; x_wconf 81' lang='lat' dir='ltr'><strong>Ca·</strong></span> 
     </span>
     <span class='ocr_line' id='line_1_10' title="bbox 450 1881 1618 1980; baseline -0.003 -23"><span class='ocrx_word' id='word_1_80' title='bbox 450 1905 600 1980; x_wconf 83' lang='lat' dir='ltr'><strong>panaeus</strong></span> <span class='ocrx_word' id='word_1_81' title='bbox 625 1884 761 1958; x_wconf 89' lang='lat' dir='ltr'><strong>iterum</strong></span> <span class='ocrx_word' id='word_1_82' title='bbox 787 1883 948 1957; x_wconf 87' lang='lat' dir='ltr'><strong>clamare</strong></span> <span class='ocrx_word' id='word_1_83' title='bbox 973 1883 1081 1978; x_wconf 91' lang='lat' dir='ltr'><strong>ooepit</strong></span> <span class='ocrx_word' id='word_1_84' title='bbox 1105 1889 1143 1957; x_wconf 94' lang='lat' dir='ltr'><strong>et</strong></span> <span class='ocrx_word' id='word_1_85' title='bbox 1167 1882 1289 1957; x_wconf 90' lang='lat' dir='ltr'><strong>dicere</strong></span> <span class='ocrx_word' id='word_1_86' title='bbox 1313 1903 1424 1977; x_wconf 90' lang='lat' dir='ltr'><strong>super</strong></span> <span class='ocrx_word' id='word_1_87' title='bbox 1443 1881 1618 1976; x_wconf 86' lang='lat' dir='ltr'><strong>Amphia-</strong></span> 
     </span>
     <span class='ocr_line' id='line_1_11' title="bbox 452 2000 1619 2097; baseline -0.004 -19"><span class='ocrx_word' id='word_1_88' title='bbox 452 2023 582 2095; x_wconf 84' lang='lat' dir='ltr'><strong>raum:</strong></span> <span class='ocrx_word' id='word_1_89' title='bbox 609 2022 633 2075; x_wconf 95' lang='lat' dir='ltr'><strong>o</strong></span> <span class='ocrx_word' id='word_1_90' title='bbox 657 2002 798 2096; x_wconf 86' lang='lat' dir='ltr'><strong>hugur,</strong></span> <span class='ocrx_word' id='word_1_91' title='bbox 824 2000 892 2074; x_wconf 87' lang='lat' dir='ltr'><strong>ista</strong></span> <span class='ocrx_word' id='word_1_92' title='bbox 917 2001 1012 2075; x_wconf 86' lang='lat' dir='ltr'><strong>iuria</strong></span> <span class='ocrx_word' id='word_1_93' title='bbox 1037 2001 1081 2073; x_wconf 94' lang='lat' dir='ltr'><strong>sit</strong></span> <span class='ocrx_word' id='word_1_94' title='bbox 1107 2008 1181 2094; x_wconf 89' lang='lat' dir='ltr'><strong>tua,</strong></span> <span class='ocrx_word' id='word_1_95' title='bbox 1201 2007 1241 2074; x_wconf 95' lang='lat' dir='ltr'><strong>nt</strong></span> <span class='ocrx_word' id='word_1_96' title='bbox 1262 2002 1339 2077; x_wconf 88' lang='lat' dir='ltr'><strong>sine</strong></span> <span class='ocrx_word' id='word_1_97' title='bbox 1355 2001 1471 2097; x_wconf 90' lang='lat' dir='ltr'><strong>gloria</strong></span> <span class='ocrx_word' id='word_1_98' title='bbox 1498 2020 1619 2074; x_wconf 89' lang='lat' dir='ltr'><strong>rema·</strong></span> 
     </span>
     <span class='ocr_line' id='line_1_12' title="bbox 452 2119 1620 2196; baseline -0.002 0"><span class='ocrx_word' id='word_1_99' title='bbox 452 2141 540 2196; x_wconf 85' lang='lat' dir='ltr'><strong>neas</strong></span> <span class='ocrx_word' id='word_1_100' title='bbox 564 2120 683 2195; x_wconf 82' lang='lat' dir='ltr'><strong>viliter</strong></span> <span class='ocrx_word' id='word_1_101' title='bbox 707 2120 754 2193; x_wconf 93' lang='lat' dir='ltr'><strong>ad</strong></span> <span class='ocrx_word' id='word_1_102' title='bbox 780 2119 981 2194; x_wconf 86' lang='lat' dir='ltr'><strong>custodiam</strong></span> <span class='ocrx_word' id='word_1_103' title='bbox 1009 2140 1136 2194; x_wconf 83' lang='lat' dir='ltr'><strong>vacuae</strong></span> <span class='ocrx_word' id='word_1_104' title='bbox 1161 2121 1334 2195; x_wconf 85' lang='lat' dir='ltr'><strong>civitatis:</strong></span> <span class='ocrx_word' id='word_1_105' title='bbox 1362 2142 1429 2195; x_wconf 91' lang='lat' dir='ltr'><strong>cur</strong></span> <span class='ocrx_word' id='word_1_106' title='bbox 1455 2120 1620 2195; x_wconf 80' lang='lat' dir='ltr'><strong>retardas</strong></span> 
     </span>
     <span class='ocr_line' id='line_1_13' title="bbox 452 2236 1620 2331; baseline -0.002 -17"><span class='ocrx_word' id='word_1_107' title='bbox 452 2240 627 2314; x_wconf 83' lang='lat' dir='ltr'><strong>habentes</strong></span> <span class='ocrx_word' id='word_1_108' title='bbox 653 2237 845 2311; x_wconf 85' lang='lat' dir='ltr'><strong>meliorem</strong></span> <span class='ocrx_word' id='word_1_109' title='bbox 870 2236 1047 2331; x_wconf 89' lang='lat' dir='ltr'><strong>animum,</strong></span> <span class='ocrx_word' id='word_1_110' title='bbox 1079 2245 1120 2312; x_wconf 95' lang='lat' dir='ltr'><strong>ut</strong></span> <span class='ocrx_word' id='word_1_111' title='bbox 1153 2259 1346 2314; x_wconf 90' lang='lat' dir='ltr'><strong>remaneas</strong></span> <span class='ocrx_word' id='word_1_112' title='bbox 1372 2260 1458 2313; x_wconf 91' lang='lat' dir='ltr'><strong>cum</strong></span> <span class='ocrx_word' id='word_1_113' title='bbox 1485 2238 1557 2313; x_wconf 82' lang='lat' dir='ltr'><strong>ouo</strong></span> <span class='ocrx_word' id='word_1_114' title='bbox 1583 2245 1620 2312; x_wconf 88' lang='lat' dir='ltr'><strong>ct</strong></span> 
     </span>
     <span class='ocr_line' id='line_1_14' title="bbox 455 2345 1618 2448; baseline -0.001 -18"><span class='ocrx_word' id='word_1_115' title='bbox 455 2375 573 2431; x_wconf 82' lang='lat' dir='ltr'><strong>uxore</strong></span> <span class='ocrx_word' id='word_1_116' title='bbox 586 2346 623 2447; x_wconf 77' lang='lat'><strong>(³)</strong></span> <span class='ocrx_word' id='word_1_117' title='bbox 658 2359 723 2428; x_wconf 89' lang='lat' dir='ltr'><strong>tna</strong></span> <span class='ocrx_word' id='word_1_118' title='bbox 755 2354 802 2429; x_wconf 90' lang='lat' dir='ltr'><strong>ad</strong></span> <span class='ocrx_word' id='word_1_119' title='bbox 827 2354 1026 2448; x_wconf 78' lang='lat' dir='ltr'><strong>iacendum</strong></span> <span class='ocrx_word' id='word_1_120' title='bbox 1056 2355 1092 2428; x_wconf 91' lang='lat' dir='ltr'><strong>in</strong></span> <span class='ocrx_word' id='word_1_121' title='bbox 1125 2357 1282 2431; x_wconf 88' lang='lat' dir='ltr'><strong>cameris</strong></span> <span class='ocrx_word' id='word_1_122' title='bbox 1297 2345 1360 2447; x_wconf 70' lang='lat'>(⁸)?</span> <span class='ocrx_word' id='word_1_123' title='bbox 1395 2376 1463 2429; x_wconf 92' lang='lat' dir='ltr'><strong>cur</strong></span> <span class='ocrx_word' id='word_1_124' title='bbox 1500 2362 1618 2430; x_wconf 82' lang='lat' dir='ltr'><strong>terres</strong></span> 
     </span>
     <span class='ocr_line' id='line_1_15' title="bbox 453 2472 1620 2568; baseline -0.003 -20"><span class='ocrx_word' id='word_1_125' title='bbox 453 2474 564 2548; x_wconf 90' lang='lat' dir='ltr'><strong>corda</strong></span> <span class='ocrx_word' id='word_1_126' title='bbox 590 2472 828 2547; x_wconf 73' lang='lat' dir='ltr'><strong>timidorum?</strong></span> <span class='ocrx_word' id='word_1_127' title='bbox 854 2473 963 2547; x_wconf 89' lang='lat' dir='ltr'><strong>timor</strong></span> <span class='ocrx_word' id='word_1_128' title='bbox 992 2473 1132 2568; x_wconf 93' lang='lat' dir='ltr'><strong>primus</strong></span> <span class='ocrx_word' id='word_1_129' title='bbox 1161 2475 1244 2549; x_wconf 84' lang='lat' dir='ltr'><strong>iecit</strong></span> <span class='ocrx_word' id='word_1_130' title='bbox 1268 2475 1355 2549; x_wconf 92' lang='lat' dir='ltr'><strong>deos</strong></span> <span class='ocrx_word' id='word_1_131' title='bbox 1382 2475 1419 2547; x_wconf 94' lang='lat' dir='ltr'><strong>in</strong></span> <span class='ocrx_word' id='word_1_132' title='bbox 1449 2475 1549 2549; x_wconf 91' lang='lat' dir='ltr'><strong>orbe.</strong></span> <span class='ocrx_word' id='word_1_133' title='bbox 1577 2474 1620 2545; x_wconf 86' lang='lat' dir='ltr'><strong>Et</strong></span> 
     </span>
     <span class='ocr_line' id='line_1_16' title="bbox 454 2590 1620 2687; baseline -0.003 -20"><span class='ocrx_word' id='word_1_134' title='bbox 454 2600 496 2667; x_wconf 94' lang='lat' dir='ltr'><strong>ut</strong></span> <span class='ocrx_word' id='word_1_135' title='bbox 520 2592 681 2668; x_wconf 86' lang='lat' dir='ltr'><strong>breviter</strong></span> <span class='ocrx_word' id='word_1_136' title='bbox 705 2590 837 2685; x_wconf 90' lang='lat' dir='ltr'><strong>dicam,</strong></span> <span class='ocrx_word' id='word_1_137' title='bbox 862 2592 977 2686; x_wconf 88' lang='lat' dir='ltr'><strong>posito</strong></span> <span class='ocrx_word' id='word_1_138' title='bbox 1002 2593 1167 2667; x_wconf 82' lang='lat' dir='ltr'><strong>exercitu</strong></span> <span class='ocrx_word' id='word_1_139' title='bbox 1194 2594 1289 2668; x_wconf 88' lang='lat' dir='ltr'><strong>circa</strong></span> <span class='ocrx_word' id='word_1_140' title='bbox 1316 2593 1467 2687; x_wconf 85' lang='lat' dir='ltr'><strong>Thebas,</strong></span> <span class='ocrx_word' id='word_1_141' title='bbox 1485 2599 1522 2668; x_wconf 89' lang='lat' dir='ltr'><strong>et</strong></span> <span class='ocrx_word' id='word_1_142' title='bbox 1541 2593 1620 2686; x_wconf 90' lang='lat' dir='ltr'><strong>jam</strong></span> 
     </span>
     <span class='ocr_line' id='line_1_17' title="bbox 454 2710 1619 2807; baseline -0.003 -21"><span class='ocrx_word' id='word_1_143' title='bbox 454 2719 615 2807; x_wconf 88' lang='lat' dir='ltr'><strong>quatuor</strong></span> <span class='ocrx_word' id='word_1_144' title='bbox 644 2731 691 2785; x_wconf 80' lang='lat' dir='ltr'><strong>ex</strong></span> <span class='ocrx_word' id='word_1_145' title='bbox 723 2731 772 2785; x_wconf 83' lang='lat' dir='ltr'><strong>vu</strong></span> <span class='ocrx_word' id='word_1_146' title='bbox 804 2710 952 2806; x_wconf 87' lang='lat' dir='ltr'><strong>regibus</strong></span> <span class='ocrx_word' id='word_1_147' title='bbox 988 2711 1143 2788; x_wconf 81' lang='lat' dir='ltr'><strong>mortuis</strong></span> <span class='ocrx_word' id='word_1_148' title='bbox 1178 2713 1214 2784; x_wconf 91' lang='lat' dir='ltr'><strong>in</strong></span> <span class='ocrx_word' id='word_1_149' title='bbox 1250 2712 1437 2787; x_wconf 81' lang='lat' dir='ltr'><strong>obsidione</strong></span> <span class='ocrx_word' id='word_1_150' title='bbox 1467 2710 1619 2786; x_wconf 84' lang='lat' dir='ltr'><strong>dirersis</strong></span> 
     </span>
     <span class='ocr_line' id='line_1_18' title="bbox 455 2829 1620 2928; baseline 0.001 -24"><span class='ocrx_word' id='word_1_151' title='bbox 455 2831 582 2923; x_wconf 89' lang='lat' dir='ltr'><strong>modis,</strong></span> <span class='ocrx_word' id='word_1_152' title='bbox 608 2830 819 2924; x_wconf 78' lang='lat' dir='ltr'><strong>Capenam,</strong></span> <span class='ocrx_word' id='word_1_153' title='bbox 845 2829 938 2904; x_wconf 90' lang='lat' dir='ltr'><strong>sicut</strong></span> <span class='ocrx_word' id='word_1_154' title='bbox 962 2831 1086 2904; x_wconf 81' lang='lat' dir='ltr'><strong>scribit</strong></span> <span class='ocrx_word' id='word_1_155' title='bbox 1109 2831 1244 2906; x_wconf 88' lang='lat' dir='ltr'><strong>Statius</strong></span> <span class='ocrx_word' id='word_1_156' title='bbox 1261 2832 1298 2905; x_wconf 93' lang='lat' dir='ltr'><strong>in</strong></span> <span class='ocrx_word' id='word_1_157' title='bbox 1315 2833 1360 2925; x_wconf 82' lang='lat' dir='ltr'><strong>x,</strong></span> <span class='ocrx_word' id='word_1_158' title='bbox 1378 2852 1451 2906; x_wconf 93' lang='lat' dir='ltr'><strong>non</strong></span> <span class='ocrx_word' id='word_1_159' title='bbox 1468 2831 1620 2928; x_wconf 85' lang='lat' dir='ltr'><strong>dignans</strong></span> 
     </span>
     <span class='ocr_line' id='line_1_19' title="bbox 434 2948 1616 3045; baseline 0.002 -25"><span class='ocrx_word' id='word_1_160' title='bbox 434 2969 621 3045; x_wconf 89' lang='lat' dir='ltr'><strong>pugnare</strong></span> <span class='ocrx_word' id='word_1_161' title='bbox 646 2948 779 3022; x_wconf 89' lang='lat' dir='ltr'><strong>insidiis</strong></span> <span class='ocrx_word' id='word_1_162' title='bbox 809 2954 874 3021; x_wconf 90' lang='lat' dir='ltr'><strong>aut</strong></span> <span class='ocrx_word' id='word_1_163' title='bbox 905 2948 1036 3042; x_wconf 83' lang='lat' dir='ltr'><strong>praeliis</strong></span> <span class='ocrx_word' id='word_1_164' title='bbox 1062 2951 1260 3043; x_wconf 86' lang='lat' dir='ltr'><strong>nocturnis,</strong></span> <span class='ocrx_word' id='word_1_165' title='bbox 1293 2951 1403 3044; x_wconf 89' lang='lat' dir='ltr'><strong>ooepit</strong></span> <span class='ocrx_word' id='word_1_166' title='bbox 1432 2949 1616 3025; x_wconf 81' lang='lat' dir='ltr'><strong>exhortari</strong></span> 
     </span>
     <span class='ocr_line' id='line_1_20' title="bbox 455 3065 1623 3160; baseline 0 -20"><span class='ocrx_word' id='word_1_167' title='bbox 455 3088 553 3160; x_wconf 88' lang='lat' dir='ltr'><strong>suos,</strong></span> <span class='ocrx_word' id='word_1_168' title='bbox 578 3067 722 3141; x_wconf 90' lang='lat' dir='ltr'><strong>dicens:</strong></span> <span class='ocrx_word' id='word_1_169' title='bbox 749 3066 779 3140; x_wconf 91' lang='lat'>0</span> <span class='ocrx_word' id='word_1_170' title='bbox 810 3065 938 3160; x_wconf 85' lang='lat' dir='ltr'><strong>Graeci,</strong></span> <span class='ocrx_word' id='word_1_171' title='bbox 964 3067 1042 3160; x_wconf 86' lang='lat' dir='ltr'><strong>jam</strong></span> <span class='ocrx_word' id='word_1_172' title='bbox 1069 3067 1154 3141; x_wconf 90' lang='lat' dir='ltr'><strong>satis</strong></span> <span class='ocrx_word' id='word_1_173' title='bbox 1179 3067 1284 3141; x_wconf 92' lang='lat' dir='ltr'><strong>latuit</strong></span> <span class='ocrx_word' id='word_1_174' title='bbox 1308 3087 1392 3141; x_wconf 90' lang='lat' dir='ltr'><strong>mea</strong></span> <span class='ocrx_word' id='word_1_175' title='bbox 1418 3068 1534 3142; x_wconf 85' lang='lat' dir='ltr'><strong>virtus</strong></span> <span class='ocrx_word' id='word_1_176' title='bbox 1559 3087 1623 3140; x_wconf 93' lang='lat' dir='ltr'><strong>oc-</strong></span> 
     </span>
     <span class='ocr_line' id='line_1_21' title="bbox 454 3184 1623 3281; baseline -0.002 -21"><span class='ocrx_word' id='word_1_177' title='bbox 454 3186 564 3279; x_wconf 85' lang='lat' dir='ltr'><strong>culta,</strong></span> <span class='ocrx_word' id='word_1_178' title='bbox 582 3205 681 3259; x_wconf 91' lang='lat' dir='ltr'><strong>nnnc</strong></span> <span class='ocrx_word' id='word_1_179' title='bbox 697 3185 845 3258; x_wconf 92' lang='lat' dir='ltr'><strong>intendo</strong></span> <span class='ocrx_word' id='word_1_180' title='bbox 862 3184 1009 3259; x_wconf 85' lang='lat' dir='ltr'><strong>vincere</strong></span> <span class='ocrx_word' id='word_1_181' title='bbox 1028 3184 1186 3281; x_wconf 83' lang='lat' dir='ltr'><strong>gloriose</strong></span> <span class='ocrx_word' id='word_1_182' title='bbox 1203 3185 1249 3259; x_wconf 94' lang='lat' dir='ltr'><strong>de</strong></span> <span class='ocrx_word' id='word_1_183' title='bbox 1265 3185 1342 3278; x_wconf 82' lang='lat' dir='ltr'><strong>die3</strong></span> <span class='ocrx_word' id='word_1_184' title='bbox 1360 3205 1450 3280; x_wconf 89' lang='lat' dir='ltr'><strong>ergo</strong></span> <span class='ocrx_word' id='word_1_185' title='bbox 1466 3185 1623 3279; x_wconf 87' lang='lat' dir='ltr'><strong>juvenes</strong></span> 
     </span>
     <span class='ocr_line' id='line_1_22' title="bbox 456 3303 1623 3399; baseline 0.001 -22"><span class='ocrx_word' id='word_1_186' title='bbox 456 3305 576 3380; x_wconf 88' lang='lat' dir='ltr'><strong>venite</strong></span> <span class='ocrx_word' id='word_1_187' title='bbox 592 3323 740 3378; x_wconf 89' lang='lat' dir='ltr'><strong>mecum</strong></span> <span class='ocrx_word' id='word_1_188' title='bbox 765 3310 893 3399; x_wconf 86' lang='lat' dir='ltr'><strong>aperto</strong></span> <span class='ocrx_word' id='word_1_189' title='bbox 919 3304 1054 3398; x_wconf 85' lang='lat' dir='ltr'><strong>praeho,</strong></span> <span class='ocrx_word' id='word_1_190' title='bbox 1072 3311 1109 3379; x_wconf 88' lang='lat' dir='ltr'><strong>et</strong></span> <span class='ocrx_word' id='word_1_191' title='bbox 1127 3305 1265 3399; x_wconf 85' lang='lat' dir='ltr'><strong>palam:</strong></span> <span class='ocrx_word' id='word_1_192' title='bbox 1287 3304 1394 3378; x_wconf 88' lang='lat' dir='ltr'><strong>etsie</strong></span> <span class='ocrx_word' id='word_1_193' title='bbox 1420 3303 1623 3378; x_wconf 81' lang='lat' dir='ltr'><strong>vociferans</strong></span> 
     </span>
     <span class='ocr_line' id='line_1_23' title="bbox 455 3422 1623 3516; baseline -0.003 -18"><span class='ocrx_word' id='word_1_194' title='bbox 455 3422 558 3498; x_wconf 78' lang='lat' dir='ltr'><strong>duxit</strong></span> <span class='ocrx_word' id='word_1_195' title='bbox 583 3423 786 3498; x_wconf 82' lang='lat' dir='ltr'><strong>exercitum</strong></span> <span class='ocrx_word' id='word_1_196' title='bbox 818 3422 865 3496; x_wconf 93' lang='lat' dir='ltr'><strong>ad</strong></span> <span class='ocrx_word' id='word_1_197' title='bbox 895 3422 1031 3497; x_wconf 88' lang='lat' dir='ltr'><strong>moenia</strong></span> <span class='ocrx_word' id='word_1_198' title='bbox 1060 3422 1288 3516; x_wconf 71' lang='lat' dir='ltr'><strong>Thebarum,</strong></span> <span class='ocrx_word' id='word_1_199' title='bbox 1321 3422 1467 3497; x_wconf 86' lang='lat' dir='ltr'><strong>thebani</strong></span> <span class='ocrx_word' id='word_1_200' title='bbox 1496 3428 1623 3497; x_wconf 84' lang='lat' dir='ltr'><strong>antem</strong></span> 
     </span>
     <span class='ocr_line' id='line_1_24' title="bbox 456 3540 1625 3637; baseline -0.003 -20"><span class='ocrx_word' id='word_1_201' title='bbox 456 3551 703 3618; x_wconf 89' lang='lat' dir='ltr'><strong>cucurrerunt</strong></span> <span class='ocrx_word' id='word_1_202' title='bbox 726 3540 772 3614; x_wconf 93' lang='lat' dir='ltr'><strong>ad</strong></span> <span class='ocrx_word' id='word_1_203' title='bbox 798 3542 935 3615; x_wconf 87' lang='lat' dir='ltr'><strong>moenia</strong></span> <span class='ocrx_word' id='word_1_204' title='bbox 961 3548 1070 3616; x_wconf 83' lang='lat' dir='ltr'><strong>terrae</strong></span> <span class='ocrx_word' id='word_1_205' title='bbox 1096 3542 1308 3615; x_wconf 89' lang='lat' dir='ltr'><strong>cumomni</strong></span> <span class='ocrx_word' id='word_1_206' title='bbox 1338 3561 1475 3637; x_wconf 82' lang='lat' dir='ltr'><strong>genere</strong></span> <span class='ocrx_word' id='word_1_207' title='bbox 1499 3561 1625 3615; x_wconf 88' lang='lat' dir='ltr'><strong>armo-</strong></span> 
     </span>
     <span class='ocr_line' id='line_1_25' title="bbox 457 3658 1624 3754; baseline -0.002 -19"><span class='ocrx_word' id='word_1_208' title='bbox 457 3681 543 3735; x_wconf 87' lang='lat' dir='ltr'><strong>rum</strong></span> <span class='ocrx_word' id='word_1_209' title='bbox 568 3660 615 3734; x_wconf 90' lang='lat' dir='ltr'><strong>ad</strong></span> <span class='ocrx_word' id='word_1_210' title='bbox 639 3659 896 3754; x_wconf 79' lang='lat' dir='ltr'><strong>defensionem,</strong></span> <span class='ocrx_word' id='word_1_211' title='bbox 915 3667 951 3735; x_wconf 93' lang='lat' dir='ltr'><strong>et</strong></span> <span class='ocrx_word' id='word_1_212' title='bbox 977 3661 1086 3734; x_wconf 90' lang='lat' dir='ltr'><strong>timor</strong></span> <span class='ocrx_word' id='word_1_213' title='bbox 1110 3660 1295 3734; x_wconf 84' lang='lat' dir='ltr'><strong>servitutis</strong></span> <span class='ocrx_word' id='word_1_214' title='bbox 1319 3659 1546 3734; x_wconf 86' lang='lat' dir='ltr'><strong>ministrabat</strong></span> <span class='ocrx_word' id='word_1_215' title='bbox 1571 3658 1624 3734; x_wconf 89' lang='lat' dir='ltr'><strong>eis</strong></span> 
     </span>
     <span class='ocr_line' id='line_1_26' title="bbox 457 3772 1624 3873; baseline -0.003 -19"><span class='ocrx_word' id='word_1_216' title='bbox 457 3800 563 3855; x_wconf 90' lang='lat' dir='ltr'><strong>arma</strong></span> <span class='ocrx_word' id='word_1_217' title='bbox 579 3772 629 3871; x_wconf 82' lang='lat'><strong>(⁵),</strong></span> <span class='ocrx_word' id='word_1_218' title='bbox 646 3779 739 3852; x_wconf 91' lang='lat' dir='ltr'><strong>iram</strong></span> <span class='ocrx_word' id='word_1_219' title='bbox 757 3786 795 3853; x_wconf 88' lang='lat' dir='ltr'><strong>et</strong></span> <span class='ocrx_word' id='word_1_220' title='bbox 818 3778 1097 3854; x_wconf 87' lang='lat' dir='ltr'><strong>animositatem.</strong></span> <span class='ocrx_word' id='word_1_221' title='bbox 1118 3778 1319 3873; x_wconf 75' lang='lat' dir='ltr'><strong>Capaneus</strong></span> <span class='ocrx_word' id='word_1_222' title='bbox 1336 3784 1462 3854; x_wconf 88' lang='lat' dir='ltr'><strong>autem</strong></span> <span class='ocrx_word' id='word_1_223' title='bbox 1479 3779 1624 3853; x_wconf 89' lang='lat' dir='ltr'><strong>discur-</strong></span> 
     </span>
     <span class='ocr_line' id='line_1_27' title="bbox 459 3888 1621 3992; baseline -0.003 -19"><span class='ocrx_word' id='word_1_224' title='bbox 459 3919 544 3973; x_wconf 91' lang='lat' dir='ltr'><strong>rens</strong></span> <span class='ocrx_word' id='word_1_225' title='bbox 569 3918 654 3972; x_wconf 89' lang='lat' dir='ltr'><strong>cum</strong></span> <span class='ocrx_word' id='word_1_226' title='bbox 671 3888 709 3989; x_wconf 81' lang='lat'><strong>(⁶)</strong></span> <span class='ocrx_word' id='word_1_227' title='bbox 735 3898 861 3972; x_wconf 79' lang='lat' dir='ltr'><strong>furore</strong></span> <span class='ocrx_word' id='word_1_228' title='bbox 885 3917 951 3992; x_wconf 90' lang='lat' dir='ltr'><strong>per</strong></span> <span class='ocrx_word' id='word_1_229' title='bbox 976 3897 1125 3992; x_wconf 90' lang='lat' dir='ltr'><strong>moenia,</strong></span> <span class='ocrx_word' id='word_1_230' title='bbox 1143 3899 1244 3974; x_wconf 85' lang='lat' dir='ltr'><strong>velut</strong></span> <span class='ocrx_word' id='word_1_231' title='bbox 1260 3897 1290 3970; x_wconf 91' lang='lat' dir='ltr'><strong>si</strong></span> <span class='ocrx_word' id='word_1_232' title='bbox 1307 3898 1439 3972; x_wconf 80' lang='lat' dir='ltr'><strong>animae</strong></span> <span class='ocrx_word' id='word_1_233' title='bbox 1456 3897 1621 3972; x_wconf 91' lang='lat' dir='ltr'><strong>omnium</strong></span> 
     </span>
    </p>
   </div>
   <div class='ocr_carea' id='block_1_3' title="bbox 430 4005 1624 4467">
    <p class='ocr_par' dir='ltr' id='par_1_3' title="bbox 430 4005 1624 4467">
     <span class='ocr_line' id='line_1_28' title="bbox 430 4005 1623 4112; baseline 0.003 -26"><span class='ocrx_word' id='word_1_234' title='bbox 430 4079 434 4086; x_wconf 90' lang='lat'>.</span> <span class='ocrx_word' id='word_1_235' title='bbox 458 4015 595 4089; x_wconf 89' lang='lat' dir='ltr'><strong>ducum</strong></span> <span class='ocrx_word' id='word_1_236' title='bbox 613 4014 818 4089; x_wconf 91' lang='lat' dir='ltr'><strong>occisorum</strong></span> <span class='ocrx_word' id='word_1_237' title='bbox 836 4015 1030 4091; x_wconf 90' lang='lat' dir='ltr'><strong>intrassent</strong></span> <span class='ocrx_word' id='word_1_238' title='bbox 1046 4036 1179 4111; x_wconf 85' lang='lat' dir='ltr'><strong>corpus</strong></span> <span class='ocrx_word' id='word_1_239' title='bbox 1196 4016 1286 4111; x_wconf 85' lang='lat' dir='ltr'><strong>eius,</strong></span> <span class='ocrx_word' id='word_1_240' title='bbox 1302 4016 1573 4112; x_wconf 79' lang='lat' dir='ltr'><strong>precipitabant</strong></span> <span class='ocrx_word' id='word_1_241' title='bbox 1584 4005 1623 4107; x_wconf 84' lang='grc'><strong>(”)</strong></span> 
     </span>
     <span class='ocr_line' id='line_1_29' title="bbox 458 4133 1624 4230; baseline 0.001 -23"><span class='ocrx_word' id='word_1_242' title='bbox 458 4153 599 4227; x_wconf 82' lang='lat' dir='ltr'><strong>omnes,</strong></span> <span class='ocrx_word' id='word_1_243' title='bbox 630 4140 668 4207; x_wconf 90' lang='lat' dir='ltr'><strong>et</strong></span> <span class='ocrx_word' id='word_1_244' title='bbox 698 4133 797 4207; x_wconf 86' lang='lat' dir='ltr'><strong>solus</strong></span> <span class='ocrx_word' id='word_1_245' title='bbox 829 4133 1067 4230; x_wconf 80' lang='lat' dir='ltr'><strong>impugnabat</strong></span> <span class='ocrx_word' id='word_1_246' title='bbox 1096 4134 1279 4209; x_wconf 89' lang='lat' dir='ltr'><strong>civitatem</strong></span> <span class='ocrx_word' id='word_1_247' title='bbox 1306 4135 1500 4229; x_wconf 85' lang='lat' dir='ltr'><strong>plusquam</strong></span> <span class='ocrx_word' id='word_1_248' title='bbox 1526 4154 1624 4221; x_wconf 86' lang='lat' dir='ltr'><strong>unus</strong></span> 
     </span>
     <span class='ocr_line' id='line_1_30' title="bbox 458 4250 1623 4348; baseline 0.001 -23"><span class='ocrx_word' id='word_1_249' title='bbox 458 4250 653 4344; x_wconf 79' lang='lat' dir='ltr'><strong>exercitus,</strong></span> <span class='ocrx_word' id='word_1_250' title='bbox 671 4271 887 4347; x_wconf 80' lang='lat' dir='ltr'><strong>respergens</strong></span> <span class='ocrx_word' id='word_1_251' title='bbox 912 4251 1090 4348; x_wconf 86' lang='lat' dir='ltr'><strong>sanguine</strong></span> <span class='ocrx_word' id='word_1_252' title='bbox 1115 4273 1259 4346; x_wconf 90' lang='lat' dir='ltr'><strong>muros;</strong></span> <span class='ocrx_word' id='word_1_253' title='bbox 1282 4259 1320 4327; x_wconf 90' lang='lat' dir='ltr'><strong>et</strong></span> <span class='ocrx_word' id='word_1_254' title='bbox 1343 4253 1516 4326; x_wconf 88' lang='lat' dir='ltr'><strong>continuo</strong></span> <span class='ocrx_word' id='word_1_255' title='bbox 1542 4272 1623 4326; x_wconf 92' lang='lat' dir='ltr'><strong>ma-</strong></span> 
     </span>
     <span class='ocr_line' id='line_1_31' title="bbox 456 4369 1623 4467; baseline 0.003 -23"><span class='ocrx_word' id='word_1_256' title='bbox 456 4370 512 4466; x_wconf 87' lang='lat' dir='ltr'><strong>gis</strong></span> <span class='ocrx_word' id='word_1_257' title='bbox 545 4377 582 4445; x_wconf 88' lang='lat' dir='ltr'><strong>et</strong></span> <span class='ocrx_word' id='word_1_258' title='bbox 615 4369 732 4465; x_wconf 89' lang='lat' dir='ltr'><strong>magis</strong></span> <span class='ocrx_word' id='word_1_259' title='bbox 765 4370 985 4446; x_wconf 82' lang='lat' dir='ltr'><strong>incalescens</strong></span> <span class='ocrx_word' id='word_1_260' title='bbox 1017 4370 1210 4464; x_wconf 89' lang='lat' dir='ltr'><strong>occisione,</strong></span> <span class='ocrx_word' id='word_1_261' title='bbox 1237 4371 1385 4467; x_wconf 77' lang='lat' dir='ltr'><strong>fatigato</strong></span> <span class='ocrx_word' id='word_1_262' title='bbox 1410 4391 1498 4446; x_wconf 90' lang='lat' dir='ltr'><strong>ense</strong></span> <span class='ocrx_word' id='word_1_263' title='bbox 1529 4372 1623 4467; x_wconf 90' lang='lat' dir='ltr'><strong>cepit</strong></span> 
     </span>
    </p>
   </div>
   <div class='ocr_carea' id='block_1_4' title="bbox 517 4626 1602 4920">
    <p class='ocr_par' dir='ltr' id='par_1_4' title="bbox 517 4626 1602 4841">
     <span class='ocr_line' id='line_1_32' title="bbox 517 4626 1573 4691; baseline 0.002 -14"><span class='ocrx_word' id='word_1_264' title='bbox 517 4626 544 4688; x_wconf 82' lang='grc'><strong>(·)</strong></span> <span class='ocrx_word' id='word_1_265' title='bbox 561 4632 614 4688; x_wconf 76' lang='lat' dir='ltr'><strong>lio,</strong></span> <span class='ocrx_word' id='word_1_266' title='bbox 630 4631 657 4677; x_wconf 82' lang='lat' dir='ltr'><strong>et</strong></span> <span class='ocrx_word' id='word_1_267' title='bbox 672 4640 730 4691; x_wconf 70' lang='lat' dir='ltr'><strong>qno</strong></span> <span class='ocrx_word' id='word_1_268' title='bbox 746 4628 910 4679; x_wconf 71' lang='lat' dir='ltr'><strong>ramundo.</strong></span> <span class='ocrx_word' id='word_1_269' title='bbox 1078 4627 1105 4690; x_wconf 81' lang='grc'><strong>(’)</strong></span> <span class='ocrx_word' id='word_1_270' title='bbox 1121 4628 1152 4678; x_wconf 82' lang='lat' dir='ltr'><strong>E.</strong></span> <span class='ocrx_word' id='word_1_271' title='bbox 1169 4640 1230 4678; x_wconf 83' lang='lat' dir='ltr'><strong>cnm</strong></span> <span class='ocrx_word' id='word_1_272' title='bbox 1246 4626 1316 4691; x_wconf 75' lang='lat' dir='ltr'><strong>rnigi</strong></span> <span class='ocrx_word' id='word_1_273' title='bbox 1334 4632 1509 4691; x_wconf 70' lang='lat' dir='ltr'><strong>prepararent</strong></span> <span class='ocrx_word' id='word_1_274' title='bbox 1524 4629 1573 4679; x_wconf 83' lang='lat' dir='ltr'><strong>irs.</strong></span> 
     </span>
     <span class='ocr_line' id='line_1_33' title="bbox 518 4703 1602 4766; baseline 0.003 -11"><span class='ocrx_word' id='word_1_275' title='bbox 518 4703 544 4766; x_wconf 59' lang='grc' dir='ltr'><strong>(η</strong></span> <span class='ocrx_word' id='word_1_276' title='bbox 562 4710 614 4764; x_wconf 77' lang='lat' dir='ltr'><strong>llo,</strong></span> <span class='ocrx_word' id='word_1_277' title='bbox 631 4717 714 4755; x_wconf 76' lang='lat' dir='ltr'><strong>uxore</strong></span> <span class='ocrx_word' id='word_1_278' title='bbox 728 4703 756 4754; x_wconf 90' lang='lat' dir='ltr'><strong>in</strong></span> <span class='ocrx_word' id='word_1_279' title='bbox 771 4704 850 4757; x_wconf 86' lang='lat' dir='ltr'><strong>domo</strong></span> <span class='ocrx_word' id='word_1_280' title='bbox 865 4710 919 4756; x_wconf 69' lang='lat' dir='ltr'><strong>tun</strong></span> <span class='ocrx_word' id='word_1_281' title='bbox 1080 4704 1107 4764; x_wconf 83' lang='grc'><strong>(·)</strong></span> <span class='ocrx_word' id='word_1_282' title='bbox 1123 4704 1154 4755; x_wconf 82' lang='lat' dir='ltr'><strong>E.</strong></span> <span class='ocrx_word' id='word_1_283' title='bbox 1170 4704 1198 4755; x_wconf 88' lang='lat' dir='ltr'><strong>in</strong></span> <span class='ocrx_word' id='word_1_284' title='bbox 1212 4704 1329 4765; x_wconf 69' lang='lat' dir='ltr'><strong>comens,</strong></span> <span class='ocrx_word' id='word_1_285' title='bbox 1347 4709 1499 4756; x_wconf 71' lang='lat' dir='ltr'><strong>mutatam</strong></span> <span class='ocrx_word' id='word_1_286' title='bbox 1514 4705 1602 4758; x_wconf 71' lang='lat' dir='ltr'><strong>eorus</strong></span> 
     </span>
     <span class='ocr_line' id='line_1_34' title="bbox 520 4777 1460 4841; baseline 0.004 -12"><span class='ocrx_word' id='word_1_287' title='bbox 520 4777 547 4841; x_wconf 82' lang='lat'><strong>(⁸)</strong></span> <span class='ocrx_word' id='word_1_288' title='bbox 562 4778 588 4829; x_wconf 85' lang='lat' dir='ltr'><strong>S.</strong></span> <span class='ocrx_word' id='word_1_289' title='bbox 604 4793 676 4830; x_wconf 76' lang='lat' dir='ltr'><strong>arma</strong></span> <span class='ocrx_word' id='word_1_290' title='bbox 691 4784 718 4830; x_wconf 82' lang='lat' dir='ltr'><strong>ct</strong></span> <span class='ocrx_word' id='word_1_291' title='bbox 733 4781 929 4832; x_wconf 75' lang='lat' dir='ltr'><strong>mimodtutem.</strong></span> <span class='ocrx_word' id='word_1_292' title='bbox 1079 4778 1106 4841; x_wconf 72' lang='lat'><strong>(⁸)</strong></span> <span class='ocrx_word' id='word_1_293' title='bbox 1122 4783 1175 4839; x_wconf 75' lang='lat' dir='ltr'><strong>tio,</strong></span> <span class='ocrx_word' id='word_1_294' title='bbox 1193 4779 1340 4831; x_wconf 80' lang='lat' dir='ltr'><strong>disonmm</strong></span> <span class='ocrx_word' id='word_1_295' title='bbox 1355 4778 1460 4833; x_wconf 67' lang='lat' dir='ltr'><strong>mnne.</strong></span> 
     </span>
    </p>

    <p class='ocr_par' dir='ltr' id='par_1_5' title="bbox 521 4853 865 4920">
     <span class='ocr_line' id='line_1_35' title="bbox 521 4853 865 4920; baseline 0.012 -15"><span class='ocrx_word' id='word_1_296' title='bbox 521 4853 548 4917; x_wconf 80' lang='lat'><strong>(¹)</strong></span> <span class='ocrx_word' id='word_1_297' title='bbox 563 4853 589 4905; x_wconf 84' lang='lat' dir='ltr'><strong>S.</strong></span> <span class='ocrx_word' id='word_1_298' title='bbox 605 4869 621 4906; x_wconf 82' lang='lat' dir='ltr'><strong>e</strong></span> <span class='ocrx_word' id='word_1_299' title='bbox 637 4856 668 4906; x_wconf 80' lang='lat' dir='ltr'><strong>li.</strong></span> <span class='ocrx_word' id='word_1_300' title='bbox 685 4856 865 4920; x_wconf 66' lang='lat' dir='ltr'><strong>precipitabst</strong></span> 
     </span>
    </p>
   </div>
   <div class='ocr_carea' id='block_1_5' title="bbox 0 0 2102 6546">
    <p class='ocr_par' dir='ltr' id='par_1_6' title="bbox 0 0 2102 6546">
     <span class='ocr_line' id='line_1_36' title="bbox 0 0 2102 6546; baseline 0 0"><span class='ocrx_word' id='word_1_301' title='bbox 0 0 2102 6546; x_wconf 95' lang='lat' dir='ltr'><strong> </strong></span> 
     </span>
    </p>
   </div>
  </div>
 </body>
</html>
