4154 6546
853 822 1007 878 caurus
1032 816 1175 876 ramus
1571 806 1619 875 lt'l
1648 878 1651 884 ,

445 972 617 1068 quodque
642 970 741 1046 nasci
767 968 865 1063 quod
889 962 936 1043 dc
960 989 1058 1043 novo
1081 973 1255 1063 apparet:
1288 967 1383 1041 inter
1402 967 1550 1042 filtrum
1573 976 1620 1043 61

446 1092 594 1185 filtrum,
620 1091 723 1185 idest,
739 1089 835 1163 inter
852 1090 989 1163 coelum
1006 1094 1044 1162 et
1061 1094 1212 1182 terram,
1230 1088 1317 1180 quia
1343 1087 1381 1161 in
1405 1108 1494 1164 aere
1514 1089 1620 1164 cbri-

446 1219 524 1286 stus
542 1209 721 1306 judicabit
737 1202 929 1282 mun'dum.
948 1208 992 1280 Et
1011 1206 1125 1303 tangit
1147 1206 1333 1303 singulare
1350 1207 1503 1302 bonum,
1520 1207 1619 1301 quod

447 1330 553 1405 166161
576 1328 695 1403 dictus
719 1328 869 1421 veltrus,
896 1310 1035 1402 dicens:
1055 1329 1093 1399 (11
1116 1329 1230 1418 maella
1253 1330 1356 1400 umde
1372 1331 1621 1420 1161161666-

447 1453 523 1522 luto.
549 1449 594 1522 Et
618 1448 688 1522 boc
711 1447 806 1522 bene
830 1446 977 1521 videtur
1001 1466 1107 1541 posse
1128 1446 1259 1519 reterri
1275 1445 1322 1519 ad
1342 1447 1546 1542 Christum3
1566 1448 1621 1522 ri-

448 1567 558 1643 detur
582 1568 679 1641 enim
709 1567 804 1641 vello
832 1565 993 1641 scribere
1022 1564 1121 1658 quod
1152 1565 1315 1640 Christus
1345 1567 1499 1640 salvabit
1527 1566 1620 1661 illos,

450 1686 514 1780 qui
525 1686 758 1760 transiverint
765 1679 803 1777 (¹)
816 1704 883 1780 per
898 1684 1141 1759 obedientiam
1159 1684 1334 1758 Romanae
1351 1684 1525 1779 ccclesias,
1537 1706 1621 1779 quae

450 1805 601 1880 ecclesia
624 1805 733 1879 debet
756 1824 838 1879 esso
861 1803 1020 1897 bumilis,
1039 1803 1126 1897 quia
1151 1823 1354 1897 numquam
1382 1803 1516 1878 claudit
1533 1825 1619 1901 grc-
1656 1840 1659 1847 ·

449 1923 566 1997 mium
583 1923 760 1998 redeunti.
778 1923 882 2012 Quod
901 1930 1027 1998 autem
1049 1925 1223 2017 loquatur
1239 1923 1286 1998 de
1302 1923 1362 1996 illa
1379 1929 1483 2017 parte
1498 1923 1620 2018 ltaliae,

448 2043 568 2118 statim
605 2042 767 2118 declarat
795 2043 832 2117 id
861 2043 960 2136 quod
998 2043 1176 2136 sequitur,
1210 2043 1297 2135 quia
1331 2042 1427 2136 dicit,
1461 2064 1530 2135 per
1567 2047 1623 2117 661

447 2155 560 2237 morio
579 2166 617 2236 la
636 2166 781 2255 vergine
800 2165 957 2236 06661116.
980 2163 1128 2237 Constat
1148 2163 1247 2237 enim
1267 2161 1364 2257 apud
1374 2155 1411 2254 (²)
1429 2162 1618 2259 Virgilium

448 2281 546 2376 quod
571 2282 733 2378 Camilla,
754 2283 957 2378 Euryalus
984 2282 1090 2355 Nisus
1123 2289 1161 2356 et
1193 2283 1339 2355 Turnus
1369 2281 1506 2355 mortui
1537 2291 1623 2356 sunt

449 2422 515 2497 pro
540 2422 586 2477 ea
610 2409 716 2496 parte
739 2401 862 2496 ltaiiae,
888 2401 952 2476 ubi
976 2422 1076 2475 nunc
1100 2407 1156 2475 est
1184 2401 1313 2495 Roma,
1339 2407 1381 2474 ut
1410 2401 1482 2475 cito
1515 2402 1622 2496 plene

450 2522 601 2597 dicetur.
627 2522 672 2594 Et
691 2520 811 2595 subdit
826 2521 1119 2616 persecutionem
1140 2521 1364 2616 generalem,
1385 2540 1498 2614 quam
1516 2520 1623 2595 166161
1764 2558 1767 2564 ·

450 2643 588 2717 rcltrus
611 2642 659 2716 de
682 2641 781 2735 lupa,
799 2640 940 2717 dicens:
959 2644 1079 2732 quest,
1097 2640 1393 2731 scilicct'veltrus,
1410 2639 1503 2714 idest
1518 2639 1623 2714 Cbri-

450 2768 537 2856 stus,
563 2766 600 2836 lo
624 2752 770 2835 cuccerd
788 2783 859 2854 per
881 2764 967 2852 ogni
990 2765 1087 2852 uua,
1104 2761 1191 2855 quia
1215 2760 1354 2854 ubique
1378 2780 1425 2834 ex
1439 2761 1622 2835 omnibus

450 2882 557 2958 terris
580 2881 767 2956 damnabit
791 2900 934 2955 avaros.
966 2881 1010 2954 Et
1040 2881 1147 2974 dicit,
1176 2874 1290 2973 fincte
1317 2870 1446 2954 tuord
1474 2883 1623 2953 66166666

450 3004 700 3096 6611616666
725 3006 763 3074 61
787 3001 857 3075 boc
881 3000 977 3074 benc
1001 2999 1171 3075 convenit
1195 3000 1348 3092 Christo,
1375 3000 1450 3073 imo
1476 2999 1622 3074 videtur

452 3120 550 3213 quod
575 3120 665 3193 66111
687 3119 760 3195 6116
785 3118 897 3214 possit
920 3119 1118 3194 convenire
1143 3118 1210 3191 nisi
1230 3118 1382 3193 Christo.
1409 3118 1497 3205 Quis
1523 3119 1620 3192 enim

451 3244 569 3335 potest
593 3240 781 3314 remittere
805 3237 997 3314 avaritiam
1024 3238 1061 3309 in
1092 3236 1288 3329 internum,
1315 3237 1382 3309 nisi
1412 3237 1488 3331 ipsc
1518 3237 1623 3311 Cbri-

452 3361 551 3432 61661
574 3358 620 3431 111
641 3358 749 3433 dicit:
776 3349 813 3431 tu
837 3361 928 3432 ende
950 3358 1086 3429 16661116
1097 3358 1219 3447 poma
1235 3358 1429 3447 diporttllo,
1448 3356 1534 3449 quia
1551 3356 1622 3430 sci-

452 3478 535 3553 lieet
557 3477 741 3576 llyabolus
772 3475 936 3551 invidens
968 3474 1127 3550 felicitati
1164 3473 1320 3549 bominis
1349 3475 1555 3549 successuri
1584 3476 1623 3550 in

450 3597 618 3695 gloriam,
635 3617 749 3691 quam
772 3596 849 3690 ipse
873 3595 1091 3691 perdiderat,
1113 3593 1265 3668 tentavit
1282 3593 1418 3688 primos
1435 3602 1621 3690 parentcs;

451 3736 497 3793 ex
514 3738 675 3812 quorum
691 3707 728 3809 (³)
748 3715 1035 3812 transgressione
1052 3720 1178 3808 postea
1194 3721 1452 3808 processerunt
1469 3714 1622 3789 avaritia

452 3844 490 3912 et
504 3844 629 3914 661666
653 3836 766 3930 ricia3
787 3842 826 3910 et
841 3835 909 3909 ista
934 3842 990 3910 est
1001 3833 1208 3908 eommunis
1220 3833 1341 3929 opinio
1357 3833 1404 3908 de
1417 3823 1455 3926 (⁸)
1481 3835 1548 3909 ista
1564 3835 1622 3907 in-

452 3955 547 4031 vidia
563 3956 633 4031 bic.
652 3955 688 4030 Si
708 3961 834 4029 autem
861 3955 1106 4050 intelligamus
1123 3952 1169 4028 (16
1186 3953 1345 4047 quodam
1371 3953 1532 4049 principe
1542 3955 1623 4028 llo-

452 4094 562 4149 mano
579 4075 717 4169 tuturo,
734 4080 822 4148 tunc
838 4073 1003 4148 dicemus
1020 4071 1118 4167 quod
1138 4080 1248 4147 autor
1273 4073 1352 4146 vult
1375 4072 1498 4147 dicere
1523 4074 1622 4168 quod

451 4193 605 4268 avaritia
629 4194 801 4268 continuo
827 4198 990 4285 crescet,
1016 4189 1169 4267 avaritia
1194 4191 1292 4264 enim
1323 4193 1559 4287 praelatorum
1585 4194 1624 4269 61

452 4306 877 4410 pastoruml⁸lltcclesiae,
891 4313 928 4385 16
941 4312 1075 4406 quibus
1088 4318 1143 4386 est
1156 4311 1434 4386 tundamentum
1448 4313 1622 4406 avaritias,

453 4433 625 4508 continuo
649 4439 789 4508 crescet
813 4433 929 4507 donec
946 4432 1068 4505 veniat
1086 4431 1236 4525 veltrus,
1254 4431 1347 4506 idest
1362 4432 1541 4527 princeps,
1559 4433 1623 4526 qui

516 4629 543 4690 (¹)
558 4627 590 4678 tt
607 4627 653 4692 qui
668 4627 852 4678 uanslrernnt.

518 4707 547 4768 (¹)
565 4709 620 4766 m,
636 4704 705 4768 opud
721 4703 805 4767 ipsum
821 4703 969 4767 Virgilium.

516 4781 547 4920 g
561 4781 593 4908 ξ
603 4794 643 4908 3
652 4781 926 4907 12⁰meme
941 4784 1028 4844 666166
1043 4780 1150 4832 16661116
1165 4785 1192 4832 61
1201 4785 1314 4832 eentum
1331 4781 1389 4833 rltta
1404 4787 1579 4834 6666666661

518 4934 548 4996 (¹)
566 4938 621 4996 116,
637 4939 770 4998 potorum
785 4938 880 4986 nostru
896 4934 1020 4986 meloda.
