4154 6546
453 778 524 846 372
799 748 804 804 s
843 790 1044 850 counnruu
1070 790 1218 847 rursum

449 939 517 1012 cit:
544 941 578 1011 d
590 960 680 1030 opnc
695 942 847 1030 mulitia
865 947 902 1014 et
920 940 1062 1014 videtur
1079 940 1177 1033 quod
1199 959 1283 1033 non,
1301 937 1388 1032 quia
1406 943 1510 1011 entra
1531 935 1624 1011 istos

448 1060 603 1133 circulos
628 1067 713 1133 sunt
739 1060 927 1153 luxuriosi,
952 1059 1082 1155 gulosi,
1112 1059 1227 1153 avari,
1258 1058 1408 1153 prodigi,
1440 1056 1621 1150 iracundi,

448 1178 626 1273 accidiosi,
648 1180 795 1274 superbi
809 1171 863 1270 (¹):
883 1180 980 1254 unde
997 1179 1175 1253 distinctio
1193 1199 1265 1252 non
1283 1178 1428 1252 videtur
1445 1177 1623 1270 perlecta,

428 1319 532 1404 'quae
559 1319 632 1372 non
657 1299 931 1392 comprehendit
956 1318 1067 1372 suum
1093 1304 1223 1372 totum.
1244 1299 1368 1372 Primo
1394 1318 1484 1394 ergo
1508 1288 1622 1371 autor

449 1419 682 1494 commendat
706 1419 969 1494 distinctionem
996 1420 1128 1495 iactam
1153 1419 1200 1493 ad
1224 1418 1440 1514 captandam
1466 1418 1623 1492 benivo-

450 1538 610 1633 lentiam,
636 1539 780 1615 dicens:
820 1545 865 1613 Et
892 1542 941 1630 io,
977 1540 1104 1634 supple
1129 1540 1226 1613 dixi:
1256 1561 1278 1612 o
1308 1546 1472 1631 moesto,
1498 1541 1535 1611 la
1559 1545 1624 1611 tua

448 1662 576 1750 rapior
597 1662 750 1751 procede
774 1663 871 1732 assui
894 1662 1008 1750 claro,
1040 1660 1126 1753 quia
1155 1659 1290 1734 scilicet
1319 1661 1414 1733 bene
1442 1665 1480 1733 et
1504 1657 1622 1733 ratio-

450 1778 617 1853 nabiliter
642 1786 679 1853 et
703 1800 789 1853 cum
814 1779 912 1853 bono
937 1779 1065 1853 ordine
1089 1779 1278 1852 distinxisti
1294 1778 1401 1852 istam
1421 1777 1623 1871 civilatem,

450 1900 508 1973 vel
523 1890 559 1990 (²)
576 1923 585 1970 :
611 1902 708 1971 ussat
722 1899 787 1972 beo
803 1901 967 1988 dc'stioput
986 1906 1102 1990 questo
1119 1899 1281 1989 baratro,
1302 1898 1391 1972 idest
1408 1897 1515 1971 istam
1531 1918 1624 1992 pro-

450 2017 598 2091 lundam
625 2018 839 2113 voraginem
856 2017 1001 2112 Inferni,
1027 2018 1086 2091 e'l
1107 2021 1215 2111 popo!
1236 2020 1333 2091 clic'l
1349 2019 1510 2109 possedc,
1527 2016 1624 2091 idest

450 2138 719 2212 multitudinem
745 2139 958 2232 punitorum
984 2139 1021 2212 ln
1046 2159 1109 2232 eo;
1135 2138 1266 2214 deinde
1286 2138 1370 2213 lacit
1394 2158 1500 2212 suam
1525 2136 1622 2232 peti·

453 2259 587 2332 tionem
602 2259 807 2353 specialem,
817 2260 954 2334 dicens:
969 2281 1029 2332 mo
1041 2263 1182 2333 dimme:
1195 2259 1240 2333 ad
1255 2259 1455 2333 tollendum
1465 2258 1622 2332 dubium

450 2399 596 2452 mcum:
624 2382 701 2469 poci
724 2382 767 2451 dc
791 2382 828 2452 lo
846 2382 978 2472 palude
991 2383 1133 2471 mucce,
1151 2378 1242 2452 idest
1258 2377 1307 2450 illi
1331 2378 1394 2471 qui
1415 2377 1622 2472 puniuntur

451 2499 487 2571 iu
513 2498 646 2592 palude
670 2498 799 2594 stygia,
817 2519 900 2592 quae
927 2506 982 2572 cst
1006 2519 1141 2591 crassa,
1159 2499 1333 2573 nebulosa
1356 2503 1393 2572 et
1412 2498 1623 2593 caliginosa,

450 2623 492 2690 ut
516 2617 589 2691 iam
627 2639 737 2711 supra
768 2638 865 2712 saepc
896 2619 1034 2712 patuit3
1069 2625 1106 2693 ct
1135 2618 1195 2710 illi,
1225 2621 1284 2690 cltc
1314 2638 1418 2690 onena
1446 2621 1621 2708 elocuto,

449 2736 582 2810 scilicet
607 2736 795 2831 luxuriosi,
822 2758 914 2831 quos
939 2744 1070 2811 ventus
1099 2737 1199 2811 ducit
1224 2738 1273 2813 ita
1295 2736 1469 2811 velociter
1482 2727 1520 2829 (³)
1546 2736 1623 2810 im-
1696 2718 1699 2723 ¹

450 2856 683 2950 pausabilitcr
715 2877 781 2951 per
811 2876 950 2950 aerem,
976 2879 995 2928 e
1026 2858 1086 2929 cte
1113 2858 1203 2929 batte
1231 2860 1267 2929 tc
1290 2860 1451 2948 pioppto,
1483 2855 1623 2931 scilicet

450 2976 581 3073 gulosi,
599 2997 692 3070 quos
711 2976 835 3072 gravis
860 2977 982 3071 pluvia
1007 2977 1181 3051 continuo
1206 2983 1381 3070 macerat,
1406 2998 1426 3049 c
1449 2979 1509 3049 cte
1522 2978 1621 3049 s'in·

449 3105 597 3170 contrari
623 3117 689 3168 coo
712 3089 743 3168 sl
767 3117 872 3188 aspre
897 3101 1024 3188 lingue,
1042 3098 1175 3173 scilicet
1195 3098 1298 3173 avari
1318 3104 1357 3172 et
1372 3097 1524 3193 prodigi,
1541 3102 1619 3170 tam

449 3215 669 3290 mordaciter
694 3215 982 3309 improperantes
1012 3216 1078 3290 sibi
1108 3217 1229 3292 verbis
1257 3217 1304 3291 ad
1333 3217 1501 3310 invicem,
1530 3217 1617 3310 quia

448 3336 595 3410 dicunt:
617 3330 746 3427 percle*
769 3338 861 3424 timi,
881 3331 1013 3428 perona
1035 3338 1126 3410 burli
1131 3363 1147 3429 ;
1172 3337 1229 3410 isti
1254 3357 1384 3410 omnes
1409 3343 1446 3411 et
1471 3336 1619 3431 similes,

443 3451 573 3548 percite*
594 3476 667 3527 noo
689 3475 756 3526 sou
765 3458 881 3546 puniti
899 3458 1022 3528 dentro
1039 3459 1087 3528 du
1104 3459 1141 3529 lo
1157 3446 1239 3529 md
1254 3459 1397 3546 roppio,
1415 3456 1505 3531 idest
1523 3457 1618 3531 intra

448 3576 552 3648 istam
579 3575 763 3648 civitatem
791 3575 956 3669 rubeam,
983 3597 1067 3670 quae
1092 3577 1201 3650 habet
1227 3576 1328 3672 ignes
1357 3577 1619 3651 baereticorum

385 3712 388 3717 ’
448 3696 546 3768 circa
572 3715 699 3767 muros
724 3701 762 3769 et
786 3695 897 3769 etiam
922 3696 1026 3789 alibi,
1051 3717 1088 3768 se
1113 3699 1182 3769 Dio
1208 3700 1233 3769 li
1255 3700 1302 3769 lo
1325 3700 1363 3769 in
1387 3701 1460 3787 iro,
1477 3696 1567 3771 idest
1587 3696 1619 3770 si

448 3815 679 3889 ollendcrunt
696 3814 832 3908 Deum,
851 3823 888 3890 et
907 3815 936 3888 si
962 3837 1035 3889 non
1053 3815 1296 3909 offenderunt,
1313 3838 1382 3891 cur
1401 3839 1491 3913 ergo
1508 3817 1619 3891 variis

449 3935 630 4029 suppliciis
655 3935 891 4009 cruciantur?
916 3936 1018 4009 Unde
1042 3936 1150 4010 dicit:
1171 3959 1242 4009 ose
1266 3959 1338 4010 non
1357 3941 1382 4010 n·
1399 3940 1459 4028 lto,
1484 3938 1622 4013 scilicet

450 4056 485 4128 in
511 4056 577 4147 ira,
599 4049 728 4146 percle*
748 4076 835 4128 sorno
861 4077 885 4127 a
909 4058 960 4128 tol
978 4060 1116 4149 soccia,
1140 4056 1275 4130 scilicet
1291 4057 1447 4151 separati
1471 4057 1518 4132 ab
1545 4058 1622 4131 istis

449 4183 554 4250 entra
579 4175 761 4250 civitatem
788 4176 824 4247 in
850 4176 1009 4250 liberiori
1030 4181 1301 4270 campol-Et
1326 4181 1392 4251 elli.
1419 4178 1484 4251 llic
1507 4184 1619 4253 autor

448 4296 547 4389 ponit
573 4295 845 4389 responsionem
872 4296 1007 4390 Virgilii
1035 4297 1097 4389 qui
1129 4297 1246 4389 primo
1275 4298 1398 4391 arguit
1428 4298 1546 4392 ipsum
1571 4297 1619 4373 dc

449 4415 606 4488 ruditate
623 4436 701 4508 sua,
716 4414 778 4507 qui
796 4436 869 4488 non
887 4415 1031 4488 videtur
1052 4414 1176 4488 videre
1193 4422 1400 4510 promptam
1418 4417 1620 4510 rationem;

447 4534 532 4607 dicit
563 4555 676 4630 crgo:
712 4543 745 4607 ct
776 4538 832 4608 elli
864 4557 889 4607 α
919 4557 984 4626 me,
1017 4535 1107 4609 idest
1138 4536 1198 4610 ille
1236 4535 1405 4632 Virgilius
1436 4537 1621 4632 respondit

448 4653 552 4725 mibi:
580 4657 602 4726 t'
615 4658 765 4745 lnpepoo
790 4663 861 4746 tuo,
878 4676 962 4727 oocr
979 4658 1014 4727 lo
1035 4663 1156 4747 mente,
1175 4657 1265 4730 idest
1286 4657 1476 4750 memoria,
1489 4651 1622 4750 perede*

509 4903 538 4965 ι’)
553 4905 584 4955 1³·
600 4911 625 4955 u
642 4907 753 4968 superbi·
880 4907 1102 4969 (pneuma.
1226 4906 1564 4967 pps„1;„,1„,„„,
