4154 6546
788 770 1042 823 mruouucrro.
1478 761 1497 826 ὃ

329 931 413 1004 quae
443 931 510 986 nec
542 912 768 987 successibus
799 911 981 1007 prosperis
1015 910 1205 1004 insolescit,
1235 932 1303 986 nec
1339 913 1499 989 adversis

327 1033 495 1108 hebescit
522 1033 576 1108 Tu
606 1033 796 1107 florentem
822 1037 968 1106 aelatem
1000 1031 1176 1125 praeclara
1205 1052 1350 1106 morum
1381 1033 1499 1108 indole

328 1151 564 1247 praesignisti:
591 1150 741 1225 robusta
766 1169 869 1243 vero,
885 1150 1091 1245 ingentibus
1108 1150 1290 1226 celebrata
1315 1154 1500 1247 trophaeis,

326 1274 372 1347 de
389 1271 567 1346 viciorum
585 1270 778 1345 hostilitate
796 1269 996 1344 mercutius
1013 1270 1259 1366 triumphavit,
1276 1273 1382 1367 juxta
1407 1294 1501 1367 prae·

329 1392 471 1488 sngium
508 1391 560 1463 tui
591 1388 745 1463 nominis
781 1389 951 1484 gloriosi:
989 1388 1157 1462 Nicolaus
1194 1411 1355 1484 namque
1390 1397 1500 1466 victor

329 1513 512 1586 mactabilis
535 1508 763 1603 interpretari
778 1503 815 1598 (¹)
840 1508 970 1582 dicitur
991 1529 1014 1582 a
1039 1509 1267 1601 quibusdam.
1294 1509 1323 1584 0
1348 1531 1438 1607 ergo
1463 1519 1500 1585 te

330 1632 491 1707 felicem!
525 1630 572 1705 de
602 1629 707 1723 quus
741 1628 989 1724 magnitudine
1027 1629 1137 1713 animi
1174 1636 1368 1724 praestatur
1397 1632 1499 1705 bonis

330 1750 533 1845 praemium,
555 1748 625 1823 reis
646 1747 810 1824 remissio
830 1766 972 1841 sape-a
993 1747 1125 1854 quihus
1141 1739 1177 1839 (ἲ)
1199 1748 1442 1823 atrocissimas
1462 1757 1498 1823 et

328 1869 569 1945 intolerabiles
594 1867 743 1963 injurias
768 1866 932 1961 recepisti
957 1858 995 1958 (³)
1021 1867 1131 1942 ctiam
1161 1888 1184 1942 a
1213 1868 1498 1944 clementissimis

326 1989 553 2065 severissime
567 1977 604 2079 (⁸)
622 1987 868 2078 vindicandas3
894 1993 936 2060 ut
955 1986 1001 2061 de
1022 1992 1058 2062 te
1074 1987 1196 2063 dicere
1211 1989 1382 2084 audeam,
1399 1991 1498 2083 qnod

325 2110 372 2185 de
395 2110 540 2185 casare
563 2106 680 2202 inquit
705 2107 847 2182 Cicero:
874 2109 973 2180 nullo
1003 2109 1047 2179 de
1075 2110 1253 2183 oirmtidus
1282 2113 1348 2183 tuto
1380 2112 1498 2200 major

325 2231 566 2304 misericordia
578 2236 636 2301 cst.
651 2217 784 2317 Hinc(⁵)
796 2233 844 2318 te,
857 2225 1055 2300 clarissime
1067 2226 1237 2321 Marchio,
1246 2233 1388 2302 motum
1400 2249 1497 2321 reor,

327 2357 369 2424 ut
380 2349 475 2423 illius
491 2347 743 2445 fulgentissimi
760 2346 856 2438 solis,
869 2346 1023 2425 Dantem
1041 2347 1184 2441 loquor,
1197 2349 1304 2443 cujus
1319 2350 1497 2444 perspicui

327 2468 460 2566 ingenii
495 2467 613 2561 radiis,
642 2486 797 2540 suorum
831 2464 1048 2540 meritorum
1074 2465 1210 2560 praevio
1236 2466 1398 2561 lucifero,
1432 2490 1498 2542 no-

328 2595 402 2663 ster
425 2586 524 2662 orbis
547 2586 691 2661 italicus
716 2584 899 2680 praecipne
922 2584 1137 2678 illustratur,
1156 2584 1329 2681 figmenta
1350 2586 1497 2662 evolve

330 2697 467 2800 rem(⁸),
480 2706 739 2803 figmentorum
761 2704 1011 2799 integumenta
1031 2703 1176 2778 eliciens
1189 2692 1240 2798 (⁷),
1253 2703 1437 2779 elucidans
1461 2714 1498 2780 et

328 2828 483 2903 obscura
496 2825 732 2900 variismlata
746 2822 884 2919 figuris,
896 2822 1151 2918 multiplicibus
1159 2823 1324 2899 sensibus
1334 2824 1495 2899 involuta

328 2946 530 3023 latentibus.
556 2945 622 3020 iiic
646 2963 807 3037 namque
823 2943 991 3017 historica
1016 2949 1053 3018 et
1069 2943 1221 3038 poetica,
1239 2944 1297 3019 hic
1317 2944 1495 3019 naturalia

330 3073 366 3140 et
401 3064 564 3157 moralia,
601 3063 659 3137 hic
695 3062 812 3136 ardua
845 3068 882 3136 et
915 3060 1051 3154 intima,
1085 3062 1142 3137 hic
1175 3062 1325 3157 antiqua
1359 3071 1396 3138 et
1432 3085 1498 3138 no·

330 3184 497 3278 vissima,‘
510 3182 580 3277 iric,
604 3181 827 3256 utbreviter
852 3180 982 3275 dicam,
1008 3180 1127 3254 divina
1145 3181 1280 3274 pariter
1306 3189 1342 3256 et
1366 3183 1498 3257 huma-

330 3325 375 3379 na
388 3294 436 3397 θ).
468 3304 543 3378 Nec
566 3302 713 3398 ambigo
738 3301 827 3395 quin
851 3299 983 3375 diversi
1007 3300 1150 3376 diversa
1174 3301 1245 3374 sint
1273 3300 1404 3377 dicturi
1429 3323 1496 3396 pro

326 3425 532 3500 animorum
558 3421 749 3498 allectione
773 3427 847 3495 tam
874 3420 1029 3513 dissona,
1047 3427 1121 3494 tam
1138 3412 1176 3513 (⁹)
1202 3422 1365 3497 adversa.
1384 3423 1496 3511 Quid·
1554 3493 1556 3495 ,

327 3545 388 3619 nil
419 3543 517 3638 0pus
546 3541 681 3637 quippe
695 3532 747 3632 (¹⁰)
781 3547 836 3615 est
860 3540 1069 3636 vulgarium
1101 3539 1232 3637 linguis
1262 3547 1299 3617 et
1323 3542 1496 3637 injuriose

327 3666 541 3757 laceratum,
566 3660 630 3755 qui
655 3658 766 3735 etiam
792 3659 1110 3735 excellentissimos
1144 3659 1369 3734 literatorum
1397 3662 1496 3736 stilos

328 3790 468 3859 temere
501 3799 653 3876 carpere
688 3799 761 3853 non
795 3782 1004 3853 verentur?
1033 3779 1116 3853 Mihi
1148 3785 1273 3854 tamen
1311 3780 1495 3856 sulicccrit

328 3902 541 3999 peritiorum
578 3902 623 3974 a'c
656 3898 721 3972 Tui
755 3898 988 3991 acquiescere
1023 3897 1128 3990 votis,
1159 3899 1265 3992 cujus
1295 3900 1495 3994 praeceptis,

327 4022 402 4097 libi
426 4021 527 4117 prius
551 4020 702 4095 dilectus
727 4038 838 4111 quam
866 4023 985 4111 notus,
1011 4037 1155 4110 nequeo
1179 4025 1307 4092 contra
1332 4019 1397 4095 ire.
1415 4021 1494 4094 Non

327 4149 381 4218 est
405 4148 530 4217 autem
554 4139 726 4237 propositi
751 4138 824 4213 mei
850 4138 886 4212 in
911 4139 980 4212 hoc
999 4156 1111 4232 opere
1126 4138 1292 4212 omnium
1311 4160 1496 4235 exponen·

389 4373 416 4434 (¹)
432 4372 463 4422 Ε.
480 4371 555 4432 solet
571 4376 601 4422 ut
616 4370 720 4422 dieitur.
1001 4367 1028 4431 (¹)
1044 4368 1075 4418 E.
1092 4381 1248 4433 quemqnam
1264 4382 1279 4417 ι
1295 4369 1455 4432 quibusdum.

389 4446 414 4507 (¹)
431 4447 462 4497 Ε.
478 4446 606 4511 acceplstl.
1001 4443 1027 4506 (¹)
1044 4444 1075 4494 Ε.
1091 4444 1263 4495 seredmtmas
1275 4444 1434 4508 judicandas.

388 4525 415 4585 (⁸)
431 4522 463 4573 Ε.
479 4522 545 4584 Hic;
562 4522 632 4573 itur.
648 4522 722 4575 Hele.
1003 4519 1030 4583 (⁸)
1047 4520 1072 4572 S.
1088 4520 1219 4572 evolvens.

387 4598 416 4659 t')
433 4598 464 4648 E.
480 4598 612 4658 elicerem,
628 4597 759 4649 elucidans
774 4601 852 4650 etiam
869 4599 988 4649 olorum.

387 4674 415 4736 (¹)
433 4674 504 4724 itur.
520 4675 663 4739 emungo:
679 4674 943 4738 comprehenduntur.
1001 4674 1032 4738 (⁹)
1049 4674 1079 4726 Ε.
1096 4688 1172 4740 quam
1190 4675 1298 4726 diversa.

376 4750 415 4811 (⁰)
431 4749 463 4799 E.
478 4749 546 4812 Quld
565 4750 665 4801 modo?
685 4764 751 4815 opus
771 4763 805 4801 ne
825 4755 865 4801 est
880 4751 1028 4814 vulgarium
1044 4751 1139 4816 linguis
1154 4751 1285 4811 iniuriose,
1302 4751 1348 4815 qui
1362 4751 1440 4801 οίὶιω
1456 4764 1494 4800 oc.

324 4851 353 4863 -
364 4825 434 4877 lint.
451 4838 516 4889 opus
531 4838 565 4876 ne
581 4830 621 4876 est
634 4826 789 4889 respondere
807 4826 952 4889 vulgarium
969 4825 1064 4890 linguis
1080 4826 1217 4888 iniuriosis,
1234 4826 1280 4890 qul
1296 4826 1373 4876 ettam
1388 4837 1427 4877 ec.
