4154 6546
747 791 885 847 CANTUS
910 791 1092 846 sanemus.
1425 784 1494 849 249

325 936 484 1030 pharum
510 935 695 1029 blessanae,
720 942 758 1011 et
782 943 837 1012 est
862 937 956 1011 lorte
974 935 1172 1011 latitudinis
1196 936 1309 1011 trium
1324 931 1362 1030 (¹)
1379 938 1498 1013 milia-

328 1053 481 1145 riorum,
506 1052 557 1127 ita
582 1052 679 1146 quod
705 1060 805 1128 stans
824 1055 861 1129 in
879 1074 954 1128 uno
978 1054 1085 1129 litore
1102 1061 1220 1149 potest
1240 1054 1355 1131 videri
1380 1057 1499 1131 bomi-

326 1165 411 1246 nem
444 1178 601 1247 smntem
618 1164 655 1265 (²)
681 1173 718 1247 in
744 1174 851 1249 litore
874 1174 957 1249 alio.
983 1175 1083 1248 lstud
1107 1176 1265 1270 pharum
1291 1183 1346 1251 est
1379 1177 1499 1251 lamo·

327 1289 523 1381 sissimum‚
537 1297 574 1365 et
584 1282 621 1382 (³)
634 1291 850 1367 describitur
867 1293 916 1368 ab
928 1294 1089 1368 Homero
1102 1300 1139 1367 et
1154 1293 1299 1390 Virgilio
1316 1301 1353 1369 et
1370 1296 1496 1370 multis

326 1411 423 1503 aliis3
448 1410 485 1484 in
510 1431 556 1486 eo
582 1412 680 1486 enim
706 1420 790 1487 sunt
815 1413 874 1487 illa
900 1413 974 1487 duo
1000 1412 1162 1508 pericula
1179 1414 1371 1489 formidata
1388 1414 1493 1489 Scilla

327 1539 363 1605 et
393 1531 567 1625 caribdis,
600 1532 809 1626 dequibus
845 1532 983 1607 dictum
1021 1539 1099 1607 est:
1130 1535 1256 1606 Incidit
1287 1537 1324 1606 in
1356 1536 1497 1608 suttona

328 1653 467 1743 capim
490 1653 603 1725 vitare
630 1654 817 1726 caribdim.
845 1653 907 1726 Est
935 1658 1063 1727 autem
1088 1651 1194 1727 Scilla
1224 1673 1356 1727 saxum
1390 1654 1498 1728 undi-

328 1790 461 1844 sonum
488 1772 742 1866 procellosum.
770 1772 933 1847 caribdis
948 1760 984 1864 (⁸)
1011 1792 1101 1847 vero
1121 1779 1177 1846 est
1192 1792 1329 1868 gurges
1345 1774 1498 1868 prolun-

328 1887 410 1962 dius
439 1889 475 1963 in
503 1911 578 1984 quo
610 1891 861 1986 periclitantur
893 1910 990 1985 saepe
1023 1910 1135 1965 naves
1159 1889 1383 1985 improvidae,
1410 1893 1496 1986 quia

332 2028 436 2085 mare
459 2010 575 2085 currit
598 2011 646 2085 ibi
672 2032 695 2086 a
719 2011 972 2106 septentrione
987 2009 1024 2083 in
1042 2009 1217 2084 Austrum
1238 2016 1276 2086 et
1298 2032 1320 2086 e
1341 2032 1497 2086 conver-

330 2149 371 2202 so
384 2119 434 2223 (⁸),
459 2128 509 2205 ita
533 2129 633 2223 quod
658 2131 790 2205 lluctus
814 2130 913 2205 obvii
932 2136 970 2204 et
986 2129 1160 2204 contrarii
1180 2131 1442 2205 concutiuntur
1459 2139 1496 2206 et

328 2247 548 2323 colliduntur
573 2248 667 2324 inter
693 2269 733 2324 se
757 2268 843 2323 cum
872 2268 1006 2344 magno
1032 2248 1189 2345 fragore.
1213 2249 1317 2325 blodo
1341 2250 1388 2325 ad
1413 2271 1498 2345 pro-

329 2367 485 2461 positum
511 2372 621 2443 autor
646 2367 748 2464 tingit
773 2366 872 2461 quod
896 2388 919 2441 a
945 2367 1059 2448 simili,
1075 2368 1178 2442 avari
1195 2375 1233 2443 et
1251 2368 1391 2466 prodigi
1409 2389 1499 2443 con-

329 2492 484 2561 currunt
498 2477 535 2578 (⁹)
562 2494 690 2561 contra
723 2507 764 2561 se
795 2506 881 2561 cum
909 2506 1043 2582 magno
1076 2486 1239 2561 clamore
1271 2487 1498 2582 impellentes

328 2612 413 2681 ante
437 2626 478 2680 se
502 2605 630 2703 gravia
654 2625 779 2680 onera.
805 2605 910 2679 Nunc
934 2604 981 2678 ad
1006 2604 1150 2680 literam
1169 2605 1255 2680 dicit
1274 2614 1406 2681 autor:
1424 2599 1495 2679 cosi

327 2746 459 2799 cooocn
489 2727 549 2798 cltc
583 2729 620 2799 la
649 2733 760 2816 pene,
786 2724 922 2799 scilicet
950 2744 1150 2799 avarorum
1181 2731 1218 2799 et
1247 2721 1496 2822 prodigorum,

328 2848 437 2934 riddt,
463 2844 554 2919 idest
577 2843 749 2939 tripudiet
773 2851 810 2921 et
823 2833 860 2936 (⁷)
887 2844 1030 2938 danoet,
1055 2848 1127 2937 qui,
1153 2845 1245 2920 idest
1268 2845 1305 2919 in
1332 2845 1400 2920 isto
1425 2845 1498 2920 cir-

330 2965 435 3057 culo;
460 2971 568 3060 turpe
592 2965 792 3060 tripudium
818 2971 873 3039 est
903 2964 1009 3058 istud,
1035 2986 1130 3038 oonw
1160 2969 1202 3058 [α
1233 2967 1377 3054 londo,
1407 2964 1498 3038 idest

330 3104 428 3178 aqua
454 3083 566 3157 maris
585 3102 822 3176 concurrens,
839 3074 875 3156 ld
891 3104 1001 3176 sopra
1024 3086 1182 3173 conoul,
1199 3082 1334 3157 scilicet
1350 3086 1387 3156 in
1406 3082 1498 3155 mari

330 3203 456 3296 siculo,
481 3204 541 3277 cle
563 3225 601 3276 sc
621 3206 753 3298 frange
777 3225 843 3277 coo
867 3207 981 3295 puello
1004 3207 1043 3277 in
1066 3206 1122 3278 cut
1144 3206 1335 3296 s'irwoppu
1351 3192 1403 3294 (⁸),
1428 3202 1500 3275 sci·

331 3324 414 3400 iicet
437 3344 524 3399 cum
549 3344 648 3418 aqua
672 3322 811 3416 Scillae;
839 3332 880 3398 ut
893 3315 930 3417 (⁹)
950 3323 1072 3399 videas
1097 3329 1277 3417 quantum
1304 3323 1371 3396 ista
1398 3340 1501 3395 com-

331 3444 471 3538 paratio
495 3443 540 3517 sit
552 3434 606 3536 (⁴⁰)
633 3443 761 3539 pulcra
786 3450 824 3517 et
848 3443 1041 3518 artificiosa
1066 3443 1177 3518 debes
1207 3441 1301 3518 scire
1315 3433 1368 3532 (Η)
1400 3441 1499 3535 quod

332 3582 437 3636 mons
461 3562 683 3657 Apenninus,
701 3562 766 3656 qui
781 3562 906 3637 dividit
926 3569 1041 3637 totam
1067 3563 1206 3638 ltaliam
1232 3582 1298 3657 per
1323 3560 1499 3650 medium,

329 3683 416 3757 olim
440 3681 677 3756 continuabat
701 3681 841 3759 ltaliam
873 3682 1025 3777 Siciliae,
1057 3683 1120 3759 sed
1150 3684 1309 3778 impetus
1338 3680 1498 3756 duorum

331 3802 489 3878 marium
516 3807 659 3876 tantum
684 3802 864 3898 percussit
890 3809 1052 3878 montem
1071 3803 1155 3878 binc
1173 3803 1269 3896 inde,
1287 3799 1385 3895 quod
1401 3819 1499 3892 aqua

330 3923 523 4016 utriusque
548 3921 660 3996 maris
684 3922 882 3996 concurrit.
909 3925 1010 3998 llons
1026 3943 1117 4020 ergo
1134 3922 1276 3997 medius
1292 3921 1388 3995 altus
1405 3918 1501 4015 figu-

330 4048 388 4117 rat
411 4043 586 4117 virtutem
611 4042 835 4117 liberalitatis
848 4035 901 4134 (”)
930 4065 1014 4138 quae
1031 4050 1086 4118 est
1103 4041 1222 4117 media
1238 4039 1400 4115 duamm
1418 4059 1499 4113 ma·

334 4161 492 4235 litiarum
519 4166 784 4255 extremarum,
810 4183 923 4256 quam
939 4155 992 4254 (¹³)
1020 4163 1087 4236 ista
1113 4161 1187 4235 duo
1213 4159 1395 4233 contraria
1421 4178 1502 4230 ma-

259 4444 262 4449 ’
391 4439 419 4501 (1)
433 4439 460 4491 S.
475 4439 588 4491 duorum
604 4440 648 4490 rel
663 4442 751 4493 tuom.
972 4441 999 4506 (¹)
1014 4441 1040 4492 S.
1056 4454 1071 4492 o
1088 4441 1119 4491 tt.
1135 4442 1246 4490 stantem
1262 4439 1289 4488 ln
1304 4436 1364 4487 allo.

391 4514 417 4576 β)
434 4515 465 4565 ll.
480 4519 510 4566 ul
525 4514 690 4566 describitur.
976 4516 1002 4577 (·)
1018 4516 1044 4568 S.
1060 4514 1174 4566 caribdis
1189 4520 1236 4565 nst.

390 4591 417 4653 (¹)
434 4590 464 4641 n
480 4603 495 4641 e
511 4590 652 4642 contrario.
972 4591 1000 4654 (⁸,
1017 4596 1070 4653 tlt,
1088 4594 1252 4642 concurrant.

391 4666 417 4726 (⁷)
432 4665 459 4718 S.
475 4671 503 4718 ct
519 4670 613 4718 mutet
973 4667 999 4732 (¹)
1015 4668 1041 4719 S.
1057 4680 1073 4718 o
1089 4667 1120 4717 E.
1136 4666 1278 4731 s'totoppn.

391 4743 417 4803 Γ)
435 4749 489 4805 tlt,
505 4742 603 4795 Scilla
618 4748 647 4796 et
661 4750 700 4795 ut.
958 4746 996 4808 (¹⁶)
1013 4749 1067 4807 lla,
1084 4745 1116 4795 sit
1133 4745 1236 4809 propria
1252 4749 1280 4796 el
1295 4742 1438 4796 nimenta

383 4816 420 4879 (¹¹)
435 4818 462 4869 S.
478 4818 623 4879 artldrlosa,
640 4818 705 4870 scits
720 4822 798 4885 quod.
960 4820 999 4884 (¹¹)
1016 4825 1070 4883 tlt,
1086 4819 1219 4873 llbertatls.

382 4891 420 4956 (“·)
436 4894 462 4944 S.
478 4895 538 4959 gula
554 4895 610 4945 ista.
