4154 6546
795 810 934 867 camus
959 810 1282 868 omnesomnes.
1544 798 1615 865 eto

446 956 521 1031 duo
534 974 618 1051 quoe
631 967 717 1034 sunt
729 957 890 1031 maxime
903 957 1152 1032 desiderabilia
1165 955 1315 1048 bomini,
1328 954 1463 1028 scilicet
1479 953 1617 1029 babere

447 1079 593 1174 longam
620 1079 732 1152 vitam
759 1079 795 1151 in
821 1078 1003 1174 praesenti,
1028 1083 1065 1152 et
1090 1078 1238 1172 longam
1265 1076 1402 1150 lamam
1419 1074 1456 1148 in
1478 1074 1614 1149 futuro.
1664 1165 1669 1178 ι

447 1198 631 1274 Sententia
655 1206 711 1273 est
734 1198 821 1272 satis
846 1198 957 1290 clara,
983 1196 1065 1272 ideo
1086 1197 1213 1271 ordina
1230 1195 1282 1269 sic
1306 1195 1469 1269 literam:
1490 1196 1618 1285 questi,

447 1319 583 1394 scilicet
613 1319 771 1393 Jaoobus
802 1318 1006 1415 predictus,
1039 1319 1174 1410 nepem
1205 1336 1356 1404 amora,
1391 1314 1526 1388 seilicet
1564 1313 1619 1388 la·

446 1440 575 1515 ciendo
600 1461 733 1515 novam
759 1439 989 1535 petitionem:
1014 1441 1075 1530 dt’,
1100 1438 1192 1513 idest
1220 1436 1278 1510 dic
1304 1435 1418 1530 nobis,
1444 1434 1532 1530 quia
1563 1433 1618 1508 vi·

447 1559 544 1633 deris
576 1560 689 1634 bomo
721 1557 903 1633 veridicus
919 1553 956 1651 (¹)
989 1566 1027 1634 et
1060 1557 1131 1632 lide
1163 1557 1306 1653 dignus,
1344 1577 1381 1629 ae
1413 1558 1562 1628 ceasia
1599 1576 1619 1629 e

447 1682 569 1751 valore
601 1682 743 1752 dimora
773 1681 867 1752 nella
899 1687 1023 1753 nmtro
1056 1686 1169 1769 tora,
1200 1677 1338 1752 scilicet
1366 1667 1619 1765 Florentiam

446 1818 543 1870 cone
565 1800 672 1890 aab,
699 1796 789 1872 idest
805 1798 900 1872 sicut
918 1805 998 1872 erat
1015 1804 1157 1872 tantum
1175 1789 1212 1890 (²)
1234 1796 1350 1892 pridie
1367 1803 1534 1892 tempore
1550 1815 1618 1869 no-

447 1923 535 2011 stro,
561 1917 647 2011 quia
672 1917 778 1995 multi
804 1923 910 1992 erant
944 1917 1094 2012 nobiles,
1127 1917 1325 1992 liberaliter
1354 1925 1392 1992 et
1427 1915 1619 2013 magnifiee

446 2038 621 2112 urentes
649 2036 693 2111 lit
718 2038 775 2112 bic
800 2046 898 2131 nota,
926 2038 1026 2131 quod
1050 2038 1209 2134 largitas,
1236 2038 1313 2113 sive
1338 2038 1533 2112 liberalitas
1553 2059 1620 2133 ap-

446 2159 602 2254 pellatur
625 2159 822 2252 curialitas,
839 2158 926 2252 quia
946 2158 1066 2252 primo
1083 2165 1121 2232 et
1137 2159 1381 2253 principaliter
1395 2149 1432 2250 (³)
1455 2158 1619 2233 manavit

445 2302 468 2356 a
485 2280 597 2355 curiis
613 2279 829 2375 principum,
848 2286 890 2351 ut
907 2297 1003 2372 sepe
1020 2284 1119 2372 patet
1135 2278 1172 2351 in
1189 2279 1258 2352 isto
1274 2278 1377 2354 libro.
1396 2280 1489 2353 Nota
1505 2279 1616 2354 etiam

405 2490 408 2495 Ι
448 2399 546 2493 quod
572 2400 639 2473 iste
655 2398 744 2492 petit
760 2396 807 2472 de
828 2397 883 2470 bis
900 2396 936 2470 in
954 2397 1088 2491 quibus
1103 2395 1267 2472 manime
1282 2398 1510 2492 claruerunt,
1532 2398 1618 2492 quia

449 2519 567 2614 qualis
592 2526 647 2594 eet
661 2506 696 2611 (⁸)
725 2517 979 2612 unusquisque
1004 2517 1088 2592 talia
1110 2518 1196 2592 dicit
1212 2524 1249 2593 et
1264 2509 1453 2613 operatur,
1470 2540 1493 2591 o
1508 2541 1546 2592 se
1561 2522 1621 2592 del

450 2647 533 2713 mtto
548 2660 587 2712 se
602 2635 664 2713 n'e‘
678 2641 752 2728 pita
767 2640 838 2728 oio,
852 2636 954 2731 idest,
971 2658 1019 2712 an
1031 2637 1060 2710 si
1072 2637 1223 2711 omnino
1236 2638 1386 2712 recessit
1399 2645 1438 2712 ot
1455 2639 1618 2733 relegata

450 2766 506 2835 est
530 2780 552 2835 a
577 2757 703 2854 patria.
722 2754 1619 2832 Elbocdioozsetaoimucondaealetaemem·

448 2881 516 2951 bra
540 2882 772 2969 lampamente,
798 2875 889 2950 idest
905 2875 935 2949 si
952 2874 1015 2949 diu
1033 2876 1133 2951 vivas
1158 2877 1231 2951 vita
1247 2869 1283 2969 (ὅ)
1310 2878 1515 2973 temporali,
1538 2899 1559 2950 e
1581 2898 1620 2949 re

448 3003 485 3072 to
506 3003 609 3093 sama
633 3004 693 3071 tao
716 3000 796 3069 tace
818 2998 912 3088 dopo
932 3003 975 3087 te,
992 2994 1085 3070 idem
1101 2997 1184 3071 etsi
1200 2997 1299 3073 lama
1317 3004 1380 3072 tua
1398 2999 1519 3075 luceat
1535 3004 1616 3092 post

447 3125 604 3192 mortem
619 3115 850 3210 tuam,euius
865 3115 1062 3190 avidissimi
1074 3124 1161 3193 sunt
1173 3123 1301 3212 mette,
1316 3124 1356 3191 ut
1369 3138 1467 3213 smpe
1479 3117 1616 3193 dictum

417 3229 419 3232 ⁴
446 3246 513 3333 est,
539 3246 576 3313 et
600 3237 756 3312 dicetur.
783 3237 827 3309 Et
852 3236 974 3311 subdit
998 3257 1149 3311 causam
1175 3259 1254 3312 suae
1273 3239 1464 3334 petitionis,
1481 3249 1520 3315 et
1539 3238 1618 3314 vult

447 3358 609 3434 breviter
625 3355 764 3430 dicere:
783 3376 856 3430 non
873 3356 1043 3430 videatur
1058 3356 1123 3430 tibi
1140 3357 1278 3432 mirum
1300 3358 1330 3431 si
1347 3359 1398 3432 sic
1415 3365 1511 3453 peto,
1529 3358 1615 3453 quia

448 3477 597 3572 quidam
629 3483 894 3550 conterraneus
919 3481 1043 3551 nester
1067 3497 1187 3570 nuper
1219 3486 1391 3554 mortuus
1416 3478 1478 3572 qui
1508 3478 1617 3573 paulo

446 3605 534 3672 ante
558 3597 724 3692 pervenit
747 3596 796 3670 ad
821 3595 926 3672 istam
952 3616 1104 3671 arenam
1131 3597 1245 3672 refert
1270 3597 1373 3672 nobs
1394 3599 1547 3674 moleste
1563 3598 1619 3673 ui·

446 3719 516 3792 mis
540 3717 586 3792 de
611 3724 710 3792 terra
728 3722 863 3791 nostra.
883 3716 928 3788 m
944 3721 986 3789 ut
1006 3715 1129 3790 rideas
1145 3717 1247 3791 claro
1267 3717 1368 3811 quod
1384 3717 1453 3791 iste
1469 3678 1629 3812 spiritusx

447 3860 565 3914 novus
590 3844 670 3913 erat
695 3837 848 3912 idoneus
872 3837 919 3911 ad
945 3836 1180 3912 referendum
1196 3827 1233 3928 (⁶)
1260 3837 1328 3913 sibi
1354 3838 1546 3913 veritatem
1571 3837 1619 3913 de

446 3957 662 4052 curialitate,
692 3963 731 4032 et
764 3956 810 4031 ad
840 3956 1117 4052 vituperandam
1151 3957 1355 4051 avaritiam,
1379 3956 1492 4033 debes
1524 3957 1619 4033 scire

446 4079 545 4172 quod
562 4077 803 4174 Guiglielmus
823 4076 1020 4150 burserius
1035 4077 1103 4151 luit
1118 4077 1269 4170 quidm
1285 4077 1375 4152 ciris
1391 4077 1617 4172 llorentinua,

446 4199 582 4274 iaciens
605 4199 748 4292 bursas,
774 4197 831 4272 vir
855 4197 1057 4271 secundum
1084 4197 1293 4271 facultatem
1315 4218 1421 4273 suam
1445 4198 1618 4292 placibilis

445 4327 483 4394 et
508 4319 689 4412 liberalis3
717 4317 781 4413 qui
814 4323 934 4390 tractu
967 4315 1142 4410 temporis
1175 4316 1314 4392 babens
1343 4317 1428 4397 odie
1455 4317 1617 4393 offidum

448 4443 659 4534 bursarum,
681 4439 813 4533 quibus
830 4436 1012 4514 clauditur
1029 4436 1196 4531 pecunia,
1218 4436 1334 4510 iactus
1351 4444 1407 4511 est
1423 4438 1534 4512 bomo
1551 4459 1619 4513 cu·

446 4561 556 4656 rialis,
581 4567 619 4636 et
643 4560 753 4655 coepit
778 4558 926 4634 visitare
949 4557 1071 4631 eudes
1095 4555 1329 4632 dominorum
1352 4565 1390 4633 et
1404 4557 1534 4635 domos
1550 4582 1620 4637 no·

507 4776 534 4838 (¹)
550 4776 581 4827 lt
594 4776 729 4836 iusidias.
1047 4767 1076 4834 l¹l
1092 4774 1147 4833 tte,
1162 4775 1223 4825 ante
1238 4772 1330 4836 pridie.

508 4852 535 4915 τ’)
551 4852 583 4903 ll.
598 4852 775 4917 principalitar
789 4865 806 4903 a
820 4850 908 4905 curib.
1049 4847 1076 4909 (⁸)
1092 4847 1124 4898 Β.
1140 4852 1180 4898 est
1195 4848 1270 4905 risus
1283 4849 1393 4914 quisque
1406 4846 1477 4913 laih.

509 4927 955 4994 rosarummmemmu
1048 4925 1122 4989 rie
1139 4925 1602 4989 numeneus-earm.

579 5039 599 5085 1.
1452 5036 1482 5080 U
