4154 6546
919 772 1155 826 PREFAZlONE.
1588 773 1625 826 11

522 921 715 991 Benvenuto
730 921 981 992 commentando
997 922 1009 991 i
1026 923 1112 993 versi
1130 925 1242 996 abac
1261 922 1313 992 del
1330 922 1434 992 Canto
1451 924 1529 992 XVl
1555 921 1627 992 del·

449 1042 619 1122 l'lnlemo,
638 1039 757 1110 scrive:
775 1066 795 1108 ι(
808 1041 851 1109 Et
867 1041 974 1133 primo
991 1042 1103 1135 incipit
1116 1065 1136 1111 a
1148 1041 1300 1136 digniori,
1314 1041 1435 1112 scilicet
1447 1040 1626 1112 aGuidone

449 1163 588 1234 Guerra.
613 1162 656 1230 Et
680 1161 767 1230 circa
791 1161 885 1232 istius
918 1162 1179 1257 descriptionem,
1211 1163 1323 1244 lector,
1358 1173 1407 1232 est
1439 1160 1626 1257 aliqualiter

450 1280 707 1362 immorandum,
727 1280 805 1375 quia
825 1282 921 1352 multi
947 1281 1120 1363 mirantur,
1137 1282 1241 1353 immo
1267 1282 1445 1354 trullantur
1469 1281 1627 1376 ignoran-

451 1413 513 1485 ter,
539 1401 628 1497 qnod
652 1403 786 1484 Dantes,
812 1403 871 1496 qui
895 1410 1022 1497 poterat
1042 1402 1222 1473 describere
1241 1403 1340 1473 istum
1362 1403 1470 1473 virum
1490 1401 1627 1496 praecla·

452 1546 529 1593 rum
555 1544 574 1590 a
599 1521 695 1591 claris
720 1521 980 1616 progenitoribus
997 1521 1068 1592 eius
1085 1534 1118 1593 et
1134 1523 1230 1593 claris
1250 1523 1361 1616 gestis,
1379 1522 1532 1592 describit
1549 1544 1625 1591 eum

453 1642 496 1712 ab
512 1665 579 1712 una
595 1643 715 1712 femina
732 1642 806 1712 avia
827 1666 897 1725 sua,
911 1643 1021 1713 donna
1037 1642 1234 1713 Gualdrada.
1253 1643 1316 1712 Sed
1334 1652 1421 1712 certe
1438 1651 1534 1712 autor
1551 1641 1628 1712 lecit

454 1765 553 1836 talem
578 1762 827 1857 descriptionem
852 1775 920 1834 tam
945 1763 1152 1834 laudabiliter
1176 1786 1276 1858 quam
1302 1763 1490 1856 prudenter,
1516 1773 1554 1832 ut
1573 1762 1628 1832 bic

453 1882 608 1977 implicite
632 1894 782 1977 tangeret
805 1883 966 1978 originem
993 1885 1126 1954 lamosae
1151 1883 1259 1976 stirpis
1283 1883 1388 1965 istius,
1414 1894 1447 1953 et
1473 1892 1510 1952 ut
1534 1882 1628 1952 daret

453 2005 603 2078 meritam
630 2006 752 2075 samam
778 2014 811 2074 et
834 2003 967 2074 laudem
992 2004 1070 2075 huic
1086 2004 1217 2075 mulieri
1234 2003 1432 2098 dignissimae
1441 1996 1490 2095 (¹).
1505 2002 1627 2073 »-1l

451 2124 644 2198 Tamburini
669 2124 819 2194 traduce:
841 2149 861 2191 ι(
874 2123 939 2208 Qui
954 2127 1060 2195 Dante
1076 2127 1109 2196 fa
1127 2125 1296 2197 menzione
1313 2125 1346 2194 di
1363 2126 1470 2196 Guido
1487 2127 1626 2206 Guerra,

452 2270 471 2318 e
496 2243 733 2338 meravigliano
759 2244 852 2314 molti
869 2245 954 2315 della
971 2246 1129 2334 modestia
1149 2245 1365 2326 dell'Autore,
1389 2245 1439 2314 obe
1468 2245 1510 2314 do
1536 2243 1630 2314 coetui

453 2367 577 2437 edullo
601 2365 636 2433 di
658 2365 704 2433 lui
730 2365 839 2454 moytia
864 2376 973 2454 troppo
1005 2366 1156 2456 loripinc
1189 2389 1247 2434 stro
1269 2367 1314 2456 (l),
1347 2374 1475 2434 mentre
1509 2374 1629 2458 poteva

455 2485 617 2558 derivarla
641 2485 682 2555 da
707 2484 764 2580 piri
789 2484 897 2554 nobile
922 2487 1022 2556 lonte.
1048 2485 1161 2556 Maio
1186 2485 1220 2554 in
1250 2484 1315 2554 tale
1345 2484 1502 2556 modestia
1533 2495 1629 2555 trovo

456 2606 573 2679 merito
611 2604 790 2699 maggiore,
823 2603 941 2698 perche
969 2629 1035 2675 non
1067 2606 1153 2676 volle
1182 2629 1336 2676 mancare
1365 2605 1398 2675 di
1429 2604 1629 2700 gratitudine

456 2727 629 2798 allettuosa
654 2750 674 2796 a
699 2726 809 2819 quella
834 2724 1032 2808 Gualdrada,
1057 2727 1155 2818 strpitc
1177 2750 1234 2794 suo
1248 2728 1291 2817 (l),
1325 2726 1463 2797 dandole
1488 2748 1585 2796 nome
1610 2747 1629 2794 e

456 2844 728 2918 tramandandola
751 2844 845 2939 quasi
866 2845 1077 2928 all'eternita,
1095 2858 1222 2916 mentre
1242 2872 1301 2941 per
1321 2850 1355 2917 se
1372 2857 1473 2917 stessa
1486 2846 1629 2938 garebbe

457 2969 542 3038 forse
567 2967 702 3036 rimasta
727 2965 929 3035 sconoscinta
945 2957 994 3056 (¹).
1011 2992 1031 3034 n

531 3088 594 3157 Nel
629 3087 731 3157 Canto
768 3088 847 3156 xlx
883 3085 956 3156 dell'
971 3089 1114 3169 lnlerno,
1150 3088 1235 3159 versi
1274 3098 1404 3171 52-57,
1439 3091 1632 3161 Benvenuto

458 3230 609 3282 observa:
644 3232 665 3274 <‹
679 3206 775 3277 llulti
799 3204 967 3276 christiani
997 3208 1193 3300 reputabant
1220 3210 1431 3280 Coelestinum
1458 3235 1575 3281 verum
1600 3220 1633 3280 et

458 3337 583 3399 rectum
600 3351 730 3421 papam,
748 3351 815 3410 non
840 3327 989 3398 obstante
1014 3329 1267 3412 renuntiatione,
1284 3330 1438 3414 dicentes,
1456 3331 1545 3426 quod
1572 3332 1630 3402 tali

457 3447 599 3538 dtfftuti
621 3471 687 3517 non
713 3451 840 3541 poterat
857 3447 1038 3518 renuntiari
1050 3437 1104 3539 (³);
1120 3476 1141 3516 »
1163 3448 1187 3519 il
1207 3450 1389 3521 traduttore
1406 3475 1449 3522 ne
1469 3450 1633 3546 aggiunge

457 3567 509 3639 del
536 3591 596 3638 sno
613 3568 645 3637 la
668 3567 819 3662 ragione:
840 3569 973 3638 «Come
998 3568 1225 3640 direttamente
1251 3581 1372 3641 venuta
1398 3571 1438 3641 da
1463 3572 1527 3641 Dio
1541 3559 1592 3663 (⁴).
1610 3599 1631 3639 »

533 3687 575 3758 Al
614 3711 710 3758 verso
748 3697 807 3772 67,
846 3690 950 3760 Canto
986 3692 1113 3760 XXVll
1151 3689 1224 3760 dell’
1239 3693 1382 3773 lnlerno,
1417 3693 1633 3762 Benvenuto:

462 3807 597 3878 «Unde
627 3807 779 3879 dominus
808 3810 991 3892 Malatesta,
1025 3834 1100 3881 cnm
1134 3821 1325 3882 narraretur
1359 3811 1420 3882 sibi
1445 3835 1466 3882 a
1490 3813 1633 3907 quodam

461 3927 624 4009 familiari,
659 3928 748 4023 quod
776 3951 885 4000 comes
918 3929 1025 4000 Guido
1058 3941 1128 4001 erat
1161 3933 1265 4002 lactus
1295 3934 1397 4003 irater
1429 3932 1548 4016 minor,
1580 3958 1635 4004 re-
1674 4018 1676 4025 Ι

460 4050 600 4145 spondit,
639 4073 814 4120 caveamus
839 4073 918 4143 ergo
949 4073 991 4120 ne
1023 4051 1116 4121 lieret
1146 4053 1347 4146 guardianns
1382 4054 1525 4125 Arimini
1541 4047 1591 4147 (ὅ).
1611 4082 1632 4124 »

460 4170 511 4241 Ed
535 4170 560 4240 il
584 4150 799 4240 Tamburini:
828 4195 849 4236 «
863 4171 916 4240 Un
950 4169 1128 4242 domestico
1152 4172 1185 4242 di
1211 4176 1381 4245 llalatesta
1414 4176 1461 4243 mi
1487 4177 1571 4245 oontd
1589 4177 1634 4268 (l),

460 4290 521 4361 obe
546 4313 598 4360 ser
622 4290 729 4361 Guido
754 4314 858 4361 aveva
883 4291 1000 4362 vestito
1025 4293 1046 4362 Γ
1058 4293 1199 4364 abitodi
1225 4297 1309 4366 lrate
1335 4294 1474 4388 minore,
1498 4320 1517 4366 e
1542 4301 1636 4369 cerco

461 4420 584 4482 atutta
592 4433 686 4503 possa
703 4411 763 4481 obe
780 4435 846 4482 non
859 4412 943 4482 losse
960 4412 1130 4484 nominato
1146 4416 1336 4486 Guardiano
1353 4416 1385 4486 di
1403 4416 1535 4488 Rimino
1546 4406 1596 4509 (⁶).
1611 4442 1632 4485 >2

535 4531 593 4601 Sul
618 4554 715 4601 verso
743 4538 811 4605 135
837 4532 889 4603 del
914 4534 1018 4604 Canto
1043 4537 1185 4607 xxvlll
1204 4537 1432 4619 dell'lnlerno,
1450 4539 1511 4609 che
1527 4537 1636 4610 allude

467 4673 627 4685 --—..

524 4749 552 4810 (¹)
567 4748 660 4808 Bm,
679 4750 729 4800 vol.
746 4751 766 4807 1,
784 4763 841 4814 poa.
857 4755 913 4801 587.
1064 4752 1091 4815 (¹)
1109 4755 1206 4812 Tan..
1223 4755 1274 4805 rol.
1290 4757 1311 4814 1,
1329 4768 1385 4818 pag.
1402 4758 1457 4804 ³9¹1.

525 4823 553 4887 (⁸)
569 4825 664 4887 Banu,
681 4827 733 4878 rol.
749 4829 783 4889 ll,
800 4842 858 4892 pag.
875 4833 914 4880 ta.
1066 4830 1092 4892 ι’)
1109 4831 1206 4889 Tm,
1223 4831 1275 4881 rol.
1291 4832 1312 4890 l,
1329 4844 1385 4895 pag.
1397 4834 1453 4881 tol.
1567 4847 1577 4855 ·

526 4899 555 4964 (¹)
572 4900 667 4963 Bnnv,
683 4903 736 4954 rol.
752 4905 785 4966 ll,
802 4918 859 4969 pag.
875 4909 931 4957 tto.
1066 4905 1095 4970 (⁸)
1111 4907 1208 4966 Tan,
1225 4907 1276 4956 rot.
1293 4907 1314 4966 l,
1330 4920 1390 4971 pag.
1405 4910 1461 4958 tot.
