4154 6546
449 760 519 824 l'll
838 769 1040 825 commun
1065 770 1214 824 sunnam

447 916 561 988 clarat
585 914 734 1008 primos,
751 912 891 988 dicens:
910 916 1038 985 alcuna
1055 919 1154 1002 pente
1169 914 1292 1002 placeo
1308 915 1408 1003 soptn
1421 932 1489 1003 per
1506 917 1619 1002 unu,

446 1033 582 1109 scilicet
615 1037 885 1126 contemptores
923 1031 999 1124 Dei,
1034 1041 1210 1127 negantes
1250 1038 1287 1106 et
1322 1031 1617 1125 blasphemantes

447 1152 578 1245 Deum
603 1153 731 1224 monuo
754 1172 791 1223 se
814 1153 919 1224 sedeo
944 1158 1029 1223 tcta
1053 1154 1222 1241 raccolta,
1249 1150 1305 1225 isti
1332 1157 1418 1224 sunt
1443 1149 1615 1244 usurarii,

446 1279 480 1345 et
501 1275 596 1345 altra
622 1273 766 1344 andeca
790 1274 1075 1361 cmdnuamente,
1096 1277 1133 1343 et
1159 1270 1215 1344 isti
1240 1277 1327 1344 sunt
1351 1269 1551 1346 sodomita.
1576 1270 1621 1343 Et

449 1399 534 1465 nota
555 1390 653 1484 quod
670 1397 779 1467 autor
804 1390 1026 1484 pulcerrime
1052 1389 1154 1485 fingit
1177 1390 1407 1484 blasphemos
1422 1381 1458 1482 (¹)
1481 1390 1619 1484 jacere,

448 1511 535 1604 quia
560 1515 645 1582 sunt
669 1508 848 1582 fulminati
874 1516 912 1583 et
936 1509 1107 1603 prostrati
1131 1509 1179 1583 ad
1203 1515 1353 1602 terram,
1380 1509 1483 1582 sicut'
1498 1507 1620 1581 statim

448 1629 590 1703 dicetur
606 1629 653 1701 de
676 1629 873 1722 Capanae05
899 1629 1096 1703 sodomitas
1121 1628 1223 1725 lingit
1239 1648 1404 1722 currere,
1425 1629 1511 1721 quia
1531 1647 1620 1704 cur-

450 1756 537 1823 runt
554 1769 629 1842 quo
650 1748 760 1823 ardor
777 1748 1079 1844 concupiscentie
1096 1748 1205 1822 trahit
1222 1768 1305 1842 eos3
1325 1748 1514 1823 usurarios
1531 1766 1621 1822 vem

450 1866 551 1962 fingit
565 1859 601 1960 (²)
630 1867 770 1960 sedere,
795 1866 892 1960 quia,
911 1873 953 1940 ut
969 1867 1137 1941 videmus
1157 1867 1202 1942 de
1224 1868 1329 1960 lacto,
1348 1865 1453 1961 quasi
1472 1885 1620 1961 semper

449 1993 546 2060 stant
570 1986 698 2059 inclusi
723 1986 770 2059 ad
795 1985 1010 2079 sedendum,
1027 1992 1065 2060 et
1085 2006 1259 2080 magnam
1276 1992 1419 2081 partem
1446 1985 1530 2059 vitae
1554 2004 1620 2060 er·

449 2104 611 2198 pendunt
636 2104 794 2178 sedendo
819 2104 866 2178 ad
891 2104 1077 2178 banchum
1102 2104 1139 2176 in
1165 2104 1378 2178 calculando
1399 2103 1557 2178 rationes
1583 2109 1622 2178 et

451 2223 679 2297 numerando
713 2224 897 2318 pecunias,
929 2225 1022 2298 sicut
1056 2224 1148 2297 inlru
1182 2244 1251 2297 suo
1287 2224 1368 2297 loco
1399 2223 1545 2318 patebit.
1577 2222 1622 2295 Et

450 2343 534 2417 lacit
558 2342 804 2417 differentiam
831 2344 924 2417 inter
950 2343 1036 2417 istos
1063 2350 1242 2436 quantum
1264 2343 1531 2416 adnumerum
1557 2361 1622 2417 eo-

453 2482 536 2535 rum
563 2468 600 2534 et
625 2461 777 2535 modum
803 2482 1010 2555 poenarum,
1042 2461 1188 2536 dicens:
1221 2465 1335 2554 quella
1364 2464 1423 2535 otc
1452 2464 1536 2552 pica
1566 2465 1624 2534 to·

452 2587 569 2669 torno
595 2580 730 2653 scilicet
754 2580 953 2672 sodomitae,
976 2601 1041 2652 era
1059 2575 1123 2671 ptri
1149 2584 1269 2670 motta,
1287 2580 1374 2673 quia
1394 2601 1551 2676 magnus
1566 2587 1623 2654 est

453 2716 632 2771 numerus
657 2696 785 2769 talium
812 2698 848 2771 in
873 2698 1055 2791 aliquibus
1080 2698 1254 2792 partibus,
1281 2721 1300 2771 e
1324 2701 1437 2790 potede
1461 2719 1541 2771 men
1563 2699 1624 2770 cltc

451 2819 574 2908 ptacca
605 2819 644 2890 al
671 2824 854 2908 tormento,
889 2818 1023 2891 scilicet
1057 2825 1332 2892 contemnentes
1362 2819 1501 2912 Deum3
1533 2836 1625 2912 ergo

452 2935 613 3008 usurarii
639 2941 763 3010 tenent
789 2936 964 3030 medium,
982 2942 1019 3010 et
1038 2936 1145 3010 dicit:
1174 2958 1233 3009 ma
1251 2932 1316 3028 ptri
1341 2957 1431 3010 coco
1446 2939 1481 3008 ta
1501 2938 1623 3025 drtouo

451 3057 573 3127 scotta
597 3058 635 3128 al
658 3058 776 3145 duoto,
802 3054 892 3129 idest
917 3056 963 3130 ad
988 3056 1164 3149 dolorem,
1190 3056 1276 3149 quia
1302 3055 1437 3129 scilicet
1458 3055 1625 3149 iacentes

452 3174 615 3248 amarius
641 3174 901 3248 cruciabantur
926 3195 1038 3266 quam
1060 3174 1239 3267 sedentes,
1257 3180 1295 3255 et
1315 3174 1481 3248 sedentes
1508 3192 1623 3267 quam

452 3298 654 3386 currentes,
673 3293 759 3386 quia
786 3313 859 3365 non
880 3299 1050 3386 poterant
1066 3293 1115 3366 ita
1133 3293 1249 3366 vitare
1268 3298 1305 3367 et
1322 3292 1500 3385 repellere
1519 3292 1624 3365 llam·

453 3433 533 3486 mas
557 3432 668 3506 super
693 3432 743 3485 sc.
758 3415 947 3502 —Sopra
975 3412 1040 3485 Hic
1065 3419 1174 3486 autor
1199 3410 1369 3486 describit
1388 3431 1537 3506 poenam
1556 3429 1624 3485 er·

453 3532 661 3623 trinseeam,
686 3529 831 3605 dicens:
856 3533 953 3624 [atde
977 3534 1015 3604 dl
1036 3536 1117 3625 [oco
1142 3534 1296 3622 etatae,
1314 3531 1406 3605 idest
1430 3531 1563 3625 amplae
1588 3536 1626 3604 et

454 3669 597 3744 magnae
623 3649 780 3742 lamine,
797 3650 874 3723 sive
895 3651 1064 3744 dammae,
1079 3654 1230 3742 piooeon
1255 3671 1366 3741 sopra
1391 3656 1475 3722 tutto
1491 3652 1517 3721 'l
1539 3649 1624 3722 scd-

454 3769 534 3840 bton
567 3771 602 3841 d'
614 3788 662 3840 un
696 3770 804 3840 ceder
834 3773 938 3859 unte,
970 3775 1008 3842 et
1040 3769 1210 3863 exprimit
1241 3768 1326 3841 istas
1358 3768 1526 3842 dammas
1560 3786 1627 3862 per

454 3887 765 3981 comparationem
798 3888 978 3962 vellerum
1017 3888 1120 3981 nivis,
1146 3909 1230 3981 quae
1260 3894 1316 3961 est
1353 3888 1399 3961 do
1436 3907 1477 3961 se
1513 3887 1626 3979 clara,

454 4006 599 4080 dicens:
626 4026 733 4095 come,
755 4006 893 4100 supple,
908 4009 1005 4100 [atde
1030 4010 1067 4079 di
1091 4028 1187 4097 neue,
1207 4007 1339 4100 pluunt
1362 4009 1400 4078 io
1426 4008 1518 4096 lupi,
1544 4025 1626 4079 ma·

456 4126 554 4200 xime
569 4115 605 4216 (³)
633 4145 718 4220 quae
742 4125 906 4199 dividunt
931 4126 1071 4200 ltaliam
1102 4148 1125 4200 a
1156 4126 1270 4200 Gallia
1299 4133 1337 4199 et
1361 4125 1558 4200 Germania
1572 4113 1629 4217 (ἥς

454 4265 537 4318 sum
556 4250 729 4337 expertus
746 4246 827 4338 hoc,
842 4244 906 4318 ubi
920 4251 1027 4320 vetus
1045 4246 1104 4318 nix
1123 4265 1269 4339 semper
1286 4251 1455 4340 expectat
1476 4265 1630 4338 novum3

455 4369 492 4437 et
510 4362 594 4436 dicit
608 4367 793 4437 notanter:
807 4384 915 4436 senza
929 4370 1041 4454 vento,
1055 4363 1141 4457 quia
1159 4364 1237 4438 sine
1251 4371 1360 4438 vento
1376 4363 1470 4438 liunt
1487 4364 1631 4441 maiora

455 4481 590 4556 vellera
617 4481 727 4573 nivis3
758 4488 889 4555 ventus
914 4481 1012 4556 enirn
1038 4482 1185 4576 dissipat
1218 4489 1255 4557 et
1289 4482 1473 4578 disgregat
1507 4490 1631 4576 partes

515 4697 543 4756 (¹)
559 4696 590 4745 Ε.
608 4695 770 4757 blasphemos
788 4695 835 4746 Dei
848 4695 945 4759 lacere.
1137 4694 1164 4756 (¹)
1181 4700 1237 4758 ut,
1255 4697 1317 4749 lucit
1332 4697 1431 4749 adem.

518 4771 544 4833 (¹)
559 4770 594 4831 9.,
613 4774 657 4821 llo
673 4784 688 4820 e
705 4771 735 4821 E.
751 4771 818 4821 idest
831 4772 943 4822 maxime
959 4770 985 4819 in
1001 4769 1112 4834 Alpibus
1128 4785 1196 4835 qua.

517 4845 544 4907 (¹)
562 4846 591 4896 B.
607 4851 632 4896 ct
650 4847 676 4895 in
692 4847 835 4906 Germania,
851 4852 879 4898 ct
894 4860 952 4898 tum
968 4851 1097 4909 expertus
