4154 6546
781 789 919 844 caurus
944 789 1100 845 necinus
1124 789 1301 856 ounnnus.
1547 777 1616 842 471
1678 786 1681 790 ’

450 936 591 1029 diriore,
608 937 722 1027 cbellt
738 924 799 1024 pel
814 953 1015 1024 suppresso,
1032 933 1124 1007 idest
1140 933 1290 1025 calcata,
1308 935 1357 1004 do
1376 936 1391 1006 i
1412 928 1472 1024 pic
1494 934 1531 1005 dt
1551 935 1620 1003 Oa-

449 1064 537 1131 tottc.
564 1055 609 1128 llt
632 1052 691 1127 bic
716 1060 802 1126 nota
828 1052 926 1146 quod
951 1059 1060 1127 autor
1090 1052 1174 1126 lacit
1204 1051 1491 1147 propriissimum
1517 1071 1621 1125 oom-

449 1174 689 1272 parationem,
714 1173 849 1266 dicens,
875 1171 974 1266 quod
1005 1191 1120 1245 arena
1155 1172 1221 1248 ista
1253 1191 1326 1245 non
1357 1176 1438 1244 erat
1467 1171 1619 1244 alterius

450 1294 579 1368 iormae
598 1312 712 1386 quam
736 1311 850 1366 arena
874 1291 1014 1386 Lybiae3
1033 1290 1170 1384 quia-si
1191 1291 1286 1365 bene
1310 1290 1620 1383 consideresque

449 1413 544 1501 dicta
569 1417 666 1505 sunt,
692 1429 783 1485 vere
806 1410 873 1482 ista
894 1428 1007 1483 arena
1031 1409 1141 1483 babet
1162 1409 1362 1482 maximam
1383 1409 1619 1483 conlormita·

450 1539 527 1607 tem
552 1550 639 1606 eum
665 1530 725 1604 illa
750 1530 787 1602 iu
813 1528 971 1623 planitie,
995 1529 1033 1601 in
1058 1529 1292 1622 spatiositate,
1313 1529 1349 1601 in
1372 1528 1563 1622 caliditate,
1581 1529 1619 1603 in

449 1650 620 1743 siccitate,
637 1649 675 1722 in
700 1648 905 1741 sterilitate3
931 1654 968 1722 et
993 1648 1087 1721 sicut
1113 1649 1202 1722 Cato
1227 1647 1513 1742 sapientissimus
1535 1648 1618 1722 tulit

450 1769 612 1843 maxima
650 1766 842 1842 incomoda
871 1787 938 1860 per
966 1787 1130 1861 arenam,
1156 1768 1205 1841 ita
1239 1775 1350 1842 autor
1383 1772 1508 1841 noster
1538 1766 1620 1840 tulit

450 1907 603 1984 magnos
619 1887 764 1961 labores
789 1906 855 1979 per
870 1886 997 1979 istam;
1015 1893 1053 1960 et
1070 1887 1163 1961 sicut
1180 1888 1268 1964 Cato
1287 1887 1422 1982 reperit
1442 1906 1617 1982 magnam

449 2007 591 2102 copiam
616 2012 841 2100 serpentum,
867 2005 917 2079 ita
943 2012 1053 2080 autor
1079 2027 1250 2103 magnam
1277 2007 1420 2103 copiam
1442 2005 1619 2101 pessimo-

450 2147 534 2198 rum
559 2135 806 2220 peccatorum.
832 2124 907 2197 Nec
936 2124 1061 2198 dubito
1094 2126 1192 2218 quod
1226 2127 1315 2199 Cato
1347 2146 1421 2199 non
1453 2130 1619 2198 meretur

448 2247 530 2340 plus
555 2244 671 2318 laudis
696 2243 817 2316 eundo
842 2243 1081 2336 corporaliter
1097 2265 1163 2338 per
1183 2244 1282 2317 illam
1306 2264 1457 2318 arenam
1476 2244 1617 2338 Airicae,

449 2384 563 2457 quam
588 2355 748 2451 autori)
775 2361 896 2436 eundo
922 2362 1129 2435 mentaliter
1157 2383 1223 2457 per
1248 2364 1354 2437 istam
1380 2384 1532 2438 arenam
1558 2365 1616 2436 in-

448 2482 636 2575 lernalem,
669 2501 754 2575 que
789 2487 844 2554 est
877 2481 994 2554 multo
1027 2481 1250 2574 pestilentior
1284 2482 1355 2575 illa,
1386 2483 1473 2576 quia
1507 2483 1618 2557 habet

449 2601 616 2676 llammas
651 2601 822 2675 cadentes
854 2605 891 2673 et
923 2599 1052 2672 dumus
1085 2600 1300 2674 cruciantes.
1339 2600 1412 2674 Nec
1447 2602 1618 2675 Lucanus

450 2727 618 2795 meretur
649 2721 730 2814 plus
767 2719 883 2793 laudis
915 2739 960 2793 en
992 2719 1234 2813 descriptione
1264 2738 1388 2794 arenae
1424 2720 1617 2816 predicte,

449 2861 561 2936 quam
591 2846 701 2914 autor
714 2832 752 2931 (²)
782 2859 828 2914 en
858 2839 1098 2934 descriptione
1128 2840 1229 2912 istius
1258 2859 1363 2912 norae
1395 2838 1499 2913 lictae.
1516 2845 1618 2914 -0

448 2960 614 3031 umdetta.
648 2958 713 3031 llic
744 2965 853 3032 autor
877 2959 1126 3052 descripturus
1151 2957 1362 3032 horribilem
1388 2979 1535 3053 poenam
1562 2960 1617 3033 in·

447 3077 532 3171 cipit
564 3077 613 3151 ab
647 3076 912 3151 exclamatione
941 3076 988 3151 ad
1017 3076 1266 3151 incutiendum
1298 3082 1478 3150 terrorem
1495 3068 1533 3169 (³)
1563 3079 1618 3151 le-

447 3196 551 3291 ctori,
577 3203 619 3269 ut
644 3195 758 3291 lugiet
783 3195 889 3269 istam
917 3197 1062 3289 culpam
1096 3197 1289 3290 plusquam
1323 3201 1493 3269 mortem.
1521 3197 1613 3270 llicit

448 3335 561 3411 ergo:
592 3319 804 3388 Ovcndctto
831 3319 870 3388 di
897 3318 979 3405 Dio,
1015 3315 1148 3388 scilicet
1173 3314 1385 3409 iustissima,
1418 3322 1547 3405 quanto
1581 3322 1616 3388 tu

446 3437 503 3507 dci
525 3454 619 3506 esser
644 3440 770 3507 umato
794 3437 843 3506 du
869 3436 1064 3525 occuluitque
1089 3437 1185 3524 lepre
1209 3426 1263 3506 tid
1287 3436 1406 3526 cbcfu
1431 3437 1615 3526 manifesto

447 3557 522 3644 apti
544 3555 639 3627 ooclti
661 3556 751 3643 miei,
781 3552 916 3628 scilicet
945 3552 1249 3627 intellectualibus
1282 3552 1319 3626 in
1349 3552 1417 3626 ista
1448 3553 1616 3646 specula-

448 3673 556 3747 tione.
583 3671 627 3744 Et
657 3671 750 3745 lacta
782 3670 1049 3746 exclamatione
1077 3671 1198 3744 statim
1225 3670 1411 3766 distinguit
1437 3671 1616 3745 violentos

447 3792 586 3885 quibit
605 3791 809 3885 puniuntur
834 3791 1032 3885 tripliciter,
1057 3790 1259 3864 secundum
1280 3790 1378 3883 quod
1406 3790 1535 3884 triplex
1561 3797 1616 3865 est

447 3911 584 4006 species
609 3910 749 3983 talium.
775 3910 867 3986 llicit
891 3930 982 4005 ergo
1000 3910 1118 4004 primo
1136 3909 1172 3981 in
1189 3910 1373 4004 generali:
1395 3929 1465 4005 ego
1481 3910 1616 3984 [lantes

448 4032 520 4103 vidi
535 4033 637 4102 molle
652 4032 796 4120 prepete
811 4032 846 4102 d’
859 4032 974 4100 omme
990 4031 1129 4120 iprude,
1146 4027 1282 4102 scilicet
1298 4029 1465 4122 spoliatas
1484 4048 1616 4123 corpo-

447 4147 560 4242 ribus,
580 4150 640 4220 cdc
650 4151 830 4239 pionpcort
847 4153 926 4220 bruc
941 4151 1039 4221 assui
1058 4151 1309 4238 mucronum,
1330 4149 1404 4221 imo
1421 4148 1528 4222 nimis
1546 4147 1616 4221 mi-

445 4287 529 4342 sere
540 4273 578 4342 et
589 4267 806 4361 miserrime,
814 4267 898 4342 lacit
910 4268 1006 4341 enim
1021 4266 1310 4359 diminutionem,
1320 4289 1340 4339 e
1352 4270 1493 4341 disard
1506 4271 1616 4359 lappe,

446 4387 581 4462 scilicet
605 4386 728 4461 luendi
744 4378 881 4480 'poenas
906 4386 1043 4481 dignas,
1067 4406 1182 4477 porca
1197 4393 1303 4477 posto
1319 4390 1388 4476 lor,
1407 4387 1498 4462 idest
1514 4386 1616 4462 vide-

445 4508 556 4581 batur
568 4506 735 4601 imposita
752 4506 852 4599 eis,a
869 4525 943 4598 qua
961 4505 1134 4580 recedere
1152 4525 1226 4578 non
1244 4504 1343 4598 licet,
1361 4511 1398 4580 et
1415 4506 1534 4600 primo
1550 4504 1615 4580 de·

508 4724 537 4788 (¹)
554 4726 584 4777 ll.
601 4731 678 4777 rotor
692 4733 781 4778 noster
796 4727 891 4777 eundo

508 4798 537 4862 (Ἰ
553 4801 584 4851 rt
600 4806 677 4852 autor
692 4808 781 4853 noster
796 4815 828 4853 ex
843 4802 1014 4864 descriptione
1030 4800 1103 4851 letius
1118 4814 1191 4852 nore
1208 4813 1292 4851 arene
1308 4800 1384 4852 flate.

508 4875 535 4937 Γ)
551 4880 605 4936 mr,
621 4878 638 4926 b
639 4890 768 4929 mmmmm
