4154 6546
588 789 656 854 126
979 801 1181 856 commatum
1206 800 1358 855 leltl

585 949 749 1036 tempore
761 943 808 1016 ad
820 942 928 1016 aliam
942 944 1055 1016 vitam
1068 964 1133 1039 per
1146 944 1676 1039 fluctusconcnpisoenuarum.
1690 951 1754 1025 Di-

583 1064 633 1136 cit
656 1083 747 1158 ergo
772 1069 898 1136 autor:
916 1066 960 1135 ed
982 1084 1061 1135 ecco
1085 1084 1134 1136 ua
1158 1067 1305 1154 neacho,
1322 1066 1409 1160 quia
1426 1071 1569 1162 tempus
1587 1075 1642 1142 est
1658 1071 1753 1143 anti·

583 1182 813 1276 quissimum,
846 1182 921 1255 imo
950 1180 1155 1255 secundum
1186 1182 1442 1277 Philosophum
1478 1191 1534 1259 est
1566 1192 1750 1282 eternum,

582 1304 717 1393 muco,
743 1302 835 1376 idest
858 1322 1010 1394 canum3
1036 1303 1182 1398 signum
1199 1296 1235 1393 (¹)
1261 1302 1358 1376 enim
1385 1305 1584 1378 senectutis
1607 1313 1664 1380 est
1687 1328 1751 1381 ca-

582 1422 697 1515 nities,
709 1443 778 1513 per
794 1424 908 1493 anteo
927 1425 1022 1513 pelo,
1039 1421 1126 1515 quia
1152 1421 1286 1496 scilicet
1308 1423 1524 1497 naturaliter
1540 1432 1620 1498 erat
1637 1445 1750 1500 mnus

581 1560 628 1614 er
653 1545 851 1633 senectute,
878 1560 951 1614 nou
975 1540 1255 1633 accidentaliter,
1285 1541 1379 1614 sicut
1408 1560 1495 1636 sepe
1523 1542 1653 1617 accidit
1685 1545 1753 1618 ho-

581 1660 738 1732 minibus
770 1679 816 1733 ex
848 1659 978 1733 morbo
1012 1660 1070 1734 vel
1101 1660 1245 1734 timore.
1281 1661 1326 1732 lit
1358 1662 1459 1755 ponit
1497 1680 1626 1736 vocem
1656 1663 1750 1737 Glra-

580 1777 679 1852 ronis
707 1778 753 1852 ad
782 1778 923 1851 animas
955 1778 1213 1851 damnatorum
1229 1771 1266 1870 (¹)
1297 1797 1383 1852 cum
1418 1779 1525 1853 dicit:
1556 1784 1748 1872 pultando,

579 1899 664 1988 punt
690 1917 715 1968 u
743 1899 800 1969 vot
827 1898 942 1967 mame
964 1916 1088 1987 pruna
1120 1897 1164 1968 ut
1193 1916 1282 1970 vere
1311 1898 1385 1971 heu
1415 1898 1528 1990 vobis,
1559 1900 1647 1992 quia
1676 1920 1749 1972 iton

577 2019 727 2108 operate
752 2018 824 2087 mot
847 2017 951 2088 ceder
976 2016 1010 2087 lo
1035 2018 1129 2088 cleto.
1156 2014 1248 2102 Quia
1272 2015 1507 2110 desperantes
1534 2017 1581 2091 de
1605 2017 1749 2092 miseri-

546 2161 554 2174 ·
579 2136 701 2210 cordia
727 2135 792 2209 Dei
817 2135 953 2208 mortui
977 2141 1063 2207 sunt
1096 2134 1173 2209 sine
1204 2133 1450 2231 recognitione
1485 2137 1611 2230 culpae.
1646 2137 1749 2212 Unde

578 2254 798 2350 prenuntiat
830 2253 883 2327 eis
917 2253 1079 2326 luturam
1110 2273 1270 2347 poeuam,
1303 2253 1448 2327 dicens:
1480 2257 1515 2326 to
1546 2275 1656 2346 rotgo
1681 2274 1749 2347 per

578 2394 744 2446 menorve
768 2394 793 2444 u
818 2373 948 2444 {mou
971 2375 1065 2462 riou,
1091 2372 1237 2466 scilicet,
1254 2372 1292 2445 in
1308 2377 1407 2446 terra
1431 2374 1576 2468 Inferni,
1593 2389 1637 2446 ne
1651 2377 1684 2447 le
1698 2383 1749 2448 te-

577 2495 682 2566 notre
697 2499 811 2564 earne
826 2494 865 2563 in
880 2493 982 2564 coldo
998 2512 1017 2563 e
1032 2494 1136 2581 molo,
1149 2493 1236 2584 quia
1252 2491 1453 2566 secundum
1471 2494 1602 2567 merita
1620 2494 1749 2567 unius·

578 2612 780 2702 cuiusque3
806 2630 890 2683 nam
917 2610 1027 2682 astuti
1052 2609 1263 2682 cruciantur
1290 2609 1326 2682 iu
1356 2610 1451 2707 igne,
1478 2610 1679 2706 proditores
1710 2611 1747 2683 in

577 2729 705 2826 ghcie,
730 2729 826 2801 sicut
860 2728 995 2822 patebit
1020 2728 1095 2800 suis
1120 2729 1216 2801 locis.
1243 2729 1359 2821 Aliqui
1387 2736 1510 2803 tamen
1535 2736 1657 2804 textus
1681 2729 1747 2803 lra-

577 2848 675 2940 heut,
687 2854 832 2937 marne,
845 2847 936 2920 idest
947 2853 1160 2938 extraneas,
1179 2866 1263 2919 nam
1278 2848 1438 2921 tenebrae
1452 2848 1643 2922 interiores
1660 2852 1747 2920 suut
1841 2864 1846 2877 ·

576 2972 736 3062 paccata,
754 2966 956 3040 exteriores
980 2986 1070 3039 vero
1095 2985 1197 3058 pena
1223 2966 1427 3060 infernales,
1448 2969 1557 3061 juxta
1581 2968 1669 3041 illud
1683 2958 1739 3058 (ἧς

578 3089 693 3158 mlta
720 3106 797 3157 eum
824 3090 862 3158 io
887 3086 1045 3157 taetros
1072 3089 1273 3160 auctores.
1296 3088 1395 3159 -Ε
1419 3093 1464 3159 tu.
1491 3087 1557 3162 liic
1588 3087 1745 3181 Charon,

576 3204 670 3278 lacta
694 3205 958 3277 exclamatione
982 3205 1145 3299 generali
1170 3203 1217 3279 ad
1242 3205 1383 3278 animas
1407 3225 1620 3300 pravorum,
1645 3222 1744 3279 nuuc

575 3323 695 3419 dirigit
720 3342 930 3397 sermonem
955 3343 1065 3396 suum
1092 3324 1129 3396 in
1153 3325 1299 3417 speciali
1315 3325 1362 3398 ad
1378 3325 1539 3399 animam
1557 3325 1627 3398 riri
1646 3324 1743 3416 bont,

575 3442 709 3518 scilicet
733 3443 868 3534 Bautis,
893 3442 1035 3517 dicens:
1058 3465 1077 3514 e
1107 3450 1143 3514 tu
1170 3446 1230 3515 cte
1253 3446 1311 3515 n‘o’
1324 3436 1420 3534 costi,
1449 3446 1570 3516 anima
1599 3447 1680 3517 otoo
1694 3432 1741 3535 (‘i

574 3561 650 3636 Hoc
675 3569 792 3656 potest
817 3562 965 3656 intelligi
990 3562 1160 3634 historice
1177 3563 1247 3634 sic:
1265 3565 1387 3634 ummo
1404 3565 1497 3652 moa,
1515 3561 1605 3635 idest
1620 3563 1742 3635 anima

575 3681 727 3755 niventis
752 3681 1001 3775 corporaliter,
1019 3700 1092 3754 non
1110 3688 1277 3775 separata
1302 3681 1422 3755 adhuc
1446 3701 1469 3754 a
1493 3698 1658 3775 corpore
1677 3681 1741 3756 Vel

575 3800 761 3874 moraliter
793 3800 866 3873 sic:
902 3822 921 3871 e
954 3807 989 3871 tu
1017 3802 1137 3871 ummo
1168 3803 1260 3891 nou,
1295 3800 1386 3874 idest
1422 3820 1494 3874 non
1524 3805 1670 3873 mortua
1705 3798 1742 3873 in

574 3919 740 4015 peccatis,
766 3920 860 3994 siout
889 3920 1022 3993 animae
1054 3920 1220 4013 istorum,
1242 3921 1368 4012 partiti
1390 3922 1439 3992 du
1463 3924 1579 3992 eolat
1598 3921 1659 3992 cte
1676 3939 1743 3992 son

574 4041 692 4127 morti,
721 4038 813 4112 idest
843 4035 973 4113 recede
1008 4039 1056 4112 ab
1088 4039 1281 4113 animabus
1317 4038 1471 4112 istorum
1507 4045 1738 4113 mortuorum

574 4157 810 4250 corporaliter
835 4166 872 4233 et
898 4159 1093 4233 moraliter.
1120 4160 1164 4231 Et
1188 4159 1308 4232 subdit
1325 4158 1422 4251 quod
1440 4159 1597 4253 Charon,
1616 4160 1741 4234 videns

574 4276 691 4369 ipsum
718 4295 791 4349 non
809 4279 993 4372 recedere,
1010 4284 1231 4372 protestatus
1248 4284 1303 4352 est
1319 4279 1385 4351 sibi
1403 4277 1501 4371 quod
1518 4298 1591 4352 uon
1609 4279 1741 4352 transi-

574 4402 631 4469 ret
655 4395 792 4471 llumen
818 4418 883 4491 per
909 4396 1007 4472 illam
1033 4397 1143 4491 viam,
1169 4398 1266 4472 unde
1291 4397 1393 4473 dicit:
1414 4417 1486 4487 mo,
1511 4394 1571 4471 ille
1596 4396 1740 4471 Charon

572 4514 671 4608 dixit,
698 4519 818 4588 verrat
841 4536 865 4586 α
885 4519 1046 4608 ptoppio,
1073 4515 1164 4591 idest
1187 4516 1233 4590 ad
1259 4517 1388 4612 ripam,
1414 4517 1500 4610 quia
1526 4533 1599 4591 uon
1619 4521 1675 4591 est
1691 4515 1738 4588 ihi

634 4737 662 4801 (¹)
680 4743 733 4798 lit,
750 4739 852 4801 m
867 4741 893 4789 ln
909 4746 1043 4790 senectute
1058 4747 1097 4791 est
1113 4741 1228 4792 oanltlu.

634 4815 661 4875 (¹)
679 4819 731 4872 ¹¹⁰.
748 4826 896 4876 pravorum„
1121 4819 1149 4879 ι’)
1164 4817 1194 4868 u
1212 4818 1277 4868 urar
1293 4816 1433 4884 amul.

635 4890 661 4952 (⁸)
676 4889 701 4939 S.
717 4891 786 4944 mou,
804 4890 868 4939 idest
883 4893 967 4940 aalma
984 4891 1092 4944 riventls
1107 4895 1279 4957 corporaliter
1295 4901 1344 4946 ele
