4154 6546
575 746 623 817 32
975 763 1179 822 conanrmr
1203 767 1354 821 rnranm

573 909 697 1002 maris,
713 915 870 1001 epacta,
887 908 979 983 idest
1003 909 1147 1005 respicit
1172 909 1290 1005 ipsum
1316 911 1522 1006 periculum
1547 916 1747 995 manifesta

572 1028 700 1105 mortis
725 1028 762 1103 in
787 1049 863 1123 quo
888 1028 965 1103 luit.
984 1030 1027 1102 Et
1052 1029 1103 1104 sic
1123 1036 1210 1106 nota
1234 1030 1420 1124 quomodo
1444 1035 1668 1130 comparatio
1692 1045 1748 1115 est

571 1148 818 1244 propriissime
835 1140 873 1241 (¹)
896 1148 943 1223 ad
959 1135 1196 1245 propositum.
1219 1150 1320 1226 Sicut
1344 1152 1442 1226 enim
1468 1153 1528 1230 ille
1548 1154 1613 1248 qui
1632 1157 1747 1232 evasit

571 1288 595 1342 a
619 1288 755 1364 magno
781 1267 973 1365 naufragio
998 1269 1121 1363 maris,
1143 1276 1180 1344 et
1204 1271 1365 1365 territus,
1384 1272 1547 1368 pallidus,
1565 1275 1670 1368 quasi
1686 1296 1746 1353 se-

572 1387 795 1462 mimortuus
818 1388 1053 1482 pervenitad
1079 1388 1164 1462 litus
1192 1389 1370 1485 quietum,
1399 1394 1609 1468 retroflectit
1633 1415 1674 1470 se
1697 1395 1744 1472 ad

570 1505 802 1600 periculum3
832 1506 882 1581 ita
912 1507 1067 1581 asimili
1098 1515 1207 1583 autor
1239 1516 1375 1604 noster,
1408 1511 1472 1605 qui
1506 1521 1675 1589 evaserat
1698 1515 1744 1591 dc
1871 1543 1876 1555 ·

571 1625 666 1700 mari
690 1625 920 1701 amarissimo
939 1627 1077 1721 mundi,
1096 1628 1274 1704 transiens
1292 1649 1379 1704 cum
1399 1653 1535 1728 magno
1554 1633 1681 1709 labore
1693 1623 1744 1728 (²),

570 1752 608 1820 et
632 1766 699 1841 per
723 1751 777 1819 tet
802 1747 934 1820 ductus
958 1747 1137 1822 viciorum
1153 1756 1372 1843 pervenerat
1396 1749 1443 1824 ad
1468 1752 1635 1845 quietum
1656 1773 1744 1848 por-

571 1871 650 1938 tum
668 1866 822 1959 virtutis,
841 1866 1055 1961 respiciebat
1071 1865 1118 1941 ad
1135 1867 1369 1942 manifestum
1389 1868 1596 1963 periculum
1616 1872 1744 1947 mortis

568 1983 712 2078 animae,
730 1983 768 2057 in
784 2004 859 2078 quc
878 1975 914 2077 (³)
942 1985 1062 2060 luerat
1086 1991 1161 2058 tam
1188 1984 1251 2058 diu
1276 2005 1362 2059 cum
1388 2006 1524 2082 magno
1550 1987 1681 2064 timore
1705 1996 1743 2064 et

568 2102 705 2180 dolore.
733 2104 882 2180 Dicebat
906 2105 1004 2181 enim
1029 2111 1150 2199 autor,
1179 2104 1374 2199 respiciens
1406 2105 1453 2179 ad
1479 2111 1624 2201 tempus
1648 2127 1743 2203 prac-

569 2224 730 2316 teritum,
755 2224 822 2298 sibi
847 2225 931 2319 ipsi:
957 2225 1005 2298 ah
1030 2223 1142 2297 miser
1163 2223 1297 2317 infelix,
1315 2223 1403 2317 quid
1429 2224 1543 2299 iecisti
1567 2245 1634 2319 per
1659 2246 1743 2321 spa-

569 2344 660 2419 tium
687 2345 818 2418 XXXV
843 2347 1050 2419 annorum?
1072 2343 1208 2418 vacasti
1224 2343 1359 2418 insanis
1376 2344 1566 2419 amoribus
1582 2352 1620 2421 et
1639 2345 1742 2420 vanis

567 2465 777 2540 honoribus.
804 2467 871 2537 Pon·
894 2464 1036 2537 ct'etdt.
1062 2463 1127 2537 llic
1152 2469 1261 2537 autor
1279 2463 1435 2538 ostendit
1460 2464 1645 2557 quomodo
1665 2485 1742 2540 coe-

527 2618 530 2623 >
566 2584 661 2679 perit
693 2584 892 2658 ascendere
924 2589 1087 2657 montem
1125 2581 1352 2676 pradictum,
1391 2591 1428 2658 et
1469 2584 1629 2660 breviter
1661 2585 1741 2659 vult

566 2703 688 2777 dicere
709 2702 819 2795 quod,
837 2709 917 2796 post
941 2701 1039 2775 illam
1065 2701 1261 2795 aliqualem
1287 2701 1561 2796 quietationem,
1578 2703 1655 2799 ipse
1679 2723 1741 2777 re-

566 2828 734 2916 sumptus
751 2821 935 2896 modicum
954 2821 1143 2914 reincoepit
1160 2822 1214 2895 ire
1230 2829 1268 2896 et
1292 2822 1387 2896 velle
1411 2823 1608 2898 ascendere
1633 2842 1741 2898 mon-

566 2950 641 3038 tem
662 2941 888 3036 praedictum.
906 2941 950 3014 Et
969 2941 1120 3015 adverte
1145 2940 1243 3034 quod
1268 2947 1377 3014 autor
1402 2941 1517 3037 tangit
1541 2961 1684 3017 morem
1700 2930 1737 3033 (⁸)

565 3067 603 3137 et
619 3067 743 3136 actum
762 3059 961 3136 itinerantis
981 3058 1140 3153 viatoris,
1158 3059 1221 3153 qni
1239 3079 1414 3154 percursa
1431 3061 1539 3156 longa
1557 3066 1594 3135 et
1610 3080 1740 3154 aspera

565 3181 671 3274 valle,
688 3200 909 3255 ascensurus
934 3187 1097 3254 montem
1122 3180 1351 3274 altissimum,
1369 3180 1523 3274 quiescit
1546 3181 1739 3275 paululum

565 3300 611 3375 ad
628 3300 738 3395 pedes
762 3299 905 3394 montis,
923 3306 1057 3394 etpost
1074 3300 1237 3393 quietem
1255 3300 1391 3375 iterum
1409 3300 1532 3394 incipit
1556 3300 1738 3375 itinerare

562 3419 616 3495 lta
641 3425 750 3494 autcr
774 3426 909 3512 noster,
931 3425 1121 3513 tamquam
1147 3419 1266 3493 viator
1291 3439 1378 3493 cum
1403 3419 1465 3492 diu
1491 3425 1650 3494 errasset
1674 3438 1740 3513 per

564 3542 704 3637 sylvam
731 3539 922 3630 viciorum,
948 3538 1074 3611 rolens
1104 3537 1303 3613 ascendere
1333 3545 1497 3612 montem
1522 3537 1737 3612 altissimum

564 3659 719 3752 virtutis,
733 3679 865 3753 parum
878 3656 1026 3750 quierit,
1037 3657 1167 3730 deinde
1180 3658 1289 3751 coepit
1301 3657 1510 3733 ascendere.
1525 3657 1616 3732 llicit
1630 3675 1736 3752 ergo:

564 3786 602 3855 et
625 3799 696 3876 ego
721 3779 864 3870 Damas,
890 3779 1018 3868 mpresi
1038 3780 1108 3868 υιά,
1126 3777 1217 3851 idest
1233 3777 1327 3871 coepi
1344 3778 1479 3851 iterum
1500 3777 1565 3870 ire,
1583 3777 1647 3852 sed
1663 3797 1737 3851 non

563 3919 630 3994 per
646 3899 798 3994 sylvam,
818 3896 891 3971 ima
911 3917 980 3988 per
1004 3898 1040 3968 la
1060 3899 1208 3988 pidppia
1232 3898 1378 3988 deserta
1399 3895 1492 3971 idest
1515 3916 1581 3991 per
1605 3895 1738 3990 predi÷

563 4025 665 4092 ctum
691 4024 854 4091 montem
879 4016 1126 4108 luminosum;
1152 4036 1264 4110 quem
1290 4015 1422 4091 meritc
1447 4022 1555 4092 vocat
1579 4016 1735 4113 plagiam

564 4135 757 4227 desertam,
775 4136 862 4229 quia
886 4135 994 4231 pauci
1018 4134 1236 4231 gradiuntur
1260 4155 1327 4230 per
1352 4135 1450 4209 viam
1475 4135 1631 4228 virtutis,
1652 4155 1736 4229 quae

563 4260 619 4328 est
643 4253 689 4329 de
712 4254 857 4330 difficili.
884 4255 928 4329 Et
953 4254 1068 4351 tangit
1090 4254 1242 4328 modum
1259 4253 1476 4330 ascendendi
1500 4254 1548 4328 ad
1572 4261 1735 4331 montem

562 4390 649 4446 cum
674 4372 780 4449 dicit:
807 4367 918 4447 nacte
938 4376 963 4445 'l
986 4368 1048 4466 ptd
1070 4376 1186 4467 [mmo
1216 4394 1352 4465 sempre
1382 4395 1446 4446 era
1470 4368 1579 4466 itpt'it
1604 4377 1736 4467 dasm3

563 4514 648 4566 nam
666 4493 874 4587 simpliciter
896 4493 1089 4587 loquendo,
1108 4494 1255 4587 quando
1269 4485 1306 4584 (⁵)
1324 4494 1435 4567 homo
1453 4494 1614 4568 ascendit
1630 4514 1737 4568 mon-

626 4718 651 4777 l¹l
667 4719 694 4769 S·
712 4719 786 4769 ratde
803 4723 914 4783 propria.
1257 4722 1284 4782 (¹)
1299 4724 1330 4774 E.
1346 4723 1436 4775 tutore
1451 4728 1613 4787 pervenerat.

625 4794 652 4856 (⁸)
668 4793 694 4844 S.
711 4794 737 4844 in
752 4809 804 4858 quo
821 4794 864 4845 diu
882 4795 966 4847 linerat
983 4811 1043 4848 cum
1060 4811 1161 4862 magno.
1257 4799 1282 4860 (⁸)
1298 4798 1324 4849 S.
1342 4799 1449 4852 modum
1464 4804 1492 4850 et
1507 4804 1603 4850 actum.

624 4872 653 4932 ι’)
669 4871 698 4921 R
715 4873 817 4936 qumdo
833 4873 891 4937 qun
906 4874 1027 4924 ascendit.
