3990 6540
292 1150 457 1221 CANTUS
484 1151 676 1234 TERTIUS,
701 1154 737 1218 in
759 1173 818 1236 quo
841 1158 1001 1218 tractatur
1023 1152 1062 1218 do
1084 1155 1195 1235 priona
1213 1161 1311 1237 porto
1332 1154 1464 1239 Inferni

366 1270 396 1330 et
409 1265 448 1330 de
465 1265 596 1344 flunoino
612 1263 807 1341 Acherontis,
828 1269 857 1329 et
872 1264 911 1329 oe
927 1263 1100 1345 spiritibus
1114 1267 1169 1347 qui
1182 1266 1329 1331 vixerunt
1347 1267 1463 1350 absque

362 1374 453 1457 soma
482 1376 680 1459 congregatis
710 1380 739 1440 et
768 1375 965 1440 currentibus
993 1375 1099 1440 sotter
1128 1376 1293 1458 oemtlum5
1321 1382 1351 1442 et
1379 1379 1462 1443 sint

367 1483 473 1551 Canon
495 1486 617 1551 dromon
639 1505 744 1551 onmes
772 1487 906 1568 spiritus
928 1488 964 1550 in
989 1506 1069 1551 nooo
1096 1506 1156 1551 suo
1179 1488 1304 1565 transit,
1326 1492 1356 1552 et
1377 1489 1459 1553 siout

365 1594 484 1660 tomttus
507 1601 553 1661 est
576 1598 690 1661 autori.

364 2000 499 2166 Pro
524 2112 577 2164 me
601 2094 633 2164 si
657 2113 702 2165 oo
728 2095 820 2164 netto
844 2082 925 2164 nott
950 2093 1092 2164 dolente.
1115 2092 1296 2185 Expeditis
1316 2092 1460 2166 duobus

287 2212 414 2309 prtmis
439 2211 603 2305 capitulis
627 2211 923 2304 prohemialibus‚
942 2211 978 2283 in
1000 2232 1161 2304 quorum
1178 2212 1297 2306 primo
1322 2212 1458 2287 Dantes

287 2331 484 2428 proposuit,
511 2331 548 2403 iu
572 2331 733 2404 secundo
753 2329 945 2423 invocavit,
967 2351 1065 2403 nune
1086 2338 1352 2423 consequenter
1368 2323 1405 2422 (⁴)
1422 2331 1460 2405 iu

287 2450 355 2526 isto
380 2450 487 2525 tertio
512 2450 670 2544 capitulo
696 2448 817 2542 Incipit
833 2469 940 2522 suam
961 2449 1208 2523 narrationem
1225 2449 1302 2523 sive
1323 2456 1459 2524 tracta·

287 2579 376 2646 tum.
395 2571 439 2643 ut
455 2575 573 2664 potest
595 2567 704 2642 dividi
730 2567 825 2641 Istud
842 2588 1002 2662 praesens
1022 2568 1221 2663 capitulum
1239 2569 1276 2641 In
1293 2569 1458 2663 quinque

286 2697 407 2787 partes
432 2689 637 2785 generalem
664 2686 701 2760 iu
725 2707 885 2780 quarum
912 2687 1029 2781 prima
1053 2695 1161 2761 autor
1186 2689 1372 2781 praemittit
1401 2689 1457 2763 in-

285 2830 452 2906 gressum
479 2807 623 2901 Inferni,
649 2806 793 2899 etquis
818 2806 943 2881 fecerit
973 2807 1158 2882 Internum
1189 2815 1226 2882 et
1256 2809 1454 2903 quomodo,

285 2934 323 3003 et
346 2947 464 3021 quare
487 2926 533 2998 sit
557 2925 674 2999 sactus
694 2925 870 2999 Internus.
895 2925 935 2998 In
960 2927 1119 3000 secunda
1138 2933 1268 3001 tractat
1286 2928 1322 3000 ln
1342 2949 1456 3024 gene-

286 3046 352 3121 rali
377 3046 423 3120 de
448 3065 556 3139 poena
580 3044 707 3118 vilium
728 3051 765 3117 et
783 3043 953 3137 tristium,
971 3045 1034 3137 qui
1052 3044 1252 3142 vulgariter
1270 3048 1456 3140 appellan-

285 3174 347 3241 tur
372 3153 519 3260 captivi,
539 3163 610 3236 ibi:
638 3166 731 3254 quivi
753 3166 892 3256 sospat.
919 3164 960 3236 In
983 3163 1091 3237 tertios
1111 3170 1242 3238 tractat
1258 3165 1295 3238 in
1311 3165 1456 3259 speciali

284 3288 331 3363 de
348 3307 424 3361 uuo
440 3284 670 3379 pusillanimo
695 3284 862 3377 istorum,
880 3287 917 3357 et
936 3282 1081 3376 speciali
1098 3304 1207 3377 poena
1224 3306 1368 3379 eorum,
1386 3286 1454 3360 ihi:

280 3410 403 3501 posoto
426 3408 487 3478 ote
510 3408 545 3476 π’
558 3405 633 3476 eoos·
657 3407 760 3476 ouon
783 3406 1023 3476 riconosoioto.
1047 3403 1086 3475 In
1103 3411 1235 3496 quarta
1261 3412 1393 3481 tractat
1410 3407 1456 3482 de

282 3525 445 3623 generali
470 3545 579 3619 passu
604 3524 750 3618 Inferni,
776 3523 842 3596 ibi:
861 3545 880 3596 e
890 3526 956 3615 poi
971 3525 1022 3595 otr'
1035 3544 1060 3596 o
1075 3527 1274 3615 riquardor
1297 3532 1385 3601 oltre
1402 3550 1456 3603 mo

282 3649 383 3721 diodi.
409 3646 449 3718 ln
475 3645 601 3738 quinta
626 3644 727 3739 ponit
747 3626 1020 3739 responsionem
1040 3643 1177 3739 Virgilii
1194 3645 1241 3719 ad
1261 3646 1335 3721 duo
1352 3670 1456 3742 qute-

282 3766 362 3860 sita,
387 3765 457 3838 ibi:
481 3766 594 3857 tolio!
616 3767 696 3836 mio.
724 3762 778 3837 Ad
803 3763 959 3858 primam
986 3783 1078 3858 ergo
1111 3762 1191 3838 dioo
1222 3765 1321 3857 quod
1346 3773 1455 3842 autor

282 3885 474 3981 praetangit
498 3904 609 3956 suum
636 3883 824 3957 Introitum
851 3882 888 3955 in
912 3882 1111 3975 Internum,
1137 3883 1278 3957 dicens:
1306 3890 1377 3958 Per
1401 3907 1455 3960 mo

282 4007 314 4077 st
344 4025 390 4078 oo
413 4005 506 4076 netto
530 3992 610 4076 otttd
635 4004 768 4075 dolone
792 4001 894 4094 idest,
921 4000 1148 4095 Internalem,
1174 4003 1319 4095 plenam
1345 4025 1453 4099 poena

283 4129 320 4196 et
336 4121 462 4196 dolore
477 4121 541 4196 sed
557 4126 703 4213 contra3
721 4141 807 4194 uam
824 4120 1027 4194 secundum
1041 4118 1286 4215 augustinum
1305 4123 1341 4196 in
1360 4124 1452 4199 libro

283 4240 329 4315 de
354 4242 498 4316 cIvitate
523 4241 598 4337 Dei,
617 4248 654 4316 et
677 4239 936 4335 Philosophum
958 4240 1077 4333 primo
1101 4240 1348 4337 Ponticorum,
1368 4247 1455 4318 niti!

282 4362 379 4433 otim
402 4368 453 4432 est
474 4364 593 4434 nouos
618 4380 723 4456 quom
749 4360 927 4431 mutando
952 4362 1077 4432 onum
1093 4361 1143 4432 oo
1163 4360 1246 4433 tono
1271 4365 1451 4437 munuum

282 4469 522 4571 mdinow(²);
549 4479 616 4552 isla
636 4483 762 4552 autem
789 4484 845 4552 est
869 4477 1065 4552 multitudo
1085 4478 1221 4553 civium
1243 4480 1290 4554 ad
1306 4501 1452 4577 semper

282 4600 378 4672 male
398 4598 595 4672 vivendum
613 4596 779 4672 ordinata
792 4587 842 4688 (³).
861 4595 1062 4670 Dicendum
1079 4598 1241 4674 breviter
1263 4601 1363 4694 quod
1384 4623 1453 4678 au·

341 4840 370 4905 (¹)
387 4841 416 4892 Is
434 4840 618 4891 convenienter
634 4842 660 4891 ln
675 4841 762 4892 tertio.

340 4917 417 4981 ΘΒ.
432 4930 448 4969 ο
466 4923 520 4977 tto,
535 4918 664 4969 manto.
681 4917 825 4970 [timum
840 4923 891 4970 eto.

341 4993 578 5058 mimante.
