4154 6546
449 768 519 836 316
844 781 1046 836 counuruu
1070 784 1220 837 turnum

446 934 554 1000 stesso
578 920 627 999 ml
649 929 754 1017 noue,
772 925 862 1001 idest
888 927 1044 1000 removit
1068 948 1130 1003 me
1153 929 1201 1003 ab
1226 940 1374 1023 aspectu
1401 928 1492 1022 eius,
1508 951 1528 1002 e
1543 951 1616 1004 oon

447 1028 484 1119 se
509 1052 607 1118 terrm
630 1066 655 1117 c
680 1048 711 1118 le
735 1047 801 1118 mio
825 1049 933 1138 mom,
960 1045 1051 1121 idest
1075 1067 1147 1122 non
1173 1048 1319 1123 conlidit
1344 1048 1442 1142 quod
1463 1070 1533 1146 ego
1549 1071 1617 1145 ap-

448 1184 623 1258 ponerem
640 1157 677 1256 l')
711 1184 843 1238 manus
868 1185 978 1260 super
1009 1166 1134 1241 oculos
1165 1187 1279 1261 meos,
1313 1170 1372 1242 cle
1400 1189 1513 1242 cocos
1545 1191 1618 1243 non

449 1305 502 1356 ore
526 1285 711 1375 coadesse,
737 1282 827 1357 idest
852 1283 1040 1359 clauderet
1066 1285 1153 1359 milri
1173 1286 1305 1380 visum,
1322 1308 1388 1360 con
1408 1290 1528 1379 lesse,
1545 1292 1617 1364 sci-

448 1402 531 1476 licet
563 1403 742 1496 manibus,
774 1403 860 1497 quia
891 1407 1033 1476 mamus
1068 1407 1106 1476 io
1142 1408 1292 1496 sedtum,
1325 1415 1362 1480 et
1397 1407 1459 1480 ubi
1497 1409 1618 1483 maius

446 1522 664 1617 periculum,
692 1523 739 1596 ibi
765 1515 959 1614 cautinsl¹l
987 1530 1042 1596 est
1058 1522 1254 1619 agendum.
1268 1530 1358 1598 -0
1375 1529 1441 1598 ool.
1460 1527 1525 1601 llic
1548 1549 1618 1602 au-

446 1649 506 1715 tor
530 1641 615 1734 quia
642 1640 778 1716 lecerat
802 1642 972 1716 subtilem
998 1648 1036 1716 et
1059 1641 1291 1718 artificiosam
1319 1643 1514 1740 fictionem,
1532 1668 1616 1723 cer-

449 1767 507 1833 tus
531 1759 630 1853 quod
662 1760 832 1856 vulgares
865 1761 974 1835 rudes
999 1782 1073 1836 uon
1098 1762 1340 1858 intelligerent
1365 1784 1461 1858 eam,
1487 1766 1617 1841 inritat

447 1882 626 1977 sapientes
651 1888 689 1955 et
709 1881 948 1977 intelligentes
963 1880 1010 1955 ad
1025 1872 1061 1974 (⁸)
1080 1881 1406 1959 considerationem
1424 1887 1616 1961 scotomiae

446 2002 505 2075 lric
518 2001 677 2094 latentis3
691 2001 789 2075 unde
800 2002 1061 2096 apostropham
1074 2000 1119 2075 ad
1134 2002 1224 2076 tales
1235 2002 1335 2076 dicit:
1353 2009 1455 2078 Oool
1465 2009 1615 2079 ct’oseo

445 2126 646 2214 pl'inlcllsttl
667 2125 760 2212 suoi,
786 2120 877 2196 idest
893 2121 1055 2195 eruditos
1071 2121 1168 2196 circa
1185 2120 1359 2218 figmenta
1375 2124 1529 2217 poetica,
1547 2127 1614 2196 mi·

446 2251 537 2334 rate,
554 2242 640 2336 qnia
665 2247 813 2337 propter
838 2240 1011 2316 admirari
1026 2228 1063 2333 (⁸)
1089 2248 1280 2336 coeperunt
1305 2242 1471 2316 homines
1496 2243 1613 2337 philo-

447 2363 604 2458 sophari,
634 2365 671 2435 la
707 2364 874 2452 dotrina,
904 2360 1040 2435 scilicet
1069 2359 1248 2454 poeticam
1279 2361 1457 2435 moralem
1488 2363 1614 2457 alogo-

448 2482 607 2574 rizando‚
632 2484 692 2553 cle
714 2482 920 2569 sassonde,
946 2477 1037 2553 idest
1062 2497 1146 2572 quae
1170 2478 1259 2553 latet
1282 2479 1352 2552 sub
1368 2477 1463 2553 duro
1479 2480 1615 2555 cortice

448 2602 575 2693 literae,
602 2600 700 2674 unde
724 2599 831 2673 dicit:
857 2601 984 2670 sotto'l
1007 2601 1137 2671 volume
1160 2600 1245 2670 deli
1270 2601 1362 2672 versi
1384 2603 1509 2691 strant,
1527 2600 1613 2693 quia

447 2720 572 2795 de'rei
598 2719 751 2793 veritate
780 2717 836 2790 isti
862 2736 991 2790 versus
1016 2709 1233 2807 rithimicil⁵l
1260 2716 1430 2792 videntur
1455 2720 1613 2793 mullum

448 2839 614 2914 extranei
643 2837 710 2911 hic.
741 2838 786 2910 Et
811 2837 992 2929 hisnem,
1021 2836 1147 2929 lector,
1172 2836 1272 2928 quod
1297 2857 1367 2932 ego
1392 2858 1488 2932 saepe
1514 2837 1615 2913 rideo

447 2960 493 3033 de
520 2958 641 3033 multis
666 2957 729 3051 qui
753 2957 901 3030 dicunt:
928 2956 1007 3029 talis
1033 2955 1127 3030 bene
1152 2946 1367 3052 intelligitl⁶l
1395 2956 1551 3051 literam,
1577 2966 1615 3033 et

447 3079 497 3153 ita
521 3077 567 3151 de
592 3077 692 3151 omni
716 3082 863 3169 autore3
888 3076 952 3151 sed
977 3077 1046 3149 hoc
1067 3083 1121 3149 est
1147 3075 1290 3168 salsum,
1308 3076 1394 3169 quia
1411 3077 1614 3173 intelligere

447 3205 502 3274 est
527 3198 624 3271 inlus
650 3195 797 3272 latentia
822 3196 957 3291 legere,
982 3195 1076 3269 sicut
1091 3202 1201 3269 autor
1221 3195 1279 3268 hic
1297 3195 1487 3269 manifeste
1505 3203 1616 3272 testa·

447 3326 508 3392 tur
538 3319 575 3391 in
610 3318 726 3410 litera,
758 3316 845 3409 quia
873 3315 967 3390 bene
991 3315 1128 3389 sciebat
1151 3315 1250 3407 quod
1275 3314 1342 3389 ista
1369 3316 1471 3389 litera
1497 3316 1614 3391 aliene

446 3438 692 3532 deponeretur
707 3425 743 3527 (⁷)
770 3456 793 3508 a
819 3435 952 3508 multis.

520 3561 553 3629 Ε
570 3545 631 3646 pld
648 3557 758 3626 venio.
785 3554 856 3626 Ista
882 3560 937 3628 est
962 3553 1068 3628 tertia
1085 3573 1169 3646 pars
1185 3554 1378 3648 generalis,
1400 3555 1436 3628 in
1453 3575 1526 3647 qua
1543 3576 1613 3628 au·

447 3683 505 3750 tor
529 3673 699 3749 describit
723 3672 921 3745 adventum
947 3671 1116 3744 Mercurii
1141 3671 1247 3745 cuius
1271 3692 1341 3766 ope
1367 3680 1404 3746 et
1429 3692 1540 3766 opera
1559 3673 1613 3745 in·

447 3804 639 3873 traverunt
666 3791 848 3866 civitatem
878 3790 977 3863 Ditis.
1003 3789 1073 3864 Sed
1097 3796 1296 3884 antequam
1321 3790 1539 3866 descendam
1565 3792 1612 3866 ad

447 3917 588 3990 literam
624 3918 679 3987 eet
711 3910 845 3986 utiliter
876 3911 1166 4004 praenotandum,
1198 3911 1297 4004 quod
1328 3912 1422 3986 sicut
1450 3913 1615 3986 scribunt

446 4055 574 4109 omnes
599 4039 726 4127 poclm,
752 4038 790 4106 et
814 4030 998 4125 potissime
1022 4030 1219 4105 Martianus
1243 4031 1386 4126 Capella
1404 4032 1440 4105 in
1458 4032 1551 4106 libro
1567 4031 1614 4107 de

446 4155 578 4250 nuptiis
602 4152 783 4245 Mercurii,
808 4151 1011 4226 Mercurius
1035 4151 1098 4244 qui
1115 4159 1171 4225 est
1187 4153 1370 4226 secundus
1386 4153 1531 4247 planeta
1548 4172 1612 4225 su-

344 4320 348 4328 ·
446 4296 512 4372 pra
531 4276 671 4366 lunam,
688 4279 742 4346 est
759 4273 857 4345 lleus
873 4270 1092 4363 eloquentiae
1109 4278 1146 4344 et
1162 4271 1384 4367 sagacitatis:
1406 4271 1490 4346 lacit
1515 4271 1619 4380 enim

509 4514 536 4571 (¹)
551 4511 576 4561 S.
594 4522 726 4573 ponerem.
1172 4507 1200 4571 (¹)
1216 4509 1242 4559 S.
1258 4509 1359 4559 mutius
1374 4507 1567 4559 attendendum.

508 4586 535 4645 l¹l
551 4591 604 4644 tlt,
622 4586 654 4634 ad
670 4584 885 4634 considerandum
900 4584 1038 4634 aentcnllas
1055 4583 1097 4633 lrlc
1113 4583 1229 4634 latentes.

509 4663 536 4719 dl
552 4662 582 4710 1²„
599 4661 802 4712 admirationem.
814 4688 842 4697 -
854 4666 907 4719 lto,
924 4660 1060 4710 admirare.
1170 4660 1197 4720 (¹.)
1213 4661 1243 4710 E.
1260 4660 1392 4711 rillrlmall.

509 4736 536 4796 (ll
552 4737 608 4786 lle
621 4742 674 4804 ltu,
687 4737 807 4799 inlelligit
823 4737 941 4796 Danum,
952 4736 1013 4799 qula
1025 4735 1090 4785 benc
1101 4736 1223 4800 intelligit
1237 4737 1352 4797 llleram3
1368 4742 1396 4786 ut
1405 4733 1564 4786 tuere-s.
1573 4735 1615 4784 lu-

449 4811 541 4875 lolllgll
557 4812 674 4870 Dantem,
690 4817 718 4863 el
733 4813 768 4862 ita
783 4812 816 4862 dc
831 4812 903 4862 omnl
919 4816 1019 4872 autore,
1035 4811 1106 4874 quod
1121 4818 1161 4864 etl
1177 4812 1280 4863 lnlmm.

511 4886 537 4949 sl)
552 4888 578 4938 S.
595 4902 610 4938 c
626 4889 656 4938 E.
672 4894 853 4951 exponeretur.
