4154 6546
448 785 518 851 151
845 792 1048 848 counnnuu
1071 793 1222 849 nuruum

447 941 496 1013 ita
520 944 627 1013 uocet
656 936 724 1011 sibi
749 942 786 1010 et
810 934 927 1029 alteri,
953 936 1052 1029 quod
1086 944 1211 1012 taumn
1239 937 1387 1033 prodest
1416 936 1612 1030 aliquando

444 1057 564 1132 alicui.
591 1058 684 1132 Nota
709 1054 818 1150 etiam
846 1054 946 1150 quod
969 1064 1080 1131 autor
1106 1056 1319 1132 mirabiliter
1336 1056 1437 1153 lingit
1453 1056 1520 1131 ista
1534 1055 1611 1131 duo

446 1177 532 1252 vitia
556 1175 740 1252 contraria
766 1175 886 1270 puniri
910 1174 1020 1249 simul
1046 1175 1082 1249 in
1108 1175 1237 1251 eodem
1264 1175 1401 1251 circulo
1427 1183 1465 1250 et
1481 1174 1611 1250 eodem

447 1295 633 1392 supplicio,
660 1294 746 1388 quia
772 1294 908 1369 habeut
933 1293 1012 1369 lieri
1038 1293 1135 1369 circa
1159 1294 1255 1370 idem
1274 1293 1436 1369 medium
1454 1300 1492 1369 et
1508 1313 1614 1388 sepa-

446 1423 575 1490 rantur
600 1415 648 1488 ab
673 1413 804 1489 eodem
829 1414 951 1490 medio
964 1409 1015 1509 Γ),
1039 1421 1076 1489 et
1100 1413 1258 1490 avaricia
1284 1422 1340 1489 est
1369 1414 1486 1511 magis
1516 1414 1615 1488 insa·

447 1533 574 1609 nabilis
599 1541 637 1608 et
662 1533 743 1628 plus
768 1540 886 1628 nond,
912 1542 954 1606 ut
980 1533 1052 1607 iam
1077 1534 1215 1608 dictum
1241 1542 1308 1627 est,
1325 1540 1363 1609 el
1379 1533 1509 1629 probat
1534 1531 1614 1627 plri-

448 1657 620 1750 losophus
644 1654 753 1728 Libro
777 1653 1001 1729 Ethioorum.
1028 1653 1113 1729 ldeo
1137 1662 1246 1729 autor
1270 1653 1371 1750 ponit
1396 1651 1613 1747 prodigosa
1648 1640 1652 1645 ’

446 1776 586 1867 dextra,
606 1793 737 1848 avaros
762 1793 785 1846 a
810 1772 971 1866 sinistra;
992 1781 1030 1848 et
1053 1792 1186 1849 avaros
1202 1772 1319 1870 magis
1335 1774 1550 1864 detestatur,
1571 1777 1613 1843 ut

447 1893 568 1968 statim
595 1892 731 1966 videbis
762 1891 800 1965 in
832 1891 938 1967 tertia
972 1898 1076 1986 parte
1109 1890 1283 1988 generali.
1316 1890 1524 1966 Notandum
1556 1895 1611 1963 est

447 2013 558 2088 etiam
575 2009 674 2105 quod
695 2011 762 2085 ista
778 2010 853 2086 duo
870 2010 962 2087 vicia
979 2017 1064 2085 sunt
1082 2011 1244 2087 maxime
1262 2010 1439 2086 damnosa
1456 2008 1611 2105 publioae

448 2131 601 2207 utilitati.
628 2131 771 2206 Avarus
795 2131 893 2206 enim
920 2138 1020 2206 recte
1045 2137 1161 2226 potest
1185 2130 1378 2205 assimilari
1397 2129 1527 2225 gripho
1547 2128 1612 2221 qui

447 2251 543 2326 eruit
567 2271 703 2325 aurum
729 2270 776 2325 er
803 2256 914 2344 terra,
940 2257 977 2325 et
1001 2256 1125 2325 tamen
1140 2270 1187 2326 er
1205 2250 1364 2343 quadam
1383 2246 1540 2323 naturali
1557 2246 1613 2319 in-

450 2370 544 2445 uidia
561 2390 633 2443 non
650 2369 826 2465 permittit
841 2369 1002 2462 aliquem
1020 2375 1181 2465 tangere.
1201 2368 1379 2463 Prodigus
1396 2387 1485 2442 vero
1499 2357 1538 2456 (²)
1553 2386 1614 2439 as·

450 2489 629 2562 similatur
659 2508 806 2562 aranea
835 2508 920 2581 quae
943 2508 984 2562 se
1009 2487 1188 2562 eviscerat
1222 2494 1262 2560 ut
1275 2475 1313 2578 (³)
1344 2485 1449 2560 iaciat
1470 2484 1613 2579 aliquid

450 2628 543 2702 opus
575 2627 724 2701 vanum,
756 2613 793 2680 et
821 2606 929 2680 dicit:
964 2627 1040 2679 eum
1069 2608 1313 2698 prandioli,
1347 2605 1434 2699 quia
1465 2605 1563 2681 enim
1576 2592 1614 2697 (⁸)

448 2747 603 2801 avarum
631 2724 728 2818 lupo,
754 2724 835 2799 ideo
860 2725 955 2798 bene
983 2725 1044 2799 dat
1073 2725 1140 2799 sibi
1174 2745 1303 2800 vocem
1329 2725 1424 2821 lupi;
1453 2725 1615 2800 ululatus

450 2846 546 2920 enim
573 2850 628 2919 est
654 2864 726 2917 vox
751 2845 1232 2938 luporum-Percoteansi.
1259 2846 1325 2920 llic
1348 2845 1517 2920 describit
1535 2865 1616 2921 mo-

449 2984 528 3039 rem
554 2964 708 3038 istorum
735 2970 771 3038 et
785 2955 823 3054 (⁵)
848 2963 944 3058 dicit,
971 2950 1069 3057 ipuod
1094 2964 1144 3039 ita
1168 2972 1406 3041 adcurrentes
1431 2965 1614 3060 percutie-

447 3084 533 3157 bant
557 3103 597 3156 se
621 3082 775 3157 adversa
802 3082 931 3176 fronte,
957 3083 1088 3159 deinde
1112 3085 1304 3158 vertebant
1328 3084 1395 3158 sibi
1417 3091 1531 3181 terga,
1549 3084 1616 3159 do-

448 3222 515 3277 nec
539 3202 675 3276 iterum
701 3201 897 3277 obviabant
921 3203 988 3278 sibi
1013 3203 1050 3277 in
1074 3203 1147 3279 alia
1169 3211 1274 3299 parte
1298 3203 1459 3279 interiori
1477 3204 1614 3298 circuli,

446 3321 619 3397 eontinuo
651 3322 939 3417 improperantes
970 3344 1045 3398 uua
1075 3312 1358 3419 persultanti),
1389 3323 1474 3398 dicit
1502 3344 1614 3422 ergo:

444 3444 862 3533 praeonominatum,
888 3442 1023 3516 seilicet
1052 3442 1155 3518 avari
1184 3448 1221 3517 et
1251 3442 1415 3539 prodigi3
1447 3464 1466 3516 e
1492 3447 1615 3536 porcia

450 3565 587 3634 cimona
612 3564 644 3634 si
666 3563 825 3650 rivolum
848 3582 922 3652 pur
952 3556 989 3652 d,
1021 3561 1155 3636 seilicet
1182 3581 1269 3636 cum
1300 3570 1544 3656 pervenerant
1567 3564 1616 3639 ad

447 3680 580 3755 lineam
608 3679 779 3772 mediam,
805 3682 970 3753 vallanda
987 3701 1011 3752 a
1026 3686 1136 3769 retro,
1154 3678 1245 3754 idest
1271 3679 1533 3755 retrocedendo
1548 3701 1615 3776 per

449 3798 619 3874 eamdem
644 3798 741 3872 viam
768 3817 834 3894 per
860 3819 973 3893 quam
999 3804 1186 3874 venerant.
1213 3799 1257 3872 Et
1272 3788 1308 3891 d)
1334 3800 1392 3874 hic
1412 3807 1497 3876 uota
1515 3802 1614 3894 quod

446 3924 555 3992 aulnr
590 3938 657 4013 per
686 3919 756 3992 hoe
787 3916 921 4013 ligarat
952 3916 1052 4013 quod
1084 3917 1200 4012 avari,
1229 3925 1266 3992 et
1296 3918 1437 4014 prodigi
1469 3939 1615 4014 semper

447 4035 688 4110 adversantur
722 4036 789 4111 sibi
820 4035 923 4110 lactis
936 4025 972 4128 (⁸)
999 4037 1058 4111 vel
1088 4037 1221 4131 verbis,
1250 4037 1342 4111 sicut
1372 4037 1539 4112 videmus
1567 4038 1615 4113 de

464 4324 468 4333 -
508 4288 535 4351 (¹)
553 4294 606 4349 111,
623 4291 720 4349 medlo:
737 4297 823 4343 tamen
840 4291 945 4342 avaritia
959 4295 999 4342 est
1014 4291 1096 4354 peior,
1111 4291 1173 4355 qula
1189 4291 1269 4354 magis
1290 4291 1387 4341 reoedlt
1402 4304 1417 4340 ι
1433 4290 1519 4342 medlo
1533 4296 1561 4341 et
1575 4295 1615 4341 est

447 4367 527 4427 magis
542 4365 695 4415 insanabilis.

508 4438 534 4501 (¹)
551 4444 604 4500 llo.
621 4447 709 4492 aulem
723 4442 810 4492 ellum.

508 4516 533 4576 2⁸)
549 4517 580 4568 E.
598 4523 627 4568 ut
643 4517 746 4582 aliquod
762 4532 827 4582 opus
842 4519 920 4571 lactu
935 4518 997 4571 lieet
1013 4519 1040 4569 ln
1055 4532 1159 4571 vanum.

507 4591 533 4652 t‘l
550 4593 575 4644 S.
592 4607 608 4644 e
624 4594 655 4645 B.
670 4596 741 4646 enlm
756 4600 834 4646 autor
848 4596 1033 4648 mimtlmeral
1049 4609 1163 4648 ararum.
1181 4622 1211 4634 -
1229 4600 1283 4656 111,
1299 4595 1342 4647 hle
1356 4595 1427 4647 enlm
1443 4598 1519 4645 antor
1534 4597 1583 4644 eto.

509 4667 536 4727 (¹)
551 4668 576 4718 S.
592 4683 608 4720 e
625 4673 679 4731 111,
695 4673 814 4730 latorum,
830 4671 927 4724 dicens.

509 4742 536 4804 ζ’)
552 4744 577 4794 S.
593 4745 670 4795 alteri
685 4747 810 4799 etaltera
825 4747 909 4809 alteri,
926 4748 1014 4800 dieena
1030 4762 1102 4813 ergo.

508 4815 534 4876 (¹)
549 4816 575 4867 S.
592 4819 626 4868 Et
642 4824 703 4871 nota
718 4822 788 4885 quod
804 4822 847 4872 lrlo
862 4827 947 4875 autor.
965 4850 995 4862 -
1011 4824 1043 4874 E.
1059 4823 1095 4874 Bt
1110 4824 1154 4876 iliu
1169 4823 1311 4876 notandum
1326 4823 1397 4887 quod
1412 4827 1497 4874 antor.

509 4890 536 4952 (⁸)
550 4891 575 4942 S.
592 4907 607 4944 e
624 4894 655 4944 Ε.
672 4895 747 4946 lurda
762 4903 789 4948 et
805 4898 898 4948 rerble.
909 4925 939 4937 -
956 4904 1010 4960 lid,
1026 4899 1102 4951 laetis
1117 4900 1243 4952 stilletis.
