4154 6546
447 752 518 818 418
841 760 1043 816 euasurum
1068 761 1217 815 russam

445 929 554 982 cens:
581 901 651 979 cosi
681 906 1052 997 personuerunt
1082 926 1179 1000 aqua
1211 905 1424 999 sanguinea,
1453 908 1485 976 si
1511 908 1616 998 sacua

446 1029 548 1100 basso
572 1050 596 1098 ιι
611 1023 675 1118 piel
692 1047 717 1097 ιι
729 1021 804 1117 pici,
822 1025 913 1099 idest
928 1026 1183 1102 inveniebatur
1199 1031 1237 1099 et
1254 1025 1365 1099 fiebat
1384 1024 1505 1098 miunr
1522 1046 1618 1119 pau-

445 1146 559 1239 latim,
576 1152 713 1240 quanto
731 1147 811 1239 plns
827 1145 1129 1240 procedebamus
1143 1138 1173 1218 si
1188 1148 1248 1218 cte
1264 1167 1368 1218 ccccc
1379 1166 1451 1236 pur
1468 1148 1494 1218 li
1505 1147 1615 1237 pierii,

446 1273 483 1339 et
500 1265 567 1338 ista
584 1271 665 1338 erat
683 1265 832 1339 minima
849 1286 969 1359 poena,
985 1265 1071 1359 quia
1089 1265 1145 1337 isti
1163 1271 1402 1360 gustaverant
1420 1264 1616 1337 minimum

446 1384 493 1458 de
522 1384 700 1480 sanguine
733 1385 908 1478 humano,
938 1384 997 1459 vel
1011 1375 1048 1476 (⁴)
1088 1384 1170 1458 ideo
1206 1394 1355 1478 propter
1392 1384 1615 1478 paucitatem

447 1524 554 1597 aquae
581 1502 828 1579 transiverunt
859 1503 908 1576 ibi
939 1503 986 1577 ad
1011 1510 1162 1596 terram,
1188 1503 1285 1577 unde
1309 1503 1413 1577 dicit:
1440 1508 1473 1577 el
1494 1510 1618 1575 norbo

445 1644 554 1714 passo
578 1625 636 1695 det
654 1626 752 1716 fosso
773 1627 814 1715 su
840 1625 942 1713 quivi.
960 1615 1063 1695 -Sl
1086 1644 1191 1695 come.
1225 1623 1290 1697 llic
1322 1629 1433 1697 autur
1460 1621 1619 1697 ostendit

449 1741 635 1836 quomedo
668 1741 803 1815 Nessus
839 1762 1009 1837 egressus
1039 1742 1086 1816 de
1121 1743 1215 1816 valle
1246 1743 1282 1815 in
1312 1745 1467 1817 alteram
1499 1742 1616 1836 ripam

449 1860 647 1935 ostenderit
671 1861 737 1934 sibi
770 1860 881 1934 situm
914 1869 951 1934 et
982 1862 1195 1954 qualitatem
1228 1861 1338 1934 buius
1353 1855 1391 1953 (²)
1424 1862 1537 1936 vallis
1563 1861 1617 1935 Ad

449 1980 554 2054 cuius
579 1980 852 2076 intelligentiam
878 1980 1152 2076 imaginandum
1174 1988 1239 2074 est,
1255 1982 1354 2075 quod
1373 1980 1534 2054 circulus
1551 1981 1619 2055 iste

450 2121 495 2174 ex
517 2121 589 2174 uua
604 2107 709 2196 parte
726 2100 827 2173 iuxta
853 2101 982 2195 ripam,
1000 2101 1062 2175 ubi
1080 2102 1199 2195 primo
1219 2102 1446 2176 intraverant
1470 2122 1620 2195 aquam,

451 2227 505 2294 est
529 2221 742 2315 profundus,
757 2222 894 2294 babens
911 2241 1082 2316 magnam
1102 2220 1244 2314 cupiam
1262 2241 1371 2314 aquae
1386 2221 1620 2317 sanguinem

452 2347 489 2413 et
513 2341 687 2435 paulatim
712 2340 941 2434 procedendo
966 2339 1189 2414 adulteram
1211 2340 1327 2435 ripam
1348 2360 1414 2434 per
1432 2347 1620 2415 transver-

453 2481 535 2533 sum
561 2461 734 2534 continuo
760 2460 942 2554 reperitur
967 2459 1087 2534 minor
1112 2482 1220 2554 aqna,
1246 2461 1296 2534 ita
1321 2460 1420 2554 quod
1439 2481 1485 2534 ex
1505 2481 1620 2555 oppo-

454 2580 522 2653 sito
547 2601 679 2673 parum
704 2601 811 2672 aquae
836 2587 891 2653 est
916 2579 1017 2652 iuxta
1048 2581 1203 2654 alteram
1236 2579 1364 2674 ripam.
1402 2580 1494 2654 llicit
1529 2601 1621 2674 ergo

454 2705 585 2772 antor:
611 2702 702 2771 dure
724 2702 749 2771 ’l
775 2706 954 2789 centauro,
979 2698 1114 2772 scilicet
1138 2699 1272 2773 Nessus
1297 2699 1486 2774 reflectens
1511 2720 1551 2774 se
1575 2700 1621 2774 ad

454 2838 590 2911 aquam
617 2818 818 2910 transitum,
842 2810 873 2890 si
897 2840 992 2890 conec
1016 2826 1051 2890 tu
1077 2820 1390 2909 ventilantem
1408 2822 1468 2892 clu
1486 2840 1622 2912 sempre

454 2941 485 3010 si
507 2959 636 3029 amma,
654 2937 745 3011 idest
771 2938 959 3032 minuitur,
976 2942 1025 3012 dc
1049 2947 1167 3028 questu
1181 2947 1297 3030 parte,
1314 2939 1449 3013 scilicet
1465 2939 1621 3033 sinistra,

455 3053 526 3132 cosi
550 3062 665 3149 nuptia
689 3061 749 3130 che
778 3065 813 3131 ta
837 3061 946 3147 credi,
970 3062 1031 3130 cle
1047 3063 1071 3132 't
1097 3061 1208 3153 [cndu
1236 3081 1300 3132 suo
1326 3055 1387 3151 pu
1416 3082 1441 3130 ιι
1471 3055 1534 3151 pttl
1563 3054 1624 3150 pta

451 3201 592 3272 prema,
617 3179 708 3252 idest
740 3178 855 3274 magis
881 3178 1134 3271 profundetur‚
1160 3182 1208 3250 du
1234 3183 1339 3269 quest
1351 3183 1460 3270 alna,
1493 3179 1629 3253 scilicet

455 3321 478 3373 a
503 3300 631 3373 dextra
657 3298 693 3371 in
717 3320 865 3394 gyrum,
889 3302 976 3390 infin
995 3300 1055 3370 clu
1071 3302 1096 3371 't
1117 3302 1149 3370 si
1172 3302 1358 3391 ruptarius,
1375 3320 1439 3372 cuc
1458 3303 1495 3372 tu
1511 3303 1627 3372 maa-

455 3423 517 3492 m'u
540 3439 672 3491 curruca
694 3420 755 3489 cte
778 3439 893 3508 perna,
911 3418 1001 3491 idest
1027 3417 1062 3489 in
1082 3418 1251 3511 praedicta
1269 3424 1385 3513 parte,
1404 3418 1465 3491 ubi
1484 3417 1628 3513 tyranni

457 3541 634 3634 plangunt
663 3544 811 3632 propter
841 3558 1000 3632 poenam,
1032 3546 1073 3610 ut
1103 3536 1240 3610 dietum
1271 3545 1336 3612 est
1350 3543 1463 3611 -Lu
1495 3541 1625 3611 ιιιιίιια.

457 3660 521 3734 llic
549 3659 676 3732 ultima
701 3658 747 3732 ad
772 3659 973 3752 perlectum
1001 3659 1312 3751 complementum
1330 3659 1440 3733 buius
1461 3658 1627 3733 materian

458 3780 620 3854 nominat
637 3779 815 3872 quosdam
833 3779 922 3851 alins
938 3769 974 3870 (³)
994 3778 1171 3852 violentus
1187 3779 1224 3851 in
1240 3800 1338 3873 aqua
1355 3798 1484 3875 gressa
1502 3786 1628 3874 tyran-

458 3921 604 3993 norum,
631 3899 693 3992 qui
720 3905 910 3991 tamquam
935 3898 1070 3993 publici
1095 3899 1284 3992 praedones
1315 3906 1353 3973 et
1383 3899 1541 3993 pestiferi
1568 3920 1628 3973 su-

458 4021 567 4093 cialcs
587 4018 840 4091 discurrerunt
855 4005 891 4109 (⁴)
909 4038 976 4112 per
994 4018 1186 4111 mnndum,
1204 4038 1270 4113 per
1288 4039 1392 4092 mare
1411 4026 1449 4093 et
1465 4040 1531 4113 per
1553 4025 1628 4094 ter-

460 4162 559 4234 ram3
586 4146 623 4212 et
648 4139 766 4232 primo
792 4138 956 4212 nominat
980 4139 1146 4211 Atbilam.
1174 4138 1227 4211 bd
1252 4138 1358 4211 cuius
1382 4123 1639 4234 cognitionem
1653 4118 1679 4171 ⁸

459 4265 602 4354 oportet
626 4257 787 4332 breviter
812 4258 905 4332 scire
934 4258 1044 4351 qnod,
1063 4257 1157 4330 sicut
1186 4257 1309 4330 scribit
1334 4258 1470 4331 Paulus
1500 4259 1631 4333 Diaco-

459 4403 528 4453 nus
554 4380 590 4453 in
616 4400 684 4452 sun
710 4379 802 4452 libro
827 4378 873 4451 de
904 4378 1014 4475 gestis
1044 4377 1372 4473 Longobardorum
1402 4399 1501 4452 anno
1525 4379 1630 4453 Cbri·

459 4503 503 4574 sti
528 4500 744 4592 CCCCllbll,
770 4499 888 4571 Albila
924 4519 989 4571 rex
1020 4499 1238 4570 llunnorum
1253 4489 1290 4588 (⁵)
1321 4498 1458 4573 babens
1490 4499 1631 4574 subse

522 4718 549 4777 (¹)
565 4716 596 4765 ll.
613 4722 639 4766 et
656 4717 722 4766 idco.
797 4715 824 4779 (¹)
841 4715 866 4766 S.
883 4716 964 4766 istius.
1039 4713 1065 4779 (⁸)
1081 4713 1106 4764 S
1123 4713 1231 4777 aliquos.
1309 4713 1336 4775 ι’)
1351 4713 1377 4762 S.
1392 4726 1408 4761 e
1424 4712 1455 4763 E.
1471 4713 1630 4763 discruciant.

522 4793 549 4853 (¹)
566 4791 596 4841 E.
613 4791 798 4855 ilungarornm
824 4792 921 4844 babens
944 4791 993 4841 sub
1013 4805 1040 4841 se
1061 4791 1227 4848 brimicium,
1249 4788 1417 4852 Hungariam,
1439 4788 1630 4853 Macedoniam,

460 4869 577 4920 blesiam.
