4154 6546
790 793 928 850 murus
952 794 1109 850 nmmos
1133 794 1277 849 sumus.
1543 780 1614 849 cte

446 958 600 1013 scurum
625 945 664 1013 et
688 938 838 1032 burum,
869 941 1035 1029 alquanto
1060 942 1098 1013 di
1122 942 1219 1029 tuoni
1242 941 1291 1012 do
1316 941 1352 1010 tu
1376 939 1527 1029 mondo,
1553 937 1617 1011 ubi

447 1065 529 1135 erat
552 1060 634 1155 plus
658 1060 705 1134 de
727 1080 838 1153 aqua,
859 1059 897 1132 in
914 1081 988 1152 qua
1015 1060 1151 1134 latebat
1178 1059 1264 1133 laisa
1290 1057 1405 1132 bmtia
1423 1078 1537 1150 quam
1555 1077 1618 1132 ea-

447 1203 535 1277 perc
561 1182 717 1274 volebat,
735 1192 773 1257 et
793 1182 940 1255 trahere
964 1181 1011 1255 ad
1038 1180 1166 1276 ripam.
1188 1182 1231 1254 Et
1255 1180 1375 1253 subdit
1394 1186 1505 1253 autor
1525 1199 1619 1272 quo

448 1303 559 1377 modo
585 1301 859 1376 coniecturabat
885 1320 951 1396 per
975 1301 1078 1395 signa
1109 1301 1258 1396 Virgilii,
1283 1299 1381 1392 quod
1406 1299 1529 1392 aliqua
1560 1319 1618 1372 res

449 1443 544 1497 nova
568 1427 773 1517 appareret,
799 1421 945 1495 dicens:
972 1424 1008 1493 io
1033 1425 1131 1495 diceo
1145 1425 1209 1515 fro
1224 1442 1279 1494 me
1303 1423 1488 1510 medesmo,
1511 1418 1618 1492 tacite

448 1543 485 1616 in
511 1550 635 1616 mente
665 1562 760 1634 mea,
786 1544 820 1614 cl
842 1563 915 1633 pur
945 1563 1091 1632 concon,
1117 1541 1208 1616 idest
1227 1533 1263 1632 (¹)
1293 1546 1435 1614 tantum
1461 1544 1617 1632 oportet,

449 1666 509 1736 cto
526 1653 644 1736 oooitd
659 1664 850 1754 responde,
867 1661 954 1754 quia
972 1661 1116 1737 videbat
1133 1661 1322 1756 Virgilium
1341 1667 1440 1734 stare
1457 1658 1618 1733 maxime

450 1784 614 1877 tacitum,
647 1788 849 1855 attenctum
884 1788 921 1854 et
950 1786 1171 1874 astructum3
1203 1781 1284 1855 ideo
1318 1781 1424 1854 dicit:
1459 1782 1498 1852 ol
1526 1798 1618 1851 noco

449 1925 572 1994 couno,
598 1904 690 1977 idest
714 1903 859 1998 signum
885 1901 984 1996 quod
1000 1902 1198 1996 apparebat
1215 1902 1252 1975 in
1269 1922 1365 1994 aqua
1383 1907 1462 1995 post
1475 1902 1616 1996 iactum
1645 1914 1648 1918 ’

449 2024 583 2115 cordae,
608 2023 696 2116 quia
720 2043 818 2114 aqua
844 2021 1035 2116 incipiebat
1060 2021 1252 2115 paululum
1276 2020 1427 2112 moveri,
1446 2030 1483 2096 et
1500 2018 1618 2115 Virgi-

449 2143 519 2217 lius
544 2142 851 2237 correspondebat
876 2162 961 2214 cum
980 2141 1088 2215 oculu
1107 2141 1222 2213 motui
1238 2161 1347 2234 aquae
1364 2141 1618 2235 proportiona-

449 2263 569 2337 biliter
584 2254 639 2355 (²);
667 2262 748 2336 ideo
781 2260 880 2334 dicit:
907 2263 982 2332 ctcl
1004 2269 1155 2334 moestro
1179 2251 1209 2333 si
1234 2264 1397 2350 secondo,
1423 2261 1514 2337 idest
1540 2267 1615 2334 tam

448 2389 608 2457 attencte
633 2380 810 2473 sequitur,
829 2386 895 2451 con
915 2382 1073 2452 tocctio.
1087 2381 1236 2453 —*At
1262 2388 1401 2471 quum
1419 2381 1484 2454 Hic
1507 2387 1618 2454 autor

449 2503 529 2576 vult
553 2500 747 2575 ostendere
772 2500 929 2593 qualiter
961 2500 1131 2595 Virgilius
1163 2500 1440 2594 comprehendit
1470 2519 1535 2593 per
1568 2500 1617 2572 si-

448 2643 521 2716 gna
546 2621 644 2714 quod
669 2621 745 2715 ipse
761 2619 942 2715 cogitabat
959 2628 997 2695 et
1013 2619 1201 2712 credeban
1223 2620 1305 2694 ideo
1322 2621 1447 2694 volens
1465 2625 1617 2714 tangere

449 2744 530 2835 lroc,
544 2740 730 2836 praemittit
743 2761 854 2813 unam
868 2739 1142 2833 persuasionem
1162 2740 1369 2833 notabilem,
1387 2740 1509 2815 dicens
1526 2759 1612 2812 cum

450 2859 722 2934 admiratione*
737 2850 793 2950 (³):
820 2862 873 2932 Ali
899 2868 1029 2950 quanto
1050 2863 1376 2950 gerontocomio
1396 2882 1490 2933 esser
1513 2862 1618 2949 couti,

451 2982 542 3056 idest
567 2981 833 3074 circumspecti,
854 3001 979 3072 presso
1004 2984 1117 3070 color,
1147 2981 1283 3054 scilicet
1312 2981 1409 3055 viros
1438 2981 1618 3075 sapientes

451 3108 488 3175 et
513 3101 711 3196 prudentes
737 3100 853 3193 qualis
881 3106 961 3174 erat
993 3099 1174 3195 Virgilius,
1206 3103 1266 3173 cltc
1294 3122 1365 3174 ooo
1395 3106 1518 3192 oecion
1547 3123 1620 3193 potr

450 3224 593 3314 lopra,
618 3220 710 3296 idest
735 3239 807 3293 non
823 3207 859 3310 (⁴)
882 3219 1112 3294 solummodo
1139 3219 1262 3294 vident
1287 3221 1424 3294 lactum
1444 3221 1619 3313 exterius,

450 3342 514 3415 sed
540 3341 651 3418 etiam
678 3339 877 3436 cogitatum
904 3339 1036 3413 mentis
1062 3339 1225 3432 interius,
1251 3339 1331 3415 ideo
1351 3340 1456 3414 dicit:
1475 3361 1535 3412 mo
1554 3343 1621 3413 mi-

449 3482 520 3533 ron
545 3464 601 3534 col
622 3480 744 3550 senno,
771 3458 862 3534 idest
887 3458 1082 3552 respiciunt
1107 3479 1194 3532 cum
1212 3460 1416 3554 prudentia,
1429 3482 1497 3553 per
1521 3468 1620 3534 entro

448 3584 647 3675 iponem,
673 3581 775 3674 idest,
794 3579 888 3656 inter
914 3584 1112 3674 conceptus
1137 3579 1318 3654 interioris
1342 3581 1466 3656 animi,
1492 3582 1568 3655 Hoc
1581 3572 1618 3671 (⁵)

449 3703 535 3776 dicit
559 3701 645 3794 quia
674 3700 842 3794 Virgilius
867 3719 932 3793 per
957 3699 1060 3794 signa
1086 3700 1274 3794 perpendit
1295 3701 1552 3797 cogitationem
1569 3690 1619 3794 (Β),

451 3822 705 3898 credulitatem
724 3826 762 3894 et
778 3819 1000 3894 locutionem
1017 3819 1250 3895 intrinsecam
1269 3828 1306 3896 et
1322 3822 1503 3896 occultam
1523 3821 1621 3894 Dan·

449 3943 512 4035 tis;
538 3942 620 4017 ideo
645 3940 800 4016 consulit
825 3939 923 4034 quod
949 3939 1114 4014 hominos
1130 3948 1284 4016 caveant
1301 3962 1374 4016 non
1392 3942 1512 4015 solum
1531 3940 1617 4034 quid

448 4070 561 4159 agant
585 4063 643 4137 vel
669 4061 789 4135 dicant
813 4068 930 4154 extra,
955 4060 1020 4135 sed
1044 4062 1153 4136 etiam
1173 4062 1259 4155 quid
1280 4063 1440 4159 cogitent
1455 4053 1506 4155 (⁷),
1532 4060 1619 4154 quid

450 4183 648 4276 loquantur
674 4180 948 4274 intra,quand0
973 4181 1120 4254 suntin
1146 4189 1342 4276 conspectu
1369 4182 1534 4257 virorum
1561 4200 1621 4253 sa-

450 4304 614 4399 pientum
638 4301 701 4395 qui
726 4301 846 4375 sciunt
870 4300 1034 4375 divinare
1058 4308 1095 4375 et
1115 4300 1282 4397 judicare
1298 4301 1345 4376 de
1368 4300 1517 4376 secretis
1537 4320 1621 4375 cor-

450 4425 565 4518 dium,
600 4424 698 4516 quod
730 4422 887 4497 ostendit
920 4422 1089 4516 exemplo
1121 4421 1190 4514 sui,
1225 4421 1418 4516 quinium
1453 4419 1543 4498 dixit
1574 4420 1622 4496 de

512 4613 540 4675 υ)
557 4578 594 4662 κζ
605 4612 671 4663 rani
687 4617 782 4663 umen.
1187 4611 1216 4674 ρ)
1233 4612 1263 4662 n.
1280 4610 1516 4676 proporuonuuer.

512 4689 538 4754 (¹)
555 4689 648 4739 Manca
663 4689 725 4739 nell'
736 4690 842 4740 Esteuse
858 4693 927 4741 tutto
943 4687 962 4738 il
979 4701 1115 4753 eomproeo
1131 4688 1172 4740 ira
1186 4690 1196 4740 i
1212 4689 1262 4739 duc
1279 4688 1420 4739 uterischi.

512 4766 539 4827 (⁸)
556 4766 587 4816 B.
604 4780 656 4817 uon
672 4767 757 4817 solum
774 4766 867 4816 rident.
1186 4764 1213 4828 (⁸)
1232 4769 1285 4826 lto,
1300 4764 1359 4815 Hoc
1374 4764 1433 4815 ideo
1450 4763 1521 4815 dicit.

512 4842 540 4905 (⁸)
555 4842 581 4894 S.
597 4843 808 4904 collocutloncm,
825 4842 1016 4903 credulitatem,
1031 4846 1059 4892 et
1074 4842 1266 4906 cogitationem.

512 4917 540 4982 (¹)
556 4919 582 4970 S.
599 4922 712 4985 cogitent
728 4921 796 4971 intra
813 4920 915 4985 wude
930 4925 991 4975 suot
1006 4917 1034 4973 in
1049 4924 1198 4984 commem
