4154 6546
782 803 920 858 CANTUS
945 803 1101 858 DECIMUS
1125 804 1285 859 ruamus.
1550 793 1618 859 Ml

450 951 517 1025 sibi
543 950 660 1024 omnis
685 949 828 1044 sapiens
854 948 994 1022 servire
1014 948 1162 1024 domino
1179 948 1329 1041 crudeli,
1355 949 1417 1040 qui
1433 942 1470 1040 (¹)
1497 947 1622 1022 fulmi-

450 1079 513 1146 nat
538 1070 724 1145 iracundia
750 1089 817 1142 sua
842 1089 953 1163 super
982 1061 1143 1163 caputl²l
1164 1070 1362 1164 justorum.
1377 1072 1619 1142 -L'animo

449 1193 514 1266 llic
539 1193 670 1264 Petrus
696 1197 844 1263 narrata
870 1210 981 1264 causa
1004 1210 1082 1263 sua
1098 1189 1351 1283 damnationis,
1369 1190 1503 1265 scilicet
1528 1189 1622 1264 invi-

371 1359 374 1363 ·
449 1315 520 1407 dia,
545 1333 644 1386 nunc
673 1318 800 1385 narrat
829 1331 980 1385 causam
1012 1331 1089 1384 suae
1124 1311 1263 1404 mortis,
1293 1311 1428 1384 scilicet
1457 1310 1622 1405 indigna-

450 1431 636 1526 tionem3*
654 1438 690 1506 et
714 1432 876 1505 breviter
901 1432 980 1504 vult
1005 1431 1128 1505 dicere
1153 1432 1250 1525 quod
1277 1431 1353 1526 ipse
1374 1430 1620 1524 considerans,

440 1553 549 1648 ‚quod
574 1573 641 1647 pro
667 1551 823 1646 proemio
849 1572 947 1625 verae
971 1551 1116 1625 virtutis
1142 1551 1349 1625 incurrerat
1374 1570 1520 1645 poenam
1543 1551 1619 1625 lalsi

451 1674 608 1768 sceleris,
623 1673 717 1747 sicut
733 1673 779 1747 de
797 1692 838 1746 se
854 1672 939 1746 dicit
955 1672 1102 1746 Boetius
1120 1673 1156 1746 in
1174 1672 1278 1745 simili
1297 1692 1396 1765 casn,
1410 1692 1456 1746 er
1475 1692 1621 1746 summa

450 1794 695 1891 indignatione
719 1813 759 1867 se
784 1793 972 1868 interiecit.
1000 1793 1091 1868 Dicit
1128 1814 1241 1888 ergo:
1272 1794 1425 1865 lanino
1457 1795 1526 1865 mlo
1549 1797 1623 1885 lece

451 1938 504 1989 me
527 1920 653 1989 iniusto
678 1922 803 1988 contra
828 1936 882 1987 me
905 1917 994 1986 insto
1007 1939 1022 2006 ;
1048 1913 1135 2007 quia
1161 1913 1224 1986 ubi
1250 1913 1368 2007 primo
1394 1931 1498 1986 eram
1516 1912 1622 1985 inno-

450 2058 547 2130 cens,
565 2056 631 2130 per
648 2034 912 2129 impatientiam
930 2034 996 2107 leci
1020 2053 1081 2107 me
1098 2039 1302 2108 nocentem.
1323 2034 1467 2121 Quanto
1490 2033 1621 2106 melius

450 2159 508 2232 vel
533 2155 748 2250 prudentius
773 2154 920 2227 Boetius
938 2154 1023 2249 egit,
1041 2153 1103 2247 qui
1121 2173 1162 2227 se
1177 2153 1297 2246 ipsum
1319 2153 1461 2227 sortiter
1478 2159 1515 2227 et
1532 2173 1622 2246 pru-

449 2278 578 2352 denter
603 2277 810 2351 consolatus
835 2281 889 2348 est
914 2275 951 2348 in
976 2280 1076 2348 tanta
1102 2273 1341 2368 indignitate?
1367 2280 1405 2347 et
1429 2274 1530 2348 dicit:
1555 2297 1621 2367 per

381 2446 385 2452 -
449 2402 656 2489 damonem
680 2404 805 2488 muto:
831 2395 917 2487 quia
943 2396 992 2472 ita
1017 2395 1239 2469 amaricatus
1269 2402 1324 2468 est
1352 2403 1483 2490 gnslus
1508 2395 1620 2469 animi

451 2520 522 2593 mei
539 2539 586 2592 ex
604 2516 871 2613 indignatione3
890 2523 927 2589 et
943 2516 1012 2588 hoc
1028 2514 1107 2608 ieci,
1122 2517 1294 2589 credendo
1311 2518 1434 2608 suyyir
1451 2517 1620 2606 decenno

449 2644 505 2713 col
528 2642 656 2731 morer,-
682 2645 718 2712 et
744 2637 794 2710 sic
819 2637 979 2733 assignat
1003 2656 1153 2710 causam
1179 2655 1256 2708 suae
1273 2635 1552 2729 desperationis;
1570 2636 1619 2711 ita

451 2759 696 2834 communiter
713 2757 797 2832 lacit
813 2757 931 2831 omnis
948 2777 988 2831 se
1007 2756 1236 2849 interficiens
1250 2756 1335 2850 quia
1353 2756 1488 2831 scilicet
1504 2757 1617 2831 credit

452 2878 627 2953 benelicio
654 2877 781 2951 mortis
790 2868 827 2970 (³)
855 2877 959 2952 linire
983 2877 1161 2969 dolorem,
1187 2876 1378 2970 pudorem,
1404 2876 1620 2973 indignatio—

452 3018 537 3072 nem
564 3000 622 3072 vel
647 2998 755 3071 aliam
782 3018 929 3093 poenam
956 3000 1014 3072 vel
1040 2997 1244 3089 miseriam;
1279 2997 1342 3072 sed
1367 3000 1439 3072 veh
1465 2999 1618 3093 miseris,

452 3120 537 3211 quia
552 3107 588 3211 (⁴)
616 3118 809 3191 incurrunt
835 3118 871 3192 in
897 3118 1015 3211 peius!
1041 3125 1078 3192 et
1105 3124 1145 3190 ut
1174 3117 1353 3193 dimittam
1383 3139 1494 3192 omne
1520 3119 1620 3193 testi-

451 3239 617 3312 monium
643 3258 758 3311 sacrae
783 3238 984 3332 scripturae,
1013 3237 1181 3334 Virgilius
1205 3244 1312 3332 poeta
1342 3259 1505 3334 paganus
1534 3238 1620 3313 dicit

449 3359 496 3433 de
514 3358 645 3432 talibus
662 3358 706 3431 Vl
732 3358 904 3432 Eneidos:
924 3362 1211 3450 quamodrem...
1229 3362 1431 3452 pauperem
1454 3367 1487 3432 et
1509 3362 1619 3433 duros

450 3483 615 3552 tolerasse
632 3480 783 3570 labores,
800 3485 891 3552 Feta
907 3480 1052 3552 obstant.
1066 3485 1198 3552 -Per
1215 3483 1246 3552 le
1261 3500 1381 3552 amove.
1404 3479 1469 3553 llic
1487 3480 1619 3554 Petrus

449 3600 641 3674 confirmat
665 3600 802 3674 dictum
830 3620 952 3693 suum,
979 3599 1113 3674 scilicet
1137 3599 1237 3692 quod
1262 3600 1372 3674 luerit
1397 3619 1486 3673 rere
1513 3600 1618 3675 inno-

448 3742 534 3797 cens
559 3727 596 3794 et
616 3721 740 3816 justus
766 3741 831 3815 per
856 3727 1140 3814 sacramentum,
1166 3721 1308 3795 dicens:
1327 3725 1368 3793 lo
1384 3724 1420 3794 oi
1434 3724 1538 3812 qiaro
1552 3744 1618 3815 per

448 3846 479 3916 le
504 3863 614 3916 nuooe
637 3845 753 3914 radet
777 3844 895 3915 desto
920 3844 1033 3933 legno,
1061 3841 1165 3935 quasi
1182 3841 1294 3915 dicat:
1308 3842 1397 3938 juro
1423 3843 1525 3916 vobis
1551 3863 1616 3938 per

447 3964 608 4038 animam
632 3983 765 4056 meam,
784 3983 867 4055 quae
893 3962 961 4036 luit
986 3983 1059 4036 non
1085 3970 1140 4041 est
1162 3961 1224 4036 diu
1242 3962 1365 4037 anima
1385 3964 1561 4057 praeclara
1581 3963 1618 4036 in

448 4083 598 4176 mundo,
613 4083 694 4156 licet
711 4082 756 4154 sit
774 4083 883 4156 modo
900 4083 1059 4157 obscura
1076 4083 1214 4157 inclusa
1232 4082 1269 4155 in
1286 4083 1384 4179 ligno
1404 4084 1472 4158 isto
1493 4104 1618 4178 asper-

449 4204 554 4296 rimo,
580 4205 639 4274 cle
662 4205 832 4292 nannai
855 4223 926 4274 non
951 4191 1056 4294 coppi
1077 4206 1155 4296 sede
1180 4206 1219 4275 ul
1234 4206 1304 4275 meo
1320 4207 1464 4295 Signor,
1481 4203 1618 4278 scilicet

447 4323 637 4417 Foderic03
656 4324 718 4398 sed
736 4331 884 4398 contra:
906 4323 981 4417 ipse
998 4324 1129 4397 Petrus
1149 4323 1185 4396 in
1203 4323 1422 4416 quibusdam
1447 4324 1616 4419 epistolis,

446 4467 539 4539 quas
571 4445 652 4518 lecit
685 4444 732 4517 de
764 4444 970 4519 inlelicitate
1004 4465 1082 4538 sua,
1113 4442 1306 4538 prolitetur
1335 4464 1376 4519 se
1411 4452 1614 4520 nocentem.

446 4567 533 4642 llico
557 4564 730 4657 breviter,
757 4564 855 4658 quod
882 4564 950 4637 illae
976 4565 1134 4659 epistola
1161 4585 1234 4638 non
1257 4566 1407 4639 luerunt
1426 4587 1515 4660 sua,
1533 4567 1617 4642 licet

1511 4713 1617 4724 -—

508 4785 535 4845 (¹)
552 4787 606 4842 llo,
622 4782 682 4845 quir
698 4781 819 4833 fulminat
835 4782 861 4832 iu
878 4782 1009 4834 iracundia
1025 4796 1079 4834 sua.
1281 4783 1309 4846 (¹)
1325 4785 1351 4834 S.
1369 4785 1460 4848 sapiu.

507 4861 534 4921 (¹)
551 4859 580 4909 lt
596 4859 688 4910 mortis
703 4859 793 4923 sugero
809 4860 927 4912 dolorem
944 4867 970 4913 et
986 4861 1059 4912 finire
1075 4867 1102 4913 et
1118 4861 1245 4925 pudorem
1262 4868 1289 4914 et
1305 4861 1514 4926 indignationem.

507 4936 534 4999 d)
549 4935 575 4986 s.
591 4948 607 4985 e
623 4935 653 4986 lt
670 4936 714 4999 qul
730 4937 875 4988 incurrunt.
