4154 6546
877 808 1016 863 caurus
1040 809 1223 865 susumus
1562 800 1633 869 257

460 959 630 1050 poteraut
654 951 721 1027 sibi
746 970 873 1029 emere
892 954 1070 1028 honorem
1097 951 1134 1026 iu
1161 951 1301 1026 mundo
1325 959 1363 1027 et
1384 953 1633 1030 thesaurizare

458 1071 526 1149 sibi
558 1072 596 1145 in
629 1071 735 1161 orele,
765 1092 810 1144 or
842 1074 934 1166 tiso
965 1071 1081 1163 bruti,
1111 1070 1202 1146 idest
1232 1091 1330 1146 nuuc
1362 1079 1443 1167 post
1475 1080 1633 1150 mortem

458 1192 543 1269 iacit
579 1211 645 1267 eos
682 1191 849 1287 indignos
885 1191 986 1267 omni
1022 1190 1153 1287 gloria,
1187 1199 1225 1266 et
1258 1191 1441 1287 praeeipue
1478 1195 1632 1269 avaritia

458 1311 544 1388 iacit
574 1310 741 1386 nominer
774 1310 941 1405 odiosos3
975 1310 1057 1386 ideo
1090 1310 1137 1386 ud
1173 1311 1353 1387 maiorem
1387 1312 1633 1391 infelicitatem

456 1431 555 1508 addit
579 1431 823 1505 {eternitatem
848 1451 978 1526 poenae,
992 1430 1139 1506 dicens:
1157 1434 1196 1504 in
1211 1439 1330 1505 eterno
1354 1453 1533 1506 verronno
1558 1455 1583 1506 o
1607 1437 1633 1506 b·

457 1553 524 1625 duo
547 1552 662 1641 oozzt,
693 1549 786 1624 idest
815 1534 863 1623 ud
895 1549 971 1624 duo
1000 1555 1135 1644 puncta
1162 1549 1333 1645 predicta
1365 1551 1442 1626 sive
1464 1552 1631 1648 ungulos,

459 1668 523 1745 ubi
548 1669 691 1744 cutiunt
706 1660 744 1761 (¹)
771 1674 808 1743 et
832 1669 1044 1764 percutiunt
1067 1689 1108 1742 se
1133 1689 1239 1743 more
1263 1669 1434 1764 arietum,
1452 1671 1515 1765 qui
1534 1692 1630 1766 saepe

459 1789 697 1867 retrocedunt
729 1795 771 1863 ut
802 1787 931 1862 durius
965 1809 1005 1864 se
1037 1789 1178 1863 eutiaut
1196 1781 1257 1883 (²);
1293 1790 1391 1884 quod
1423 1796 1478 1865 est
1507 1790 1629 1866 dicere

457 1907 680 1985 eternaliter
711 1907 978 1983 cruciabuntur
1011 1907 1049 1981 in
1080 1907 1149 1982 ista
1180 1929 1303 2004 pugna
1336 1928 1423 1983 cum
1453 1910 1628 2005 gravibus

460 2028 559 2105 saxis
575 2047 660 2121 quae
677 2035 764 2102 aute
790 2047 831 2101 se
856 2046 1002 2121 semper
1027 2028 1289 2101 trabunt—E
1304 2030 1420 2119 questi.
1439 2028 1503 2103 llic
1520 2035 1643 2103 autor·

455 2147 570 2245 tangit
595 2146 755 2222 iormam
781 2145 1058 2221 resurrectionis
1082 2145 1251 2240 istorum,
1271 2146 1395 2222 dicens
1410 2148 1573 2223 breviter
1590 2157 1626 2222 et

356 2314 360 2321 -
455 2270 576 2344 clare:
602 2269 723 2358 questi,
748 2265 887 2340 scilicet
909 2264 1012 2339 avari
1041 2264 1191 2360 gravius
1219 2265 1471 2361 delinquentes
1501 2289 1625 2358 sorqe-

455 2408 574 2463 rosano
598 2389 657 2461 det
677 2388 851 2478 sepulcro,
876 2384 966 2459 idest
992 2391 1187 2481 resurgent
1211 2386 1248 2459 in
1272 2385 1331 2461 die
1352 2385 1473 2461 iudieii
1490 2390 1546 2460 ool
1555 2410 1626 2479 pu-

454 2530 526 2603 qno
550 2510 682 2599 clauso,
707 2505 798 2581 idest
822 2524 910 2579 cum
936 2510 1097 2599 utraque
1124 2526 1237 2581 mauu
1268 2505 1393 2583 clausa
1421 2507 1624 2582 secundum

454 2626 565 2703 illud:
595 2631 673 2699 Una
697 2627 890 2699 sooodotis
914 2644 1040 2697 manns
1062 2627 1197 2718 ampo,
1214 2628 1328 2698 almo
1344 2628 1480 2720 condit;
1511 2630 1627 2700 Tertio

452 2768 531 2823 oum
552 2748 674 2840 {tuerit
698 2752 778 2819 tono
806 2747 897 2820 dare
919 2751 1106 2837 promptus
1134 2748 1314 2819 eru-u
1340 2750 1460 2839 questi,
1490 2747 1626 2822 seilicet

452 2866 604 2962 prodigi,
630 2871 826 2960 resurgent
858 2866 913 2938 ooi
940 2867 1019 2937 orio
1047 2867 1176 2956 morri,
1205 2864 1298 2940 idest
1330 2866 1466 2961 capillis
1501 2867 1624 2960 tonsis,

454 2986 541 3081 quia
571 2984 695 3060 omniu
719 2983 943 3078 abiecerunt,
970 2990 1008 3058 et
1035 2984 1147 3059 debes
1175 2983 1310 3059 addere
1341 3007 1429 3060 cum
1465 2994 1623 3081 utroque

452 3124 578 3201 pugno
601 3108 741 3200 aperto.
765 3102 940 3179 Liberalis
963 3110 1090 3197 autem
1123 3109 1222 3177 tenet
1236 3093 1274 3195 (³)
1307 3125 1424 3178 unum
1455 3126 1620 3202 pugnum

452 3227 636 3321 apertum,
647 3222 808 3299 alterum
820 3223 1000 3298 clausum.
1014 3221 1058 3295 lit
1074 3228 1161 3296 uota
1176 3210 1213 3312 (⁸)
1230 3221 1328 3316 quod
1340 3221 1512 3317 predicta
1526 3223 1621 3298 lictio

451 3344 586 3441 figurat
617 3342 717 3438 quod
742 3342 779 3417 iu
808 3341 868 3418 die
897 3341 1019 3416 iudicii
1047 3361 1182 3417 avarus
1210 3340 1444 3416 damnabitur
1473 3349 1621 3438 propter

450 3465 558 3539 nimis
583 3463 755 3558 retinere,
771 3462 946 3558 prodigus
973 3482 1063 3537 vero
1088 3468 1237 3557 propter
1262 3461 1369 3535 nimis
1392 3461 1497 3557 dare3
1524 3463 1621 3539 uude

447 3584 593 3661 subdit:
624 3586 700 3658 mol
727 3585 817 3658 dare
841 3602 861 3655 e
885 3584 960 3655 mat
983 3589 1097 3657 unere
1125 3584 1172 3655 bd
1197 3585 1278 3656 todo
1303 3586 1396 3674 loro,
1421 3581 1513 3656 idest
1537 3583 1622 3657 abs-

447 3706 530 3781 tulit
545 3696 582 3798 (⁵)
608 3707 644 3778 lo
668 3705 799 3777 mondo
817 3705 959 3796 potero,
985 3701 1077 3777 idest
1101 3701 1336 3796 Paradisum;
1364 3701 1423 3777 vel
1447 3709 1619 3778 construe

449 3830 486 3901 et
508 3843 656 3920 erpone
679 3822 825 3897 literam
850 3821 925 3896 sic:
951 3824 1026 3894 mul
1043 3823 1133 3896 dare
1157 3843 1176 3895 e
1200 3825 1275 3897 mol
1293 3830 1407 3898 unqe
1431 3826 1466 3895 lo
1490 3824 1619 3895 mondo

442 3947 580 4038 patro,
611 3942 704 4018 idest
732 3939 913 4015 mundum
943 3939 1021 4015 sive
1050 3940 1249 4036 mundana,
1278 3962 1363 4035 quoe
1390 3941 1437 4017 de
1465 3962 1506 4017 se
1534 3948 1619 4017 suut

448 4064 576 4158 pulcra
606 4069 644 4138 et
674 4061 772 4137 bona
803 4060 834 4134 si
868 4060 1035 4135 homines
1068 4081 1142 4137 non
1171 4062 1413 4138 abuterentur
1445 4063 1541 4159 ipsis,
1573 4065 1620 4136 ba

450 4183 532 4255 tollo
567 4183 661 4271 loro,
691 4179 784 4255 idest
813 4179 951 4274 accepit
988 4199 1064 4274 eos,
1089 4179 1140 4253 *e
1167 4184 1262 4274 posti
1296 4202 1322 4254 a
1358 4190 1478 4273 questa
1506 4187 1618 4275 ruffa,

448 4299 541 4375 idest
569 4299 763 4375 destinavit
792 4298 888 4375 eos*
916 4288 954 4390 (⁰)
978 4298 1025 4373 ad
1056 4298 1164 4374 istam
1194 4320 1356 4396 pugnam
1390 4309 1428 4375 et
1458 4322 1617 4396 posnam,

448 4424 485 4493 et
510 4418 615 4494 ideo:
644 4438 717 4492 non
740 4413 804 4492 e'e*
821 4421 962 4510 probro,
992 4417 1082 4493 idest
1107 4439 1181 4494 nou
1206 4426 1261 4493 est
1284 4418 1506 4516 delectabile,
1525 4442 1619 4514 par-

508 4688 536 4752 (¹)
552 4689 583 4739 ll.
599 4692 718 4740 currunt.
1036 4685 1064 4748 (¹)
1080 4686 1111 4736 ll.
1127 4698 1155 4735 se
1171 4685 1324 4749 percutiant.

507 4763 577 4827 0⁸·
592 4769 664 4817 tend
679 4777 763 4815 uuum
779 4762 907 4824 clausum,
924 4760 1036 4815 altorum
1052 4766 1181 4826 apertum.
1284 4785 1287 4789 ·

508 4840 536 4901 (¹)
551 4840 582 4892 B.
600 4840 635 4892 llt
649 4840 801 4892 notandum.
1034 4839 1062 4901 (¹)
1079 4843 1125 4892 lit
1140 4853 1155 4892 e
1172 4839 1203 4890 B.
1219 4838 1326 4891 abstulit
1339 4841 1385 4893 olo.

509 4915 537 4980 ι’)
551 4916 589 4968 ιο
603 4916 695 4983 parole
709 4915 750 4967 tra
766 4916 776 4967 l
791 4915 842 4967 duo
858 4916 992 4968 merbobi
1007 4928 1073 4969 rouo
1088 4919 1153 4968 utute
1168 4914 1279 4983 ruppllte
1296 4915 1365 4983 daqll
1380 4915 1442 4969 altri
1457 4921 1498 4969 trs
1513 4915 1607 4968 codici.

579 5022 598 5067 Ι.
1453 5023 1479 5066 lt
