4154 6546
558 780 606 850 26
955 792 1158 847 counuruu
1183 793 1336 847 rursum

555 939 765 1014 Aristoteles
790 938 902 1013 refert
926 937 1128 1012 Homerum
1148 936 1281 1012 dixisse
1306 936 1405 1030 quod
1429 937 1484 1011 ira
1508 944 1564 1012 est
1588 937 1731 1013 dulcior

555 1059 664 1133 melle
701 1056 903 1150 distillante,
937 1057 1113 1150 quoniam
1142 1055 1323 1151 appetitus
1354 1055 1521 1130 vindictae
1554 1063 1620 1130 est.
1654 1057 1732 1133 Hoc

555 1182 681 1252 autem
702 1175 826 1250 scribit
844 1175 1027 1249 Homerus
1045 1176 1138 1250 libro
1162 1194 1240 1249 suae
1262 1174 1401 1249 Iliados.
1419 1175 1579 1250 Arantia
1602 1183 1729 1253 autem

556 1299 702 1375 videtur
727 1298 833 1372 valde
858 1297 1096 1372 delectabilis:
1114 1295 1202 1390 quid
1218 1296 1317 1371 enim
1334 1296 1477 1371 dulcius
1496 1298 1612 1391 lucro,
1630 1297 1730 1391 quo'd

558 1441 631 1495 non
660 1418 836 1513 permittit
860 1416 1087 1491 laborantem
1108 1415 1222 1491 fatisci
1240 1409 1302 1508 (¹)t
1321 1416 1465 1491 Accidia
1490 1423 1546 1492 est
1568 1417 1731 1492 delecta·

557 1539 647 1632 bilis‚
672 1538 760 1632 quia
784 1537 996 1612 delectabile
1021 1543 1077 1612 est
1100 1536 1292 1630 quiescere
1321 1543 1359 1612 et
1383 1557 1455 1611 non
1481 1537 1661 1630 laborare,
1688 1543 1731 1610 ut

557 1657 642 1732 dicit
652 1657 890 1749 Philosophus
903 1655 1075 1750 praedicto
1088 1654 1180 1729 libro
1193 1656 1474 1731 Rhetoricorum
1488 1647 1537 1747 (¹).
1552 1655 1605 1730 De
1618 1657 1732 1730 luxu-

558 1776 612 1850 ria
625 1781 662 1850 et
674 1775 772 1871 gula,
783 1775 940 1868 qualiter
952 1781 991 1850 et
1004 1794 1121 1867 qnare
1133 1774 1204 1848 sint
1220 1775 1551 1868 delectabilissimae‚
1565 1775 1740 1871 assigna-
1828 1840 1832 1847 .

557 1895 656 1968 bitur
669 1885 707 1985 (³)
732 1894 825 1967 ratio
850 1893 1025 1967 naturalis
1050 1893 1155 1987 inira,
1178 1893 1336 1987 capitulo
1349 1893 1404 1966 Vl.
1424 1893 1730 1988 Respondendum

555 2012 716 2087 breviter
748 2012 846 2105 quod
876 2012 935 2086 via
960 2011 1140 2086 viciorum
1171 2033 1193 2085 a
1222 2011 1397 2106 principio
1429 2011 1572 2086 ridetur
1604 2013 1732 2107 dulcis,

554 2131 619 2207 sed
644 2131 724 2204 linis
749 2131 829 2226 ejus
846 2119 1056 2223 amarus(‘).
1074 2130 1307 2205 Contrarium
1326 2137 1381 2204 est
1396 2131 1443 2205 de
1462 2131 1521 2205 via
1538 2132 1730 2225 virtutum,

527 2258 596 2349 rut
621 2251 731 2344 paulo
755 2256 836 2345 post
861 2249 1013 2324 dicetur.
1038 2250 1083 2322 Et
1107 2249 1214 2323 dicit:
1243 2251 1311 2322 Glle
1333 2252 1392 2322 nel
1408 2253 1550 2343 perulo
1576 2254 1742 2324 munuca·

554 2372 591 2441 la
610 2391 751 2463 patrm
778 2371 889 2444 homo
914 2371 1011 2444 enim
1026 2360 1064 2462 (⁵)
1081 2368 1275 2463 implicitus
1299 2369 1455 2462 pereatis
1480 2370 1590 2444 babet
1615 2371 1732 2445 multa

554 2489 697 2583 timere,
722 2489 816 2562 sicut
836 2489 1016 2583 judicium
1042 2488 1119 2582 Ilei,
1144 2488 1323 2583 justitiam
1354 2488 1494 2582 mundi,
1521 2509 1730 2563 remorsum

554 2607 794 2701 conscientie,
825 2608 1011 2681 infamiam
1046 2608 1249 2700 bominum,
1285 2609 1527 2683 mutationem
1561 2610 1730 2704 fortunae,

555 2728 666 2800 etita
692 2726 738 2801 de
763 2727 897 2799 multis.
924 2727 1008 2801 ldeo
1034 2727 1128 2801 bene
1148 2727 1233 2802 dicit
1252 2727 1362 2821 quod,
1381 2729 1529 2821 quando
1554 2730 1733 2825 recogitat

556 2846 663 2920 istam
689 2845 798 2937 viam,
825 2853 1026 2920 renovatur
1051 2845 1161 2920 timor
1185 2846 1223 2919 in
1248 2865 1304 2920 eo.
1331 2845 1465 2921 Ordina
1489 2848 1541 2922 sic
1565 2848 1710 2921 literam
1724 2870 1743 2920 ε·

555 2966 770 3057 Aliquanto
789 2957 811 3037 e*
832 2985 915 3037 cosa
940 2967 1034 3038 dura
1058 2986 1083 3037 a
1106 2967 1195 3056 dire,
1221 2964 1312 3038 idest
1328 2965 1546 3060 describere,
1567 2969 1653 3059 qual
1668 2980 1743 3039 eru*

555 3094 675 3178 questa
694 3088 790 3158 seluo
807 3088 985 3176 satouqqiu
1001 3108 1021 3158 e
1036 3107 1147 3179 aspra
1163 3109 1182 3159 e
1195 3088 1300 3179 sorte,
1318 3088 1379 3159 clte
1393 3091 1545 3160 monooa
1561 3090 1598 3160 lu
1609 3108 1732 3179 paura

555 3198 622 3278 net
630 3208 802 3297 moriere.
830 3203 906 3279 Hoc
932 3212 1099 3280 notanter
1125 3204 1219 3298 dicit,
1240 3205 1327 3298 quia
1353 3206 1532 3280 memoria
1551 3205 1730 3280 viciorum

555 3330 611 3398 est
635 3343 763 3397 amara
790 3323 972 3397 recedenti
998 3344 1021 3397 a
1046 3324 1150 3398 vitiis.
1187 3328 1286 3397 Taut’
1298 3317 1320 3396 d
1348 3345 1487 3397 umaro.
1525 3324 1592 3400 llio
1620 3331 1732 3398 autor

556 3443 712 3537 explicat
736 3442 1017 3516 amaritudinem
1053 3443 1164 3537 hujus
1189 3443 1288 3517 silvae
1322 3464 1388 3538 per
1420 3444 1731 3537 comparationem

556 3561 604 3635 ad
628 3569 799 3655 mortem,
817 3561 956 3636 dicens:
983 3567 1020 3635 et
1046 3561 1113 3634 ista
1138 3563 1241 3657 sylva
1257 3556 1279 3635 e*
1291 3570 1388 3635 tanto
1405 3583 1534 3635 amora
1558 3564 1619 3634 clte
1637 3583 1731 3654 poco

556 3674 658 3773 epit
683 3689 803 3754 morte.
834 3680 904 3754 Sed
930 3687 1056 3754 contra
1085 3679 1143 3754 via
1160 3680 1353 3761 ‚viciorum
1380 3688 1436 3754 est
1460 3701 1560 3754 mors
1585 3681 1730 3774 animm,

557 3805 595 3875 et
610 3820 713 3874 mors
728 3800 861 3874 animae
878 3806 933 3872 est
950 3799 1111 3872 amarior
1128 3789 1165 3890 (⁶)
1185 3820 1297 3892 quam
1315 3818 1417 3872 mors
1433 3799 1614 3893 corporis:
1640 3819 1742 3897 ergo.

556 3919 741 3994 debuisset
755 3908 793 4009 (⁷)
819 3918 940 4013 potius
965 3918 1097 3992 dixisse
1122 3920 1173 3991 clt'
1186 3922 1285 3991 assai
1307 3911 1329 3991 e*
1350 3939 1428 3991 men
1452 3926 1572 3991 morte.
1600 3918 1731 3993 Dicen-

557 4038 646 4112 dum
680 4038 841 4112 breviter
873 4038 971 4132 quod
1001 4038 1077 4112 ista·
1099 4058 1200 4112 mors
1231 4038 1363 4113 animm
1393 4058 1460 4132 pro
1487 4044 1587 4112 tanto
1612 4046 1731 4132 potest

556 4158 625 4232 dici
638 4158 760 4231 minus
776 4149 966 4252 amara(⁸),
980 4159 1067 4252 quia
1088 4164 1248 4233 amorte
1273 4157 1452 4232 viciorum
1478 4164 1596 4252 potest
1619 4160 1733 4234 bomo

558 4276 678 4351 redire
702 4277 749 4351 ad
775 4279 872 4352 viam
904 4278 1083 4352 virtutum
1117 4277 1293 4372 quamdiu
1324 4277 1413 4352 vivit
1445 4277 1520 4352 vita
1550 4280 1731 4374 corporali

620 4516 649 4576 (¹)
666 4516 696 4567 E.
713 4515 855 4566 sactiscore.
1204 4515 1234 4579 (¹)
1251 4517 1282 4568 E.
1298 4516 1462 4568 Etblcorum.

622 4593 649 4652 (’)
666 4593 696 4641 E.
713 4593 856 4656 assignatur
873 4595 938 4645 ratio
954 4594 1079 4645 naturalis
1095 4595 1121 4642 ln
1136 4593 1218 4644 Crnlu
1234 4599 1315 4645 sexto.

618 4667 647 4725 l⁸l
664 4667 694 4716 E.
711 4668 893 4717 amarissimus
909 4668 1075 4719 (contrarium
1091 4672 1176 4718 totum
1191 4674 1239 4719 est.

618 4744 647 4803 (⁶)
666 4743 696 4791 E.
713 4744 792 4801 enlm,
810 4742 987 4806 multipliciter
1003 4756 1112 4806 peccans
1127 4743 1211 4794 babet.

618 4817 648 4879 (⁸)
666 4818 695 4867 E.
711 4823 749 4867 est
766 4818 850 4868 maior
863 4832 941 4881 quam
958 4820 1082 4881 corporis

619 4893 648 4953 (ἵ)
665 4893 690 4943 S.
708 4892 836 4944 debuisset
851 4893 945 4944 dicere.
1204 4895 1233 4957 (¹)
1250 4895 1280 4946 E.
1297 4910 1392 4959 amara,
1409 4897 1469 4961 qula
1484 4898 1579 4948 timore
1596 4895 1730 4947 villorum.
