4154 6546
860 817 998 874 murus
1022 815 1192 873 ocrxvus.
1247 774 1249 779 ’
1544 805 1612 872 281

446 968 523 1037 mat
548 960 670 1038 navim
696 960 844 1058 superbi
858 955 896 1055 (¹)
913 961 977 1056 qui
995 968 1051 1037 est
1071 961 1107 1036 in
1124 981 1165 1036 se
1181 980 1327 1056 semper
1348 961 1504 1058 mobilis,
1524 962 1617 1037 sieut

446 1101 544 1175 saepe
567 1080 776 1158 Aristoteles
801 1081 898 1158 eirca
914 1079 1165 1158 Alexandrum
1183 1101 1295 1175 quem
1314 1083 1501 1157 retraxita
1519 1085 1618 1157 mul·

447 1199 491 1271 tis
515 1198 704 1273 erroribus
728 1205 768 1274 et
789 1199 978 1274 furoribus
994 1197 1144 1275 oonsilio
1163 1218 1245 1293 suo,
1265 1198 1370 1276 etita
1389 1199 1527 1276 Seneca
1544 1202 1618 1276 Ne·

449 1338 598 1413 ronem;
618 1325 656 1393 et
667 1318 789 1394 subdit
808 1318 1078 1416 navigationem
1096 1319 1259 1415 ipsorum
1275 1310 1313 1412 (¹)
1331 1315 1477 1395 diceus:
1503 1324 1540 1392 ι’
1553 1342 1619 1394 on·

446 1442 514 1511 tien
534 1458 666 1530 prora,
691 1437 781 1512 idest
806 1437 928 1533 navis3
946 1444 1002 1514 est
1026 1438 1124 1515 enim
1150 1458 1260 1534 prora
1277 1439 1377 1535 prior
1394 1460 1480 1535 pars
1497 1440 1616 1532 navis3

447 1565 483 1630 et
500 1555 585 1631 dicit
603 1563 774 1632 notanter
797 1556 961 1651 antiqua,
986 1557 1073 1651 quia
1098 1557 1198 1634 nulla
1224 1557 1327 1633 navis
1353 1563 1408 1634 est
1431 1549 1619 1652 antiquior

449 1677 535 1770 ista3
554 1696 640 1750 nam
664 1676 836 1770 superbia
859 1682 1036 1773 generata
1062 1676 1178 1754 estin
1203 1676 1297 1754 noeln
1314 1684 1351 1752 et
1364 1666 1401 1769 (³)
1429 1677 1512 1752 lecit
1536 1679 1619 1771 pul·

448 1794 650 1869 cerrimum
683 1795 858 1892 angelum
890 1795 994 1871 deiiei
1016 1784 1051 1889 (⁸)
1082 1796 1129 1872 de
1162 1794 1269 1890 noelo,
1298 1795 1428 1872 deinde
1457 1795 1617 1892 primum

452 1915 638 1991 bominem
663 1915 794 2010 expelli
818 1915 865 1990 de
889 1915 1057 2010 paradiso
1072 1915 1300 2010 deliciarum,
1315 1937 1377 1991 sen
1392 1937 1439 1990 oo
1454 1918 1619 2003 secondo,

449 2035 540 2108 idest
564 2035 769 2132 navigando
782 2026 819 2127 (Β)
846 2040 884 2110 et
908 2032 1114 2131 scindendo,
1133 2032 1198 2130 piel
1229 2039 1272 2110 de
1300 2037 1324 2110 ἴ
1336 2055 1444 2129 aquo,
1476 2041 1515 2111 et
1544 2055 1619 2109 nou

449 2154 626 2252 intelligas
647 2154 746 2249 quod
766 2154 861 2230 irent
881 2155 1052 2249 velocius,
1070 2155 1145 2230 imo
1161 2156 1306 2251 lentius,
1323 2153 1387 2231 sed
1403 2155 1482 2231 vult
1497 2154 1619 2229 dicere

450 2272 549 2366 quod
568 2273 672 2348 navis
688 2272 807 2369 magis
826 2272 1116 2366 profundabatur
1135 2273 1206 2348 sub
1218 2263 1255 2368 (ὅ)
1273 2292 1424 2368 aquam,
1446 2272 1544 2348 unde
1564 2272 1619 2346 di-

450 2391 520 2465 cit:
546 2395 606 2466 obe
628 2413 700 2465 non
723 2394 780 2464 sol
801 2412 867 2464 con
892 2393 1013 2483 moui,
1037 2391 1173 2468 scilicet
1188 2392 1335 2487 quando
1352 2391 1521 2489 portabat
1538 2390 1620 2465 ani·

452 2531 531 2585 mas
557 2511 790 2605 incorporeas
815 2509 1035 2606 inanissimas,
1061 2518 1100 2587 et
1122 2511 1230 2588 dicit:
1249 2519 1336 2586 tosto
1352 2514 1412 2585 oba
1428 2515 1454 2587 ’l
1470 2514 1566 2596 duco
1587 2517 1620 2582 et

450 2633 486 2702 io
511 2634 569 2704 nel
590 2633 691 2722 lepno
713 2632 779 2724 sni,
804 2629 896 2705 idest
920 2652 1034 2726 quam
1058 2632 1130 2709 nito
1146 2653 1217 2731 ego
1236 2639 1274 2709 et
1293 2629 1464 2730 Virgilius
1481 2632 1619 2707 luimus

450 2750 486 2822 in
511 2750 635 2843 barna,
660 2756 698 2824 nt
721 2770 789 2845 per
813 2751 884 2826 boo
912 2751 1030 2827 innuit
1058 2753 1156 2848 quod
1186 2753 1325 2829 nullam
1361 2773 1505 2831 moram
1536 2751 1620 2826 iecit

309 2948 315 2957 ,
450 2868 616 2964 Pblegins
629 2868 688 2963 ibi,
707 2870 783 2945 imo
796 2872 917 2946 statim
931 2873 1041 2968 ooepit
1053 2874 1241 2972 navigare,
1258 2881 1301 2948 ut
1313 2873 1385 2949 cito
1402 2872 1570 2970 expedite
1582 2860 1618 2962 (⁷)

450 2995 670 3063 exoneraret
694 3008 736 3064 se
759 2989 834 3067 istis
860 2992 923 3085 qui
956 3011 1028 3066 non
1057 2997 1165 3068 erant
1192 2992 1258 3066 sibi
1288 2992 1394 3088 grati,
1427 2991 1514 3085 quia
1545 3008 1618 3062 nnn

451 3111 557 3180 erant
581 3106 707 3182 luituri
732 3128 861 3203 poenas
886 3109 944 3184 ibi.

524 3230 659 3300 Mentre
681 3231 751 3302 noi.
777 3228 848 3304 Iste
873 3239 928 3306 est
960 3228 1120 3304 secunda
1149 3250 1235 3325 pars
1265 3228 1446 3326 generalis
1478 3227 1515 3299 in
1547 3243 1621 3318 qua

457 3351 566 3419 autor
578 3353 710 3423 tractat
724 3339 760 3440 (⁸)
775 3348 822 3425 de
835 3369 910 3424 uno
926 3349 1054 3445 spiritu
1067 3349 1245 3426 moderno
1257 3346 1567 3445 arrogantissimo,
1584 3344 1620 3419 in

453 3485 528 3559 quo
550 3466 650 3541 clare
664 3467 823 3546 ostendit
846 3488 931 3564 qum
956 3476 1002 3545 et
1017 3469 1135 3565 qualis
1159 3469 1203 3544 sit
1228 3487 1338 3566 poeua
1362 3465 1620 3564 superborum.

452 3582 504 3657 dd
530 3585 629 3677 quod
655 3586 856 3662 notandum
873 3585 972 3682 quod
988 3598 1098 3666 autor
1114 3584 1177 3664 dat
1192 3586 1364 3664 meritam
1380 3605 1529 3684 poeuam
1547 3584 1622 3659 istis

451 3704 633 3800 superbis3
650 3704 754 3803 flngit
777 3706 872 3804 ipsos
897 3705 992 3783 trabi
1017 3713 1056 3783 et
1080 3707 1216 3803 rapturi
1232 3696 1270 3799 (⁰)
1291 3706 1387 3782 inter
1404 3726 1444 3781 se
1463 3705 1620 3779 invicem

453 3842 519 3916 per
543 3823 661 3899 lutum
688 3835 727 3903 et
750 3823 920 3901 loetorem
947 3826 1050 3902 istius
1074 3827 1189 3922 vallis,
1210 3846 1276 3924 per
1292 3824 1392 3922 quod
1416 3813 1621 3922 liguratl⁴⁰l

456 3942 555 4035 quod
579 3942 728 4038 superbi
753 3964 899 4041 semper
924 3945 1092 4023 rixantur
1116 3945 1212 4023 inter
1236 3965 1288 4040 se,
1314 3951 1353 4022 et
1383 3964 1480 4018 unus
1503 3941 1624 4017 deiinit

456 4063 570 4137 alium
595 4073 633 4140 et
656 4064 750 4142 alter
779 4064 864 4141 iacit
893 4064 1039 4141 ruinam
1064 4064 1228 4162 alterius,
1258 4072 1297 4142 et
1325 4062 1376 4141 sic
1402 4062 1477 4141 elta
1504 4059 1622 4160 gloria

455 4181 602 4275 superbi
626 4182 723 4258 cadit
747 4183 785 4258 iu
809 4184 943 4281 lutum,
961 4185 1048 4278 quia
1073 4176 1298 4278 efficimrd')
1325 4181 1524 4258 ludibrium
1548 4178 1623 4255 lor·

515 4471 542 4533 l')
559 4470 591 4521 ll.
607 4469 733 4535 ”verbio
749 4484 817 4536 qua.
1196 4471 1224 4532 (¹)
1240 4470 1409 4524 &eorumne
1419 4471 1507 4532 portu,
1516 4465 1611 4516 dicens.

515 4545 753 4611 onmes.
1194 4541 1483 4610 (emendante

515 4622 1098 4689 (·l8.mrlgndoerrtnxqumeledenou.
1198 4619 1501 4688 dissensumque

515 4698 933 4766 mboltoelexpedlla-B.
952 4701 1013 4762 rito,
1034 4700 1204 4767 expedltoqno
1223 4693 1623 4752 mmmnmloelrtinlbinon

358 4826 363 4843 ,
455 4775 535 4838 gratis
549 4774 609 4839 qulr
624 4774 711 4827 nullm
726 4789 814 4842 ρων
829 4777 933 4829 lnltnrlr
948 4776 1053 4830 lbldem.

515 4848 541 4912 l'l
558 4853 613 4911 rm,
630 4855 724 4903 incur
739 4852 766 4904 ln
781 4852 903 4916 generos
997 4852 1027 4916 l’l
1042 4852 1073 4904 n.
1089 4853 1195 4917 uptun
1290 4849 1329 4916 θ’)
1343 4848 1377 4901 Ε-
1392 4846 1529 4914 flemm-

503 4922 542 4987 (¹¹)
558 4928 612 4987 llo,
627 4924 740 4978 eblomr
754 4926 894 4980 numium
909 4926 1030 4989 senuna,
1047 4926 1189 4981 udonem
1204 4925 1301 4992 populi.
