3990 6540
820 810 958 866 murus
984 808 1167 864 seramus.
1506 798 1576 864 269

408 968 505 1049 torro,
531 957 666 1031 scilicet
691 958 728 1030 in
752 957 876 1053 Styge,
900 958 1029 1048 ipttode
1052 961 1145 1046 tatu,
1176 953 1267 1029 idest
1297 953 1423 1048 nudoe3
1451 973 1580 1028 omnes

407 1078 540 1152 animae
564 1077 736 1152 dicuntur
766 1076 874 1152 nndae
906 1077 992 1170 quia
1027 1074 1188 1170 spoliatae
1218 1082 1320 1150 veste
1351 1075 1482 1169 carnis
1514 1096 1580 1147 con

406 1197 591 1270 remmono
615 1203 737 1290 offero,
762 1196 854 1272 idest
872 1195 1084 1292 apparentia
1100 1195 1250 1288 offensa,
1268 1202 1305 1269 et
1321 1195 1443 1270 statim
1461 1195 1581 1269 mani-

407 1317 512 1391 lestat
528 1316 778 1410 offensionem,
792 1316 933 1390 dicens:
946 1317 1176 1408 percoteansi
1191 1313 1244 1388 dd
1262 1314 1361 1408 quod
1378 1315 1579 1390 notandum

407 1435 505 1529 quod
529 1442 639 1510 autor
663 1436 725 1510 dat
749 1435 1034 1530 propriissimum
1049 1428 1087 1526 (¹)
1112 1455 1258 1529 poenam
1286 1435 1360 1508 istis
1385 1433 1577 1509 iracundis.

409 1555 526 1650 Fingit
550 1555 648 1630 enim
675 1556 774 1650 quod
799 1556 893 1630 inter
918 1576 958 1629 se
983 1555 1120 1630 furiose
1145 1556 1300 1630 saeviunt
1320 1539 1522 1630 lacerantes
1538 1575 1579 1628 se

408 1675 562 1750 invicem
589 1674 822 1750 membratim
849 1682 887 1749 et
911 1675 1112 1749 frustratim
1139 1675 1359 1750 mutilantes.
1386 1675 1463 1749 lloc
1480 1675 1578 1749 enim

409 1794 542 1891 tigurat
559 1794 659 1888 quod
673 1785 709 1885 (²)
727 1793 890 1868 iracundi
908 1794 945 1867 in
963 1794 1031 1868 isto
1048 1794 1187 1868 mundo
1204 1795 1340 1868 babent
1356 1795 1461 1870 istam
1479 1801 1579 1867 atro·

407 1934 487 1989 cem
506 1935 664 2009 poenam,
683 1913 769 2007 quia
785 1914 875 1987 alios
891 1914 1089 1988 crudeliter
1106 1914 1269 1989 lacerant
1285 1922 1323 1989 et
1345 1914 1577 2008 obtruncant,

407 2034 500 2108 sicut
524 2033 640 2128 patuit
655 2033 693 2106 in
710 2033 823 2107 Mario
843 2032 902 2107 vel
915 2023 953 2125 (³)
970 2032 1054 2107 Silla
1072 2039 1126 2119 tot
1145 2034 1256 2108 millia
1273 2033 1463 2107 bominum
1490 2052 1579 2107 cru-

406 2152 534 2226 deliter
551 2152 808 2245 lacerantibus,
821 2160 859 2226 et
870 2172 967 2247 saepe
983 2159 1203 2227 convertunt
1219 2151 1455 2227 lurorem*in
1472 2171 1512 2226 se
1529 2151 1578 2224 si-

406 2279 469 2347 cut
485 2273 561 2367 ipse
579 2270 663 2345 Silla
683 2271 746 2365 qui
763 2272 799 2344 in
818 2272 930 2345 nimio
946 2272 1099 2347 lurore*
1110 2261 1146 2364 (⁴)
1167 2272 1364 2346 iracundiae
1381 2288 1470 2365 sum,
1487 2290 1578 2345 evo-

406 2391 500 2464 muit
524 2390 635 2464 simul
667 2390 898 2484 spiritumet
931 2390 1036 2482 iram,
1062 2398 1099 2466 et
1134 2391 1184 2467 ita
1217 2391 1263 2466 de
1297 2392 1420 2465 multis
1456 2390 1578 2464 dicere

406 2530 560 2604 possem,
575 2516 613 2584 et
628 2510 756 2583 ultimo
771 2510 896 2604 iratus,
910 2531 997 2584 cum
1014 2511 1144 2586 desinit
1161 2512 1266 2586 irasci
1278 2512 1396 2605 alteri,
1410 2511 1577 2585 irascitur

406 2629 488 2723 sibi,
498 2629 592 2703 sicut
609 2635 710 2703 recte
725 2628 931 2704 Alexander
947 2630 1095 2704 Macedo
1112 2631 1175 2724 qui
1193 2631 1308 2704 voluit
1325 2651 1364 2704 se
1381 2630 1501 2725 ipsum
1515 2649 1578 2703 oc·

406 2746 528 2822 cidere
552 2768 638 2821 cum
663 2747 851 2823 occidisset
868 2748 905 2822 in
922 2749 1048 2824 lurore
1067 2750 1201 2824 Clitum
1218 2749 1434 2825 familiarem
1453 2768 1575 2840 suum,

407 2874 448 2940 nt
472 2866 556 2939 alibi
581 2866 699 2940 dicam
726 2868 878 2961 plenius.
904 2869 996 2944 Dicit
1020 2890 1110 2967 ergo
1143 2872 1261 2946 bene:
1292 2873 1412 2964 questi,
1443 2868 1578 2943 scilicet

406 2985 582 3080 iracundi,
603 2990 836 3079 percoteansi,
862 2989 953 3063 idest
977 2989 1156 3064 feriebant
1172 3010 1212 3065 se
1229 2990 1397 3092 invicem,
1417 3010 1489 3062 non
1504 3009 1578 3081 pur

406 3125 472 3178 con
497 3126 616 3194 mano,
642 3105 736 3179 sicut
760 3107 877 3181 solent
894 3109 1015 3183 lacere
1032 3110 1237 3203 praeliantes
1254 3111 1349 3184 inter
1363 3108 1416 3203 se,
1435 3129 1495 3181 mo
1509 3129 1577 3181 con

407 3227 443 3297 lo
459 3231 557 3314 testu,
574 3227 630 3296 col
649 3232 743 3316 pello
767 3247 785 3298 e
809 3230 864 3299 coi
883 3231 978 3320 pedi,
1004 3229 1110 3322 quia:
1134 3233 1242 3323 soror
1257 3250 1363 3302 orma
1380 3230 1577 3300 minuant:

406 3344 690 3416 -troacundoci
714 3347 769 3416 cot
792 3348 884 3419 denti
907 3368 932 3419 o
957 3347 1111 3420 banco
1133 3349 1247 3421 trum
1260 3339 1311 3440 (⁵),
1330 3336 1586 3437 membratim]

406 3463 493 3557 quia
517 3483 614 3558 saepe
632 3463 724 3557 irati,
743 3463 993 3541 deficientibus
1012 3468 1136 3562 armis,
1155 3488 1195 3542 se
1216 3469 1380 3542 serarum
1399 3485 1503 3540 more
1519 3464 1579 3539 di·

409 3585 580 3676 lacerant,
608 3589 749 3655 tanturn
777 3590 895 3678 potest
919 3585 973 3660 ira
1000 3607 1084 3681 quae
1108 3595 1164 3662 est
1187 3588 1367 3682 appctitus
1399 3584 1576 3675 vindictae,

406 3702 499 3776 sicut
523 3701 665 3775 dicetur
690 3702 782 3775 inira
808 3704 854 3778 de
879 3705 988 3780 Tideo
1013 3708 1172 3802 capitulo
1197 3709 1338 3781 xxxll.
1356 3708 1400 3780 Et
1417 3726 1487 3802 ego
1505 3704 1576 3779 vidi

406 3821 452 3896 de
464 3821 559 3896 lacto
578 3821 615 3894 in
631 3821 776 3895 duobus
792 3823 953 3898 scolariis
966 3827 1058 3900 meis
1070 3818 1118 3922 (⁶),
1137 3828 1199 3922 qui
1217 3848 1291 3901 non
1308 3825 1466 3901 contenti
1482 3824 1578 3899 ceci·

407 3941 512 4035 disse,
531 3961 570 4015 se
584 3929 621 4032 (⁷)
654 3943 784 4037 pugnis
809 3950 847 4018 et
871 3946 1057 4040 unguibus
1086 3947 1277 4040 lacerasse,
1299 3944 1594 4050 momorderunt1

407 4082 447 4137 se
471 4082 558 4136 cum
579 4061 757 4135 dentibus.
784 4063 828 4137 Et
853 4063 974 4138 subdit
992 4067 1090 4160 quod
1108 4066 1279 4163 Virgilius
1295 4086 1343 4140 ne
1360 4062 1575 4161 procederet

407 4182 565 4255 obscure
580 4181 617 4253 in
636 4188 792 4256 tractatu
810 4203 879 4257 suc
896 4186 1088 4279 explicavit
1106 4187 1168 4280 qui
1186 4191 1308 4259 essent
1324 4183 1470 4278 spiritus
1483 4201 1579 4276 prae·

406 4299 503 4393 dicti,
524 4300 620 4374 unde
645 4301 752 4375 dicit:
784 4306 833 4374 bo
864 4304 932 4375 bon
957 4312 1122 4396 monstro,
1151 4304 1287 4378 scilicet
1315 4300 1485 4398 Virgilius
1515 4301 1579 4394 qui

408 4420 502 4494 benc
526 4439 587 4493 me
604 4420 806 4495 instruebat
822 4421 867 4496 de
884 4424 1055 4497 omnibns
1071 4424 1295 4517 necessariis,
1313 4425 1427 4495 duce:
1443 4421 1578 4512 ofiplio

470 4699 497 4759 l¹l
513 4699 538 4749 S·
556 4701 696 4764 propriam.
807 4701 834 4766 (¹)
850 4705 876 4754 s.
893 4706 1004 4768 quodid
1021 4708 1069 4756 isto
1085 4704 1191 4754 mundo.
1302 4699 1328 4761 (¹)
1343 4698 1369 4748 S.
1385 4712 1401 4748 o
1417 4697 1447 4747 rt.
1464 4701 1491 4747 el
1506 4695 1578 4747 Sllla.

470 4773 496 4834 l'l
513 4775 549 4825 Le
566 4777 655 4839 parole
671 4778 711 4827 fra
727 4779 736 4828 l
752 4779 803 4828 due
819 4781 952 4830 aslerlsrbi
967 4796 1031 4831 sono
1047 4782 1087 4831 dol
1103 4780 1182 4830 Codd.
1200 4782 1245 4828 llo
1260 4777 1292 4826 ed
1310 4776 1426 4825 Estense.

469 4851 495 4910 (⁸)
512 4851 536 4901 S.
553 4866 569 4903 c
584 4853 615 4903 Ε.
632 4854 697 4905 idest
712 4857 886 4907 membratim.
1011 4858 1037 4918 (⁸)
1054 4862 1108 4919 llll,
1125 4858 1151 4908 S.
1167 4869 1183 4905 c
1200 4855 1237 4904 E.
1247 4852 1391 4903 scolaribus
1405 4850 1478 4901 melo.
1512 4854 1514 4859 '

470 4926 497 4988 (⁷)
513 4927 539 4978 S·
556 4942 634 4993 teque
651 4931 750 4995 pugnis.
765 4959 797 4974 -
816 4934 846 4985 E.
863 4934 895 4985 Se
912 4936 1054 5000 se'pugnis.
