4154 6546
866 745 1005 802 omnus
1030 745 1207 813 ounnrus.
1489 740 1493 746 ’
1554 739 1619 804 171

450 895 583 986 (iasar,
600 889 725 966 omnia
750 890 828 965 fnit
856 889 939 966 ldeo
965 890 1068 965 dicit:
1091 892 1192 979 Quini
1210 892 1280 964 vid
1292 893 1328 963 io
1345 895 1523 966 Socratae
1542 897 1625 968 Pta-

449 1022 540 1104 une,
555 1012 746 1085 cte’nanzi
761 1012 836 1100 opti
851 1012 936 1083 albi
947 1005 1012 1103 pit
1024 1031 1150 1103 prcsm
1167 1012 1344 1084 damano.
1354 1016 1623 1088 -nemoouo

447 1133 513 1211 llic
544 1137 654 1207 autor
687 1129 853 1204 nominat
880 1129 995 1204 alium
1028 1129 1283 1224 philosophum
1313 1151 1480 1227 grecum,
1512 1154 1636 1227 quem·

447 1251 621 1330 describit
652 1272 674 1325 a
705 1249 882 1345 singulari
910 1248 1080 1344 opinione
1112 1247 1213 1343 laisa,
1243 1271 1357 1343 quam
1387 1253 1625 1348 Philosophus

451 1375 642 1469 impugnat
673 1370 792 1465 primo
824 1369 1074 1464 Pbysicornm.
1108 1368 1162 1442 lld
1192 1369 1465 1466 intelligentiam
1497 1380 1623 1448 autem

451 1493 563 1568 buius
587 1490 765 1586 opinionis
790 1489 935 1585 plenam
962 1496 1017 1563 est
1042 1487 1256 1583 notandum,
1286 1492 1385 1583 quod
1414 1492 1625 1569 Aristoteles

450 1613 572 1709 primo
593 1603 629 1703 (¹)
663 1610 900 1706 Physioornm
931 1615 969 1682 et
997 1608 1116 1702 primo
1149 1608 1196 1683 de
1219 1608 1461 1686 Generatione
1489 1613 1624 1708 scribit,

453 1732 552 1828 qnod
582 1750 631 1806 en
664 1728 823 1822 antiquis
855 1728 1074 1824 pbilosophis
1104 1727 1254 1820 qnidam
1287 1740 1489 1824 posueruut
1518 1734 1625 1829 plura

454 1850 629 1949 principia
655 1869 783 1924 rernm
809 1847 1045 1942 naturalium,
1076 1847 1225 1941 qnidam
1255 1870 1372 1924 unum
1403 1859 1557 1927 tantum.
1584 1856 1628 1928 Et

453 1969 665 2068 ponentium
692 1989 811 2043 unum
835 1967 895 2042 alii
921 1975 1126 2062 posuerunt
1141 1985 1291 2063 aquam,
1312 1976 1354 2043 nt
1374 1971 1478 2047 Tales
1493 1963 1548 2066 (²):
1566 1975 1627 2048 alii

451 2092 588 2189 ignem
602 2096 643 2164 ut
655 2088 884 2164 Heraclitus:
902 2088 963 2163 alii
980 2107 1120 2182 aerem,
1135 2092 1177 2160 nt
1193 2089 1394 2186 Dyogenes.
1409 2094 1626 2169 Ponentinm

451 2218 578 2287 autem
603 2211 723 2304 plura,
748 2209 809 2282 alii
834 2207 1008 2283 dixerunt
1032 2207 1109 2302 ipsa
1134 2227 1214 2282 csse
1238 2208 1375 2285 infinita
1389 2201 1452 2307 (³);
1478 2214 1536 2288 alii
1562 2236 1628 2310 po-

453 2331 591 2408 nebant
614 2329 701 2423 dno,
727 2328 822 2404 sicut
838 2327 1073 2403 Parmenides
1090 2327 1213 2423 ignem
1231 2335 1269 2403 ct
1286 2334 1447 2405 terram:
1468 2333 1528 2407 alii
1546 2334 1627 2428 tria,

452 2450 589 2527 scilicet
613 2449 749 2546 Quem,
775 2467 902 2523 aerem
928 2453 965 2521 et
990 2467 1146 2541 aquam:
1164 2447 1226 2521 alii
1243 2456 1414 2543 quatuor,
1431 2451 1526 2527 sicut
1542 2454 1628 2526 Em-

451 2571 633 2669 pedocles,
660 2569 725 2665 qni
749 2568 909 2664 ponebat
933 2574 1095 2663 quatuor
1115 2569 1308 2663 elementa,
1325 2575 1363 2643 ot
1382 2569 1538 2647 addebat
1557 2573 1628 2647 alia

451 2692 538 2786 duo,
565 2690 702 2766 scilicet
726 2690 826 2764 litem
852 2694 891 2763 et
914 2686 1124 2761 amicitiam.
1143 2688 1283 2761 Eorum
1300 2708 1390 2763 vero
1407 2691 1470 2784 qui
1496 2711 1630 2787 posue-

456 2817 546 2886 umt
575 2809 726 2902 infinita,
757 2807 818 2882 alii
850 2807 995 2882 diversa
1027 2826 1175 2903 genere,
1209 2816 1251 2881 ut
1284 2809 1544 2906 Anaxagoram
1568 2811 1628 2886 alii

457 2930 587 3005 eadem
613 2946 763 3024 genere,
789 2933 831 3001 nt
854 2926 1085 3003 Democritus
1116 2935 1153 3001 et
1181 2928 1396 3024 Leucippus,
1426 2931 1490 3024 qui
1514 2951 1629 3025 pone-

456 3050 547 3127 bant
578 3067 736 3143 corpora
768 3046 929 3141 minima,
961 3065 1047 3141 quae
1072 3047 1241 3121 athomos
1266 3049 1454 3123 vocabant.
1481 3050 1630 3125 Dicebat
1713 3054 1717 3065 ’

459 3189 551 3267 ergo
574 3167 805 3244 Democritus
821 3187 902 3242 esse
919 3166 1055 3241 infinita
1073 3186 1228 3262 corpora
1255 3166 1479 3259 indivisibilia
1494 3158 1544 3264 (⁸),
1561 3170 1630 3244 dil-

457 3289 613 3367 lercntia
638 3287 776 3385 liguris,
802 3287 885 3381 situ,
911 3287 1063 3380 ordine3
1090 3294 1128 3362 et
1160 3288 1317 3382 ponebat
1344 3288 1524 3364 mnndum
1550 3310 1631 3367 esse

455 3410 594 3486 auum
620 3428 643 3482 a
667 3427 757 3482 casu
783 3427 830 3482 ex
855 3406 988 3481 talibus
1014 3406 1229 3502 corporibus
1253 3407 1424 3503 minimis,
1442 3411 1547 3503 quasi
1571 3431 1631 3486 se-

359 3512 362 3518 ’
456 3528 615 3605 minibus
640 3527 808 3602 omnium
832 3545 919 3620 qum
942 3528 1216 3624 generabantur
1231 3519 1282 3623 (⁵),
1308 3529 1357 3604 ita
1383 3531 1482 3624 quod
1506 3551 1552 3606 ex
1578 3533 1631 3607 eis

451 3649 571 3746 primo
591 3638 629 3741 (⁶)
659 3648 756 3723 tama
784 3652 871 3722 sunt
901 3653 1063 3741 quatuor
1092 3648 1291 3744 elementn3
1324 3656 1361 3725 et
1393 3650 1563 3746 spatium,
1593 3653 1630 3725 in

453 3790 529 3866 qno
554 3767 717 3844 mundus
743 3774 809 3860 est,
834 3767 978 3842 dicebat
1000 3787 1081 3842 esse
1097 3787 1259 3843 vacnum
1276 3778 1314 3844 et
1330 3769 1522 3865 infinitum,
1544 3772 1630 3864 qnia
1747 3760 1751 3767 ’

452 3889 751 3984 unumquodque
773 3887 1009 3983 componitur
1034 3908 1080 3963 en
1105 3889 1173 3983 bis,
1192 3889 1230 3963 in
1247 3910 1331 3983 qnae
1351 3891 1559 3966 resolvitur.
1577 3892 1630 3966 dd

455 4010 682 4107 propositum
717 4028 808 4105 ergo
833 4006 918 4082 dicit
942 4013 1075 4082 antor:
1106 4012 1305 4084 mutto
1329 4012 1389 4083 cte
1404 4013 1431 4084 't
1453 4013 1583 4086 mondo
1604 4029 1633 4084 o

456 4151 540 4206 coro
557 4151 660 4225 pone.
690 4128 808 4204 llnius
836 4127 1015 4223 opinionis
1044 4127 1112 4202 luit
1145 4129 1255 4204 etiam
1289 4130 1478 4224 llpicums
1506 4132 1549 4205 Et
1575 4132 1633 4205 bic

460 4254 548 4325 nota
558 4249 658 4344 qnod
673 4249 742 4324 iste
758 4247 990 4324 Democritus
1007 4247 1076 4322 lbit
1087 4269 1246 4346 magnus
1263 4251 1450 4346 naturalis,
1468 4258 1505 4327 et
1522 4253 1633 4325 bomo

464 4388 610 4466 magnus
638 4368 905 4465 speculationis,
936 4367 999 4462 qui
1030 4368 1096 4442 sibi
1126 4369 1255 4444 ocutos
1288 4370 1384 4445 eruit
1420 4378 1460 4444 nt
1494 4371 1634 4445 videret

1316 4535 1632 4544 ——————..

521 4640 550 4704 (¹)
566 4640 597 4691 ll.
613 4641 699 4705 primo
714 4641 878 4692 Btbicorum.
1098 4641 1123 4703 (¹)
1142 4643 1171 4692 E.
1190 4643 1285 4692 Thalos
1301 4642 1485 4706 pbilosopbns:
1503 4643 1554 4693 alii.

520 4715 547 4778 (¹)
564 4720 617 4776 1111,
634 4715 744 4776 infinita:
761 4718 804 4768 alti
820 4718 899 4768 Dnltn.
917 4718 951 4768 Et
967 4718 1119 4782 ponentium
1136 4719 1215 4777 nnita,
1233 4717 1275 4768 alil
1292 4718 1421 4781 ponebant
1437 4717 1498 4770 dno.

522 4792 549 4854 (⁸)
564 4790 591 4842 8.
607 4791 769 4843 indivisibilia
785 4798 812 4843 ct
827 4793 970 4844 divisibilia.
1096 4794 1122 4855 (⁸)
1141 4799 1195 4856 111,
1212 4800 1378 4860 mactantur.

522 4868 549 4930 (⁸)
565 4867 592 4919 S.
608 4869 693 4932 prtrno
709 4868 776 4920 lacta
794 4876 853 4922 sunt
870 4870 1007 4922 demente
1021 4898 1050 4909 -·
1063 4870 1094 4920 13.
1105 4869 1277 4934 possano·
1292 4875 1353 4923 sant
1369 4877 1482 4936 qnatmr
1498 4871 1631 4921 elementa.
