<?xml version="1.0" encoding="UTF-8"?>
<!DOCTYPE html PUBLIC "-//W3C//DTD XHTML 1.0 Transitional//EN"
    "http://www.w3.org/TR/xhtml1/DTD/xhtml1-transitional.dtd">
<html xmlns="http://www.w3.org/1999/xhtml" xml:lang="en" lang="en">
 <head>
  <title>
</title>
<meta http-equiv="Content-Type" content="text/html;charset=utf-8" />
  <meta name='ocr-system' content='tesseract 3.04.00' />
  <meta name='ocr-capabilities' content='ocr_page ocr_carea ocr_par ocr_line ocrx_word'/>
</head>
<body>
  <div class='ocr_page' id='page_1' title='image "./comentumsuperda00benvgoog_0563.png"; bbox 0 0 4154 6546; ppageno 0'>
   <div class='ocr_carea' id='block_1_1' title="bbox 451 762 1225 829">
    <p class='ocr_par' dir='ltr' id='par_1_1' title="bbox 451 762 1225 829">
     <span class='ocr_line' id='line_1_1' title="bbox 451 762 1225 829; baseline -0.005 -2"><span class='ocrx_word' id='word_1_1' title='bbox 451 762 522 828; x_wconf 77' lang='lat'>514</span> <span class='ocrx_word' id='word_1_2' title='bbox 843 771 1048 829; x_wconf 81' lang='lat' dir='ltr'>coumuruu</span> <span class='ocrx_word' id='word_1_3' title='bbox 1073 771 1225 824; x_wconf 74' lang='lat' dir='ltr'>rursum</span> 
     </span>
    </p>
   </div>
   <div class='ocr_carea' id='block_1_2' title="bbox 412 915 1666 4481">
    <p class='ocr_par' dir='ltr' id='par_1_2' title="bbox 412 915 1666 4481">
     <span class='ocr_line' id='line_1_2' title="bbox 447 915 1623 1013; baseline 0.001 -22"><span class='ocrx_word' id='word_1_4' title='bbox 447 917 643 992; x_wconf 88' lang='lat' dir='ltr'>Florentini</span> <span class='ocrx_word' id='word_1_5' title='bbox 676 916 885 1011; x_wconf 81' lang='lat' dir='ltr'>petiverunt</span> <span class='ocrx_word' id='word_1_6' title='bbox 919 918 1130 990; x_wconf 91' lang='lat' dir='ltr'>columnas:</span> <span class='ocrx_word' id='word_1_7' title='bbox 1158 921 1195 989; x_wconf 89' lang='lat' dir='ltr'>et</span> <span class='ocrx_word' id='word_1_8' title='bbox 1225 915 1355 1009; x_wconf 81' lang='lat' dir='ltr'>fertur,</span> <span class='ocrx_word' id='word_1_9' title='bbox 1381 916 1481 1009; x_wconf 84' lang='lat' dir='ltr'>quod</span> <span class='ocrx_word' id='word_1_10' title='bbox 1506 917 1623 1013; x_wconf 89' lang='lat' dir='ltr'>pisani</span> 
     </span>
     <span class='ocr_line' id='line_1_3' title="bbox 448 1020 1627 1129; baseline 0.003 -19"><span class='ocrx_word' id='word_1_11' title='bbox 448 1056 494 1110; x_wconf 84' lang='lat' dir='ltr'>ex</span> <span class='ocrx_word' id='word_1_12' title='bbox 520 1034 652 1110; x_wconf 90' lang='lat' dir='ltr'>invidia</span> <span class='ocrx_word' id='word_1_13' title='bbox 677 1035 919 1110; x_wconf 88' lang='lat' dir='ltr'>incenderunt</span> <span class='ocrx_word' id='word_1_14' title='bbox 940 1056 1021 1129; x_wconf 90' lang='lat' dir='ltr'>eas;</span> <span class='ocrx_word' id='word_1_15' title='bbox 1038 1033 1169 1109; x_wconf 91' lang='lat' dir='ltr'>deinde</span> <span class='ocrx_word' id='word_1_16' title='bbox 1186 1033 1264 1109; x_wconf 89' lang='lat' dir='ltr'>illas</span> <span class='ocrx_word' id='word_1_17' title='bbox 1285 1034 1450 1111; x_wconf 86' lang='lat' dir='ltr'>lassiatas</span> <span class='ocrx_word' id='word_1_18' title='bbox 1466 1020 1627 1113; x_wconf 83' lang='lat' dir='ltr'>scarleto</span> 
     </span>
     <span class='ocr_line' id='line_1_4' title="bbox 446 1154 1623 1251; baseline 0.006 -23"><span class='ocrx_word' id='word_1_19' title='bbox 446 1156 515 1229; x_wconf 96' lang='lat' dir='ltr'>sub</span> <span class='ocrx_word' id='word_1_20' title='bbox 548 1155 669 1250; x_wconf 90' lang='lat' dir='ltr'>specie</span> <span class='ocrx_word' id='word_1_21' title='bbox 705 1156 855 1229; x_wconf 92' lang='lat' dir='ltr'>honoris</span> <span class='ocrx_word' id='word_1_22' title='bbox 889 1163 927 1230; x_wconf 87' lang='lat' dir='ltr'>et</span> <span class='ocrx_word' id='word_1_23' title='bbox 963 1177 1107 1251; x_wconf 76' lang='lat' dir='ltr'>pompe</span> <span class='ocrx_word' id='word_1_24' title='bbox 1145 1154 1375 1231; x_wconf 89' lang='lat' dir='ltr'>tradiderunt</span> <span class='ocrx_word' id='word_1_25' title='bbox 1412 1158 1623 1235; x_wconf 82' lang='lat' dir='ltr'>florentinis</span> 
     </span>
     <span class='ocr_line' id='line_1_5' title="bbox 445 1274 1629 1370; baseline 0.007 -24"><span class='ocrx_word' id='word_1_26' title='bbox 445 1275 642 1351; x_wconf 85' lang='lat' dir='ltr'>Florentini</span> <span class='ocrx_word' id='word_1_27' title='bbox 669 1276 868 1370; x_wconf 84' lang='lat' dir='ltr'>spoliantes</span> <span class='ocrx_word' id='word_1_28' title='bbox 894 1277 1095 1369; x_wconf 86' lang='lat' dir='ltr'>columnas,</span> <span class='ocrx_word' id='word_1_29' title='bbox 1119 1274 1195 1350; x_wconf 89' lang='lat' dir='ltr'>visa</span> <span class='ocrx_word' id='word_1_30' title='bbox 1213 1275 1355 1370; x_wconf 82' lang='lat' dir='ltr'>fraude,</span> <span class='ocrx_word' id='word_1_31' title='bbox 1372 1296 1460 1351; x_wconf 92' lang='lat' dir='ltr'>cum</span> <span class='ocrx_word' id='word_1_32' title='bbox 1477 1298 1629 1354; x_wconf 86' lang='lat' dir='ltr'>summa</span> 
     </span>
     <span class='ocr_line' id='line_1_6' title="bbox 446 1389 1666 1492; baseline 0.004 -25"><span class='ocrx_word' id='word_1_33' title='bbox 446 1395 693 1492; x_wconf 75' lang='lat' dir='ltr'>indignatione</span> <span class='ocrx_word' id='word_1_34' title='bbox 723 1403 927 1491; x_wconf 87' lang='lat' dir='ltr'>coeperunt</span> <span class='ocrx_word' id='word_1_35' title='bbox 942 1394 1087 1469; x_wconf 82' lang='lat' dir='ltr'>dicere:</span> <span class='ocrx_word' id='word_1_36' title='bbox 1114 1395 1214 1469; x_wconf 89' lang='lat' dir='ltr'>Bene</span> <span class='ocrx_word' id='word_1_37' title='bbox 1239 1415 1371 1469; x_wconf 91' lang='lat' dir='ltr'>sumus</span> <span class='ocrx_word' id='word_1_38' title='bbox 1391 1396 1491 1492; x_wconf 75' lang='lat' dir='ltr'>ceci,</span> <span class='ocrx_word' id='word_1_39' title='bbox 1509 1398 1574 1492; x_wconf 88' lang='lat' dir='ltr'>qui</span> <span class='ocrx_word' id='word_1_40' title='bbox 1589 1389 1627 1490; x_wconf 77' lang='lat'>(¹)</span> <span class='ocrx_word' id='word_1_41' title='bbox 1663 1481 1666 1485; x_wconf 51' lang='grc'>,</span> 
     </span>
     <span class='ocr_line' id='line_1_7' title="bbox 448 1513 1625 1611; baseline 0.004 -24"><span class='ocrx_word' id='word_1_42' title='bbox 448 1514 595 1589; x_wconf 88' lang='lat' dir='ltr'>fidimus</span> <span class='ocrx_word' id='word_1_43' title='bbox 627 1514 800 1611; x_wconf 87' lang='lat' dir='ltr'>vulpibus</span> <span class='ocrx_word' id='word_1_44' title='bbox 834 1513 992 1608; x_wconf 85' lang='lat' dir='ltr'>antiquis</span> <span class='ocrx_word' id='word_1_45' title='bbox 1027 1513 1253 1609; x_wconf 89' lang='lat' dir='ltr'>pisanorum,</span> <span class='ocrx_word' id='word_1_46' title='bbox 1287 1514 1350 1609; x_wconf 86' lang='lat' dir='ltr'>qui</span> <span class='ocrx_word' id='word_1_47' title='bbox 1384 1515 1471 1589; x_wconf 90' lang='lat' dir='ltr'>nihil</span> <span class='ocrx_word' id='word_1_48' title='bbox 1502 1517 1625 1592; x_wconf 86' lang='lat' dir='ltr'>lacere</span> 
     </span>
     <span class='ocr_line' id='line_1_8' title="bbox 449 1631 1629 1727; baseline 0.001 -17"><span class='ocrx_word' id='word_1_49' title='bbox 449 1641 632 1710; x_wconf 89' lang='lat' dir='ltr'>noverunt</span> <span class='ocrx_word' id='word_1_50' title='bbox 658 1635 738 1710; x_wconf 92' lang='lat' dir='ltr'>sine</span> <span class='ocrx_word' id='word_1_51' title='bbox 764 1633 917 1709; x_wconf 86' lang='lat' dir='ltr'>iraude:</span> <span class='ocrx_word' id='word_1_52' title='bbox 945 1639 982 1708; x_wconf 92' lang='lat' dir='ltr'>et</span> <span class='ocrx_word' id='word_1_53' title='bbox 1008 1653 1053 1707; x_wconf 79' lang='lat' dir='ltr'>ex</span> <span class='ocrx_word' id='word_1_54' title='bbox 1080 1631 1163 1707; x_wconf 91' lang='lat' dir='ltr'>inde</span> <span class='ocrx_word' id='word_1_55' title='bbox 1188 1639 1315 1727; x_wconf 89' lang='lat' dir='ltr'>postea</span> <span class='ocrx_word' id='word_1_56' title='bbox 1339 1632 1425 1707; x_wconf 90' lang='lat' dir='ltr'>dicti</span> <span class='ocrx_word' id='word_1_57' title='bbox 1449 1641 1537 1709; x_wconf 90' lang='lat' dir='ltr'>suut</span> <span class='ocrx_word' id='word_1_58' title='bbox 1560 1637 1629 1711; x_wconf 89' lang='lat' dir='ltr'>flo-</span> 
     </span>
     <span class='ocr_line' id='line_1_9' title="bbox 450 1753 1630 1847; baseline 0.003 -20"><span class='ocrx_word' id='word_1_59' title='bbox 450 1754 582 1829; x_wconf 92' lang='lat' dir='ltr'>rentini</span> <span class='ocrx_word' id='word_1_60' title='bbox 608 1754 694 1828; x_wconf 83' lang='lat' dir='ltr'>caeci</span> <span class='ocrx_word' id='word_1_61' title='bbox 720 1753 759 1828; x_wconf 93' lang='lat' dir='ltr'>in</span> <span class='ocrx_word' id='word_1_62' title='bbox 783 1753 933 1847; x_wconf 88' lang='lat' dir='ltr'>Tuscia;</span> <span class='ocrx_word' id='word_1_63' title='bbox 959 1759 997 1827; x_wconf 92' lang='lat' dir='ltr'>et</span> <span class='ocrx_word' id='word_1_64' title='bbox 1013 1753 1079 1826; x_wconf 93' lang='lat' dir='ltr'>bas</span> <span class='ocrx_word' id='word_1_65' title='bbox 1096 1753 1286 1826; x_wconf 90' lang='lat' dir='ltr'>columnas</span> <span class='ocrx_word' id='word_1_66' title='bbox 1313 1761 1517 1846; x_wconf 88' lang='lat' dir='ltr'>posuerunt</span> <span class='ocrx_word' id='word_1_67' title='bbox 1539 1761 1630 1831; x_wconf 83' lang='lat' dir='ltr'>ente</span> 
     </span>
     <span class='ocr_line' id='line_1_10' title="bbox 450 1872 1631 1971; baseline 0.001 -23"><span class='ocrx_word' id='word_1_68' title='bbox 450 1882 595 1971; x_wconf 89' lang='lat' dir='ltr'>portam</span> <span class='ocrx_word' id='word_1_69' title='bbox 621 1874 735 1947; x_wconf 87' lang='lat' dir='ltr'>sancti</span> <span class='ocrx_word' id='word_1_70' title='bbox 761 1872 945 1966; x_wconf 85' lang='lat' dir='ltr'>lobannis,</span> <span class='ocrx_word' id='word_1_71' title='bbox 972 1872 1035 1946; x_wconf 96' lang='lat' dir='ltr'>ubi</span> <span class='ocrx_word' id='word_1_72' title='bbox 1052 1873 1172 1947; x_wconf 87' lang='lat' dir='ltr'>adhuc</span> <span class='ocrx_word' id='word_1_73' title='bbox 1188 1879 1295 1967; x_wconf 87' lang='lat' dir='ltr'>sunt;</span> <span class='ocrx_word' id='word_1_74' title='bbox 1313 1873 1377 1949; x_wconf 91' lang='lat' dir='ltr'>sed</span> <span class='ocrx_word' id='word_1_75' title='bbox 1394 1880 1496 1949; x_wconf 87' lang='lat' dir='ltr'>certe</span> <span class='ocrx_word' id='word_1_76' title='bbox 1523 1874 1631 1969; x_wconf 92' lang='lat' dir='ltr'>quid·</span> 
     </span>
     <span class='ocr_line' id='line_1_11' title="bbox 452 1992 1631 2089; baseline 0.001 -21"><span class='ocrx_word' id='word_1_77' title='bbox 452 1995 540 2089; x_wconf 85' lang='lat' dir='ltr'>quid</span> <span class='ocrx_word' id='word_1_78' title='bbox 565 1994 721 2089; x_wconf 88' lang='lat' dir='ltr'>dicatur,</span> <span class='ocrx_word' id='word_1_79' title='bbox 746 2013 820 2066; x_wconf 91' lang='lat' dir='ltr'>non</span> <span class='ocrx_word' id='word_1_80' title='bbox 846 1993 991 2068; x_wconf 89' lang='lat' dir='ltr'>videtur</span> <span class='ocrx_word' id='word_1_81' title='bbox 1018 1993 1117 2086; x_wconf 87' lang='lat' dir='ltr'>mibi,</span> <span class='ocrx_word' id='word_1_82' title='bbox 1144 1992 1243 2085; x_wconf 84' lang='lat' dir='ltr'>quod</span> <span class='ocrx_word' id='word_1_83' title='bbox 1264 1992 1333 2067; x_wconf 88' lang='lat' dir='ltr'>ista</span> <span class='ocrx_word' id='word_1_84' title='bbox 1358 1993 1404 2067; x_wconf 88' lang='lat' dir='ltr'>de</span> <span class='ocrx_word' id='word_1_85' title='bbox 1429 2013 1543 2069; x_wconf 88' lang='lat' dir='ltr'>causa</span> <span class='ocrx_word' id='word_1_86' title='bbox 1560 1996 1631 2069; x_wconf 86' lang='lat' dir='ltr'>llo-</span> 
     </span>
     <span class='ocr_line' id='line_1_12' title="bbox 453 2111 1631 2208; baseline 0 -20"><span class='ocrx_word' id='word_1_87' title='bbox 453 2112 585 2190; x_wconf 90' lang='lat' dir='ltr'>rentini</span> <span class='ocrx_word' id='word_1_88' title='bbox 611 2112 681 2190; x_wconf 88' lang='lat' dir='ltr'>sint</span> <span class='ocrx_word' id='word_1_89' title='bbox 707 2111 858 2187; x_wconf 87' lang='lat' dir='ltr'>vocandi</span> <span class='ocrx_word' id='word_1_90' title='bbox 884 2113 983 2207; x_wconf 86' lang='lat' dir='ltr'>caeci,</span> <span class='ocrx_word' id='word_1_91' title='bbox 1011 2112 1097 2206; x_wconf 92' lang='lat' dir='ltr'>quia</span> <span class='ocrx_word' id='word_1_92' title='bbox 1122 2112 1152 2185; x_wconf 92' lang='lat' dir='ltr'>si</span> <span class='ocrx_word' id='word_1_93' title='bbox 1178 2112 1329 2187; x_wconf 88' lang='lat' dir='ltr'>luerunt</span> <span class='ocrx_word' id='word_1_94' title='bbox 1353 2111 1469 2187; x_wconf 90' lang='lat' dir='ltr'>delusi</span> <span class='ocrx_word' id='word_1_95' title='bbox 1489 2114 1538 2188; x_wconf 88' lang='lat' dir='ltr'>ab</span> <span class='ocrx_word' id='word_1_96' title='bbox 1562 2114 1631 2208; x_wconf 78' lang='lat' dir='ltr'>bis,</span> 
     </span>
     <span class='ocr_line' id='line_1_13' title="bbox 454 2223 1630 2329; baseline 0.003 -21"><span class='ocrx_word' id='word_1_97' title='bbox 454 2227 587 2329; x_wconf 92' lang='lat' dir='ltr'>quibus</span> <span class='ocrx_word' id='word_1_98' title='bbox 618 2233 788 2328; x_wconf 86' lang='lat' dir='ltr'>lidebant,</span> <span class='ocrx_word' id='word_1_99' title='bbox 822 2240 859 2308; x_wconf 91' lang='lat' dir='ltr'>et</span> <span class='ocrx_word' id='word_1_100' title='bbox 885 2233 1018 2327; x_wconf 92' lang='lat' dir='ltr'>quibus</span> <span class='ocrx_word' id='word_1_101' title='bbox 1044 2223 1254 2323; x_wconf 77' lang='lat' dir='ltr'>lecerant(²)</span> <span class='ocrx_word' id='word_1_102' title='bbox 1284 2239 1359 2306; x_wconf 87' lang='lat' dir='ltr'>tam</span> <span class='ocrx_word' id='word_1_103' title='bbox 1385 2234 1630 2311; x_wconf 83' lang='lat' dir='ltr'>memorabile</span> 
     </span>
     <span class='ocr_line' id='line_1_14' title="bbox 454 2341 1630 2450; baseline 0.003 -24"><span class='ocrx_word' id='word_1_104' title='bbox 454 2353 656 2447; x_wconf 88' lang='lat' dir='ltr'>servitium,</span> <span class='ocrx_word' id='word_1_105' title='bbox 684 2373 758 2426; x_wconf 95' lang='lat' dir='ltr'>non</span> <span class='ocrx_word' id='word_1_106' title='bbox 785 2352 902 2447; x_wconf 88' lang='lat' dir='ltr'>video,</span> <span class='ocrx_word' id='word_1_107' title='bbox 929 2351 1028 2445; x_wconf 85' lang='lat' dir='ltr'>quod</span> <span class='ocrx_word' id='word_1_108' title='bbox 1054 2350 1197 2425; x_wconf 77' lang='lat' dir='ltr'>cecitas</span> <span class='ocrx_word' id='word_1_109' title='bbox 1222 2351 1267 2425; x_wconf 93' lang='lat' dir='ltr'>sit</span> <span class='ocrx_word' id='word_1_110' title='bbox 1284 2341 1332 2445; x_wconf 84' lang='lat'>(³)·</span> <span class='ocrx_word' id='word_1_111' title='bbox 1347 2351 1426 2425; x_wconf 88' lang='lat' dir='ltr'>ista.</span> <span class='ocrx_word' id='word_1_112' title='bbox 1453 2353 1521 2428; x_wconf 81' lang='lat' dir='ltr'>Alii</span> <span class='ocrx_word' id='word_1_113' title='bbox 1538 2373 1630 2450; x_wconf 79' lang='lat' dir='ltr'>ergo</span> 
     </span>
     <span class='ocr_line' id='line_1_15' title="bbox 453 2471 1631 2566; baseline 0.003 -19"><span class='ocrx_word' id='word_1_114' title='bbox 453 2473 588 2566; x_wconf 87' lang='lat' dir='ltr'>dicunt,</span> <span class='ocrx_word' id='word_1_115' title='bbox 615 2472 713 2565; x_wconf 91' lang='lat' dir='ltr'>quod</span> <span class='ocrx_word' id='word_1_116' title='bbox 739 2471 921 2546; x_wconf 89' lang='lat' dir='ltr'>florentini</span> <span class='ocrx_word' id='word_1_117' title='bbox 947 2471 1031 2545; x_wconf 89' lang='lat' dir='ltr'>dicti</span> <span class='ocrx_word' id='word_1_118' title='bbox 1058 2477 1143 2545; x_wconf 89' lang='lat' dir='ltr'>sunt</span> <span class='ocrx_word' id='word_1_119' title='bbox 1167 2471 1267 2564; x_wconf 85' lang='lat' dir='ltr'>caeci,</span> <span class='ocrx_word' id='word_1_120' title='bbox 1294 2472 1381 2565; x_wconf 86' lang='lat' dir='ltr'>quia</span> <span class='ocrx_word' id='word_1_121' title='bbox 1406 2473 1494 2546; x_wconf 94' lang='lat' dir='ltr'>olim</span> <span class='ocrx_word' id='word_1_122' title='bbox 1527 2475 1631 2551; x_wconf 86' lang='lat' dir='ltr'>llan-</span> 
     </span>
     <span class='ocr_line' id='line_1_16' title="bbox 454 2579 1633 2684; baseline 0.001 -19"><span class='ocrx_word' id='word_1_123' title='bbox 454 2593 551 2666; x_wconf 85' lang='lat' dir='ltr'>nibal</span> <span class='ocrx_word' id='word_1_124' title='bbox 576 2590 872 2665; x_wconf 88' lang='lat' dir='ltr'>inundationibus</span> <span class='ocrx_word' id='word_1_125' title='bbox 892 2591 979 2663; x_wconf 80' lang='lat' dir='ltr'>Arni</span> <span class='ocrx_word' id='word_1_126' title='bbox 999 2590 1158 2663; x_wconf 90' lang='lat' dir='ltr'>lluminis</span> <span class='ocrx_word' id='word_1_127' title='bbox 1179 2590 1332 2684; x_wconf 89' lang='lat' dir='ltr'>perdidit</span> <span class='ocrx_word' id='word_1_128' title='bbox 1347 2579 1384 2682; x_wconf 72' lang='lat'>(²)</span> <span class='ocrx_word' id='word_1_129' title='bbox 1402 2612 1519 2665; x_wconf 93' lang='lat' dir='ltr'>unum</span> <span class='ocrx_word' id='word_1_130' title='bbox 1537 2613 1633 2667; x_wconf 91' lang='lat' dir='ltr'>ocu-</span> 
     </span>
     <span class='ocr_line' id='line_1_17' title="bbox 412 2709 1631 2804; baseline 0.002 -19"><span class='ocrx_word' id='word_1_131' title='bbox 412 2764 418 2770; x_wconf 80' lang='lat'><strong>·</strong></span> <span class='ocrx_word' id='word_1_132' title='bbox 456 2713 548 2804; x_wconf 90' lang='lat' dir='ltr'>lum,</span> <span class='ocrx_word' id='word_1_133' title='bbox 574 2711 667 2785; x_wconf 88' lang='lat' dir='ltr'>sicut</span> <span class='ocrx_word' id='word_1_134' title='bbox 692 2709 815 2783; x_wconf 85' lang='lat' dir='ltr'>scribit</span> <span class='ocrx_word' id='word_1_135' title='bbox 840 2709 1031 2784; x_wconf 87' lang='lat' dir='ltr'>Boccatius</span> <span class='ocrx_word' id='word_1_136' title='bbox 1055 2709 1103 2784; x_wconf 92' lang='lat' dir='ltr'>de</span> <span class='ocrx_word' id='word_1_137' title='bbox 1127 2710 1295 2784; x_wconf 88' lang='lat' dir='ltr'>Certaldo</span> <span class='ocrx_word' id='word_1_138' title='bbox 1321 2711 1359 2784; x_wconf 93' lang='lat' dir='ltr'>in</span> <span class='ocrx_word' id='word_1_139' title='bbox 1384 2732 1451 2785; x_wconf 90' lang='lat' dir='ltr'>suo</span> <span class='ocrx_word' id='word_1_140' title='bbox 1471 2711 1564 2786; x_wconf 89' lang='lat' dir='ltr'>libro</span> <span class='ocrx_word' id='word_1_141' title='bbox 1581 2712 1631 2788; x_wconf 91' lang='lat' dir='ltr'>de</span> 
     </span>
     <span class='ocr_line' id='line_1_18' title="bbox 457 2828 1634 2908; baseline 0.002 -2"><span class='ocrx_word' id='word_1_142' title='bbox 457 2830 636 2905; x_wconf 87' lang='lat' dir='ltr'>Montibus</span> <span class='ocrx_word' id='word_1_143' title='bbox 662 2836 700 2902; x_wconf 92' lang='lat' dir='ltr'>et</span> <span class='ocrx_word' id='word_1_144' title='bbox 725 2829 965 2903; x_wconf 90' lang='lat' dir='ltr'>Fluminibus.</span> <span class='ocrx_word' id='word_1_145' title='bbox 992 2828 1064 2904; x_wconf 92' lang='lat' dir='ltr'>Sed</span> <span class='ocrx_word' id='word_1_146' title='bbox 1089 2837 1190 2905; x_wconf 90' lang='lat' dir='ltr'>certe</span> <span class='ocrx_word' id='word_1_147' title='bbox 1216 2829 1312 2904; x_wconf 90' lang='lat' dir='ltr'>istud</span> <span class='ocrx_word' id='word_1_148' title='bbox 1338 2852 1413 2906; x_wconf 91' lang='lat' dir='ltr'>non</span> <span class='ocrx_word' id='word_1_149' title='bbox 1437 2837 1492 2905; x_wconf 89' lang='lat' dir='ltr'>est</span> <span class='ocrx_word' id='word_1_150' title='bbox 1511 2832 1558 2905; x_wconf 95' lang='lat' dir='ltr'>de</span> <span class='ocrx_word' id='word_1_151' title='bbox 1575 2831 1634 2908; x_wconf 93' lang='lat' dir='ltr'>iu·</span> 
     </span>
     <span class='ocr_line' id='line_1_19' title="bbox 458 2948 1636 3046; baseline 0.003 -22"><span class='ocrx_word' id='word_1_152' title='bbox 458 2951 619 3027; x_wconf 87' lang='lat' dir='ltr'>tentione</span> <span class='ocrx_word' id='word_1_153' title='bbox 643 2949 796 3043; x_wconf 87' lang='lat' dir='ltr'>autoris,</span> <span class='ocrx_word' id='word_1_154' title='bbox 822 2949 885 3043; x_wconf 91' lang='lat' dir='ltr'>qui</span> <span class='ocrx_word' id='word_1_155' title='bbox 911 2948 1074 3043; x_wconf 91' lang='lat' dir='ltr'>loquitur</span> <span class='ocrx_word' id='word_1_156' title='bbox 1094 2949 1163 3043; x_wconf 88' lang='lat' dir='ltr'>bic,</span> <span class='ocrx_word' id='word_1_157' title='bbox 1184 2971 1297 3043; x_wconf 84' lang='lat' dir='ltr'>quam</span> <span class='ocrx_word' id='word_1_158' title='bbox 1319 2951 1422 3045; x_wconf 91' lang='lat' dir='ltr'>peius</span> <span class='ocrx_word' id='word_1_159' title='bbox 1439 2957 1569 3046; x_wconf 83' lang='lat' dir='ltr'>potest,</span> <span class='ocrx_word' id='word_1_160' title='bbox 1586 2953 1636 3027; x_wconf 89' lang='lat' dir='ltr'>de</span> 
     </span>
     <span class='ocr_line' id='line_1_20' title="bbox 456 3061 1633 3199; baseline 0.004 -55"><span class='ocrx_word' id='word_1_161' title='bbox 456 3070 638 3145; x_wconf 89' lang='lat' dir='ltr'>Florentia</span> <span class='ocrx_word' id='word_1_162' title='bbox 654 3061 703 3162; x_wconf 79' lang='lat'>(⁵),</span> <span class='ocrx_word' id='word_1_163' title='bbox 730 3077 771 3142; x_wconf 92' lang='lat' dir='ltr'>ut</span> <span class='ocrx_word' id='word_1_164' title='bbox 797 3076 896 3199; x_wconf 88' lang='lat' dir='ltr'>patet</span> <span class='ocrx_word' id='word_1_165' title='bbox 922 3091 967 3143; x_wconf 84' lang='lat' dir='ltr'>ex</span> <span class='ocrx_word' id='word_1_166' title='bbox 995 3069 1097 3144; x_wconf 87' lang='lat' dir='ltr'>dictis</span> <span class='ocrx_word' id='word_1_167' title='bbox 1123 3077 1160 3144; x_wconf 90' lang='lat' dir='ltr'>et</span> <span class='ocrx_word' id='word_1_168' title='bbox 1184 3070 1361 3165; x_wconf 84' lang='lat' dir='ltr'>dicendis3</span> <span class='ocrx_word' id='word_1_169' title='bbox 1388 3071 1452 3147; x_wconf 89' lang='lat' dir='ltr'>sed</span> <span class='ocrx_word' id='word_1_170' title='bbox 1469 3072 1558 3146; x_wconf 92' lang='lat' dir='ltr'>mibi</span> <span class='ocrx_word' id='word_1_171' title='bbox 1576 3073 1633 3149; x_wconf 93' lang='lat' dir='ltr'>vi-</span> 
     </span>
     <span class='ocr_line' id='line_1_21' title="bbox 456 3162 1632 3286; baseline 0.002 -20"><span class='ocrx_word' id='word_1_172' title='bbox 456 3192 576 3284; x_wconf 89' lang='lat' dir='ltr'>detur,</span> <span class='ocrx_word' id='word_1_173' title='bbox 594 3189 694 3284; x_wconf 83' lang='lat' dir='ltr'>q‘uod</span> <span class='ocrx_word' id='word_1_174' title='bbox 708 3162 869 3264; x_wconf 80' lang='lat' dir='ltr'>marinio</span> <span class='ocrx_word' id='word_1_175' title='bbox 883 3189 1026 3264; x_wconf 88' lang='lat' dir='ltr'>caecitas</span> <span class='ocrx_word' id='word_1_176' title='bbox 1038 3190 1318 3264; x_wconf 86' lang='lat' dir='ltr'>florentinorum</span> <span class='ocrx_word' id='word_1_177' title='bbox 1337 3183 1462 3286; x_wconf 64' lang='lat' dir='ltr'>iuitl‘b,</span> <span class='ocrx_word' id='word_1_178' title='bbox 1481 3192 1632 3286; x_wconf 89' lang='lat' dir='ltr'>quando</span> 
     </span>
     <span class='ocr_line' id='line_1_22' title="bbox 457 3309 1632 3409; baseline 0.002 -23"><span class='ocrx_word' id='word_1_179' title='bbox 457 3311 691 3386; x_wconf 90' lang='lat' dir='ltr'>crediderunt</span> <span class='ocrx_word' id='word_1_180' title='bbox 714 3309 903 3403; x_wconf 77' lang='lat' dir='ltr'>Albine,</span> <span class='ocrx_word' id='word_1_181' title='bbox 876 3332 905 3382; x_wconf 89' lang='lat' dir='ltr'>sr</span> <span class='ocrx_word' id='word_1_182' title='bbox 924 3330 1056 3384; x_wconf 89' lang='lat' dir='ltr'>verum</span> <span class='ocrx_word' id='word_1_183' title='bbox 1077 3317 1143 3404; x_wconf 87' lang='lat' dir='ltr'>est,</span> <span class='ocrx_word' id='word_1_184' title='bbox 1166 3310 1292 3404; x_wconf 91' lang='lat' dir='ltr'>quod</span> <span class='ocrx_word' id='word_1_185' title='bbox 1277 3332 1356 3406; x_wconf 80' lang='lat' dir='ltr'>Jam</span> <span class='ocrx_word' id='word_1_186' title='bbox 1375 3311 1501 3406; x_wconf 85' lang='lat' dir='ltr'>scripsi</span> <span class='ocrx_word' id='word_1_187' title='bbox 1517 3333 1632 3409; x_wconf 85' lang='lat' dir='ltr'>supra</span> 
     </span>
     <span class='ocr_line' id='line_1_23' title="bbox 457 3428 1633 3526; baseline -0.001 -20"><span class='ocrx_word' id='word_1_188' title='bbox 457 3431 614 3526; x_wconf 84' lang='lat' dir='ltr'>capitulo</span> <span class='ocrx_word' id='word_1_189' title='bbox 640 3430 713 3502; x_wconf 89' lang='lat' dir='ltr'>Xll.</span> <span class='ocrx_word' id='word_1_190' title='bbox 740 3428 870 3502; x_wconf 80' lang='lat' dir='ltr'>Audivi</span> <span class='ocrx_word' id='word_1_191' title='bbox 890 3436 1014 3503; x_wconf 87' lang='lat' dir='ltr'>tamen</span> <span class='ocrx_word' id='word_1_192' title='bbox 1034 3450 1150 3501; x_wconf 91' lang='lat' dir='ltr'>unum</span> <span class='ocrx_word' id='word_1_193' title='bbox 1176 3429 1412 3505; x_wconf 85' lang='lat' dir='ltr'>florentinum</span> <span class='ocrx_word' id='word_1_194' title='bbox 1438 3431 1633 3507; x_wconf 80' lang='lat' dir='ltr'>facientem</span> 
     </span>
     <span class='ocr_line' id='line_1_24' title="bbox 458 3538 1636 3645; baseline 0.001 -19"><span class='ocrx_word' id='word_1_195' title='bbox 458 3551 516 3626; x_wconf 89' lang='lat' dir='ltr'>bic</span> <span class='ocrx_word' id='word_1_196' title='bbox 542 3549 802 3645; x_wconf 91' lang='lat' dir='ltr'>pulcerrimam</span> <span class='ocrx_word' id='word_1_197' title='bbox 818 3538 854 3640; x_wconf 77' lang='lat'>(⁷)</span> <span class='ocrx_word' id='word_1_198' title='bbox 883 3548 1158 3643; x_wconf 80' lang='lat' dir='ltr'>expositionem,</span> <span class='ocrx_word' id='word_1_199' title='bbox 1184 3550 1268 3625; x_wconf 88' lang='lat' dir='ltr'>licet</span> <span class='ocrx_word' id='word_1_200' title='bbox 1294 3571 1367 3625; x_wconf 92' lang='lat' dir='ltr'>non</span> <span class='ocrx_word' id='word_1_201' title='bbox 1384 3550 1430 3624; x_wconf 90' lang='lat' dir='ltr'>sit</span> <span class='ocrx_word' id='word_1_202' title='bbox 1446 3551 1493 3626; x_wconf 92' lang='lat' dir='ltr'>de</span> <span class='ocrx_word' id='word_1_203' title='bbox 1510 3558 1636 3627; x_wconf 90' lang='lat' dir='ltr'>mente</span> 
     </span>
     <span class='ocr_line' id='line_1_25' title="bbox 457 3667 1649 3801; baseline -0.003 -54"><span class='ocrx_word' id='word_1_204' title='bbox 457 3671 606 3747; x_wconf 89' lang='lat' dir='ltr'>autoris.</span> <span class='ocrx_word' id='word_1_205' title='bbox 639 3668 736 3742; x_wconf 88' lang='lat' dir='ltr'>Dixit</span> <span class='ocrx_word' id='word_1_206' title='bbox 768 3667 878 3760; x_wconf 86' lang='lat' dir='ltr'>enim,</span> <span class='ocrx_word' id='word_1_207' title='bbox 911 3667 1010 3760; x_wconf 89' lang='lat' dir='ltr'>quod</span> <span class='ocrx_word' id='word_1_208' title='bbox 1036 3668 1218 3743; x_wconf 90' lang='lat' dir='ltr'>llorentini</span> <span class='ocrx_word' id='word_1_209' title='bbox 1245 3680 1350 3746; x_wconf 85' lang='lat' dir='ltr'>erant</span> <span class='ocrx_word' id='word_1_210' title='bbox 1383 3671 1470 3746; x_wconf 80' lang='lat' dir='ltr'>caeci</span> <span class='ocrx_word' id='word_1_211' title='bbox 1504 3671 1649 3801; x_wconf 85' lang='lat' dir='ltr'>active,</span> 
     </span>
     <span class='ocr_line' id='line_1_26' title="bbox 459 3755 1649 3885; baseline 0 -20"><span class='ocrx_word' id='word_1_212' title='bbox 459 3813 534 3865; x_wconf 91' lang='lat' dir='ltr'>non</span> <span class='ocrx_word' id='word_1_213' title='bbox 568 3788 720 3885; x_wconf 87' lang='lat' dir='ltr'>passive,</span> <span class='ocrx_word' id='word_1_214' title='bbox 746 3787 833 3881; x_wconf 85' lang='lat' dir='ltr'>quia</span> <span class='ocrx_word' id='word_1_215' title='bbox 848 3777 884 3879; x_wconf 80' lang='lat'>(⁸)</span> <span class='ocrx_word' id='word_1_216' title='bbox 915 3787 1052 3861; x_wconf 84' lang='lat' dir='ltr'>iaciunt</span> <span class='ocrx_word' id='word_1_217' title='bbox 1086 3788 1176 3862; x_wconf 91' lang='lat' dir='ltr'>alios</span> <span class='ocrx_word' id='word_1_218' title='bbox 1210 3809 1336 3863; x_wconf 81' lang='lat' dir='ltr'>caecos.</span> <span class='ocrx_word' id='word_1_219' title='bbox 1372 3790 1477 3864; x_wconf 90' lang='lat' dir='ltr'>Nunc</span> <span class='ocrx_word' id='word_1_220' title='bbox 1510 3790 1557 3865; x_wconf 89' lang='lat' dir='ltr'>ad</span> <span class='ocrx_word' id='word_1_221' title='bbox 1591 3755 1649 3865; x_wconf 93' lang='lat' dir='ltr'>li·</span> 
     </span>
     <span class='ocr_line' id='line_1_27' title="bbox 462 3906 1635 3985; baseline -0.001 0"><span class='ocrx_word' id='word_1_222' title='bbox 462 3917 603 3985; x_wconf 89' lang='lat' dir='ltr'>teram:</span> <span class='ocrx_word' id='word_1_223' title='bbox 634 3906 718 3983; x_wconf 92' lang='lat' dir='ltr'>dicit</span> <span class='ocrx_word' id='word_1_224' title='bbox 752 3927 812 3981; x_wconf 92' lang='lat' dir='ltr'>ser</span> <span class='ocrx_word' id='word_1_225' title='bbox 838 3907 1037 3979; x_wconf 89' lang='lat' dir='ltr'>Brunettus</span> <span class='ocrx_word' id='word_1_226' title='bbox 1067 3906 1113 3981; x_wconf 94' lang='lat' dir='ltr'>de</span> <span class='ocrx_word' id='word_1_227' title='bbox 1143 3907 1341 3982; x_wconf 86' lang='lat' dir='ltr'>florentinis</span> <span class='ocrx_word' id='word_1_228' title='bbox 1371 3909 1470 3982; x_wconf 86' lang='lat' dir='ltr'>suis:</span> <span class='ocrx_word' id='word_1_229' title='bbox 1497 3912 1635 3984; x_wconf 75' lang='lat' dir='ltr'>vecchio</span> 
     </span>
     <span class='ocr_line' id='line_1_28' title="bbox 457 4027 1635 4123; baseline 0.003 -22"><span class='ocrx_word' id='word_1_230' title='bbox 457 4033 559 4123; x_wconf 88' lang='lat' dir='ltr'>soma</span> <span class='ocrx_word' id='word_1_231' title='bbox 594 4031 618 4100; x_wconf 85' lang='lat' dir='ltr'>li</span> <span class='ocrx_word' id='word_1_232' title='bbox 647 4029 786 4099; x_wconf 83' lang='lat' dir='ltr'>cbioma</span> <span class='ocrx_word' id='word_1_233' title='bbox 810 4027 889 4097; x_wconf 83' lang='lat' dir='ltr'>orbi</span> <span class='ocrx_word' id='word_1_234' title='bbox 919 4028 976 4097; x_wconf 83' lang='lat' dir='ltr'>nel</span> <span class='ocrx_word' id='word_1_235' title='bbox 1006 4028 1134 4099; x_wconf 83' lang='lat' dir='ltr'>mondo</span> <span class='ocrx_word' id='word_1_236' title='bbox 1143 4052 1159 4119; x_wconf 85' lang='lat'>,·</span> <span class='ocrx_word' id='word_1_237' title='bbox 1183 4027 1381 4123; x_wconf 82' lang='lat' dir='ltr'>allegorice</span> <span class='ocrx_word' id='word_1_238' title='bbox 1407 4027 1486 4103; x_wconf 89' lang='lat' dir='ltr'>vult</span> <span class='ocrx_word' id='word_1_239' title='bbox 1510 4028 1635 4104; x_wconf 88' lang='lat' dir='ltr'>dicere</span> 
     </span>
     <span class='ocr_line' id='line_1_29' title="bbox 460 4145 1636 4241; baseline 0.002 -17"><span class='ocrx_word' id='word_1_240' title='bbox 460 4156 568 4224; x_wconf 88' lang='lat' dir='ltr'>autor</span> <span class='ocrx_word' id='word_1_241' title='bbox 595 4146 694 4241; x_wconf 84' lang='lat' dir='ltr'>quod</span> <span class='ocrx_word' id='word_1_242' title='bbox 719 4152 805 4219; x_wconf 89' lang='lat' dir='ltr'>sunt</span> <span class='ocrx_word' id='word_1_243' title='bbox 831 4145 918 4220; x_wconf 78' lang='lat' dir='ltr'>ceci</span> <span class='ocrx_word' id='word_1_244' title='bbox 936 4151 1072 4240; x_wconf 91' lang='lat' dir='ltr'>mente,</span> <span class='ocrx_word' id='word_1_245' title='bbox 1091 4146 1177 4240; x_wconf 86' lang='lat' dir='ltr'>quia</span> <span class='ocrx_word' id='word_1_246' title='bbox 1200 4153 1383 4221; x_wconf 90' lang='lat' dir='ltr'>noverunt</span> <span class='ocrx_word' id='word_1_247' title='bbox 1403 4148 1579 4226; x_wconf 91' lang='lat' dir='ltr'>virtutem</span> <span class='ocrx_word' id='word_1_248' title='bbox 1596 4157 1636 4226; x_wconf 87' lang='lat' dir='ltr'>et</span> 
     </span>
     <span class='ocr_line' id='line_1_30' title="bbox 460 4264 1637 4361; baseline 0.003 -17"><span class='ocrx_word' id='word_1_249' title='bbox 460 4266 687 4344; x_wconf 91' lang='lat' dir='ltr'>contrarium</span> <span class='ocrx_word' id='word_1_250' title='bbox 714 4270 928 4361; x_wconf 88' lang='lat' dir='ltr'>operantur,</span> <span class='ocrx_word' id='word_1_251' title='bbox 954 4264 1049 4339; x_wconf 90' lang='lat' dir='ltr'>sicut</span> <span class='ocrx_word' id='word_1_252' title='bbox 1072 4265 1158 4340; x_wconf 92' lang='lat' dir='ltr'>dicit</span> <span class='ocrx_word' id='word_1_253' title='bbox 1184 4265 1350 4341; x_wconf 89' lang='lat' dir='ltr'>Valerius</span> <span class='ocrx_word' id='word_1_254' title='bbox 1374 4267 1422 4342; x_wconf 91' lang='lat' dir='ltr'>de</span> <span class='ocrx_word' id='word_1_255' title='bbox 1442 4268 1637 4347; x_wconf 84' lang='lat' dir='ltr'>athenien·</span> 
     </span>
     <span class='ocr_line' id='line_1_31' title="bbox 462 4383 1636 4481; baseline 0 -18"><span class='ocrx_word' id='word_1_256' title='bbox 462 4387 570 4463; x_wconf 91' lang='lat' dir='ltr'>sibus.</span> <span class='ocrx_word' id='word_1_257' title='bbox 597 4389 640 4461; x_wconf 85' lang='lat' dir='ltr'>Et</span> <span class='ocrx_word' id='word_1_258' title='bbox 666 4405 753 4459; x_wconf 89' lang='lat' dir='ltr'>ecce</span> <span class='ocrx_word' id='word_1_259' title='bbox 778 4384 981 4460; x_wconf 73' lang='lat' dir='ltr'>caecitatem</span> <span class='ocrx_word' id='word_1_260' title='bbox 1009 4405 1194 4481; x_wconf 84' lang='lat' dir='ltr'>magnam,</span> <span class='ocrx_word' id='word_1_261' title='bbox 1214 4385 1302 4479; x_wconf 90' lang='lat' dir='ltr'>quia</span> <span class='ocrx_word' id='word_1_262' title='bbox 1326 4393 1425 4477; x_wconf 76' lang='lat' dir='ltr'>pente</span> <span class='ocrx_word' id='word_1_263' title='bbox 1445 4383 1483 4461; x_wconf 76' lang='lat' dir='ltr'>de</span> <span class='ocrx_word' id='word_1_264' title='bbox 1499 4407 1636 4480; x_wconf 82' lang='lat' dir='ltr'>avaro,</span> 
     </span>
    </p>
   </div>
   <div class='ocr_carea' id='block_1_3' title="bbox 521 4654 1473 4873">
    <p class='ocr_par' dir='ltr' id='par_1_3' title="bbox 521 4654 1473 4873">
     <span class='ocr_line' id='line_1_32' title="bbox 524 4654 1473 4721; baseline -0.011 -5"><span class='ocrx_word' id='word_1_265' title='bbox 524 4654 552 4718; x_wconf 76' lang='lat'>(¹)</span> <span class='ocrx_word' id='word_1_266' title='bbox 567 4656 593 4706; x_wconf 82' lang='lat' dir='ltr'>S·</span> <span class='ocrx_word' id='word_1_267' title='bbox 609 4657 669 4720; x_wconf 76' lang='lat' dir='ltr'>oui·</span> <span class='ocrx_word' id='word_1_268' title='bbox 686 4657 797 4706; x_wconf 73' lang='lat' dir='ltr'>fluimus.</span> <span class='ocrx_word' id='word_1_269' title='bbox 1229 4659 1256 4721; x_wconf 63' lang='grc' dir='ltr'>ρ)</span> <span class='ocrx_word' id='word_1_270' title='bbox 1273 4662 1327 4718; x_wconf 79' lang='lat' dir='ltr'>rto,</span> <span class='ocrx_word' id='word_1_271' title='bbox 1345 4657 1473 4708; x_wconf 75' lang='lat' dir='ltr'>sooemnn</span> 
     </span>
     <span class='ocr_line' id='line_1_33' title="bbox 521 4731 1472 4798; baseline 0.005 -17"><span class='ocrx_word' id='word_1_272' title='bbox 521 4731 548 4793; x_wconf 76' lang='lat'>(¹)</span> <span class='ocrx_word' id='word_1_273' title='bbox 565 4732 590 4782; x_wconf 86' lang='lat' dir='ltr'>S.</span> <span class='ocrx_word' id='word_1_274' title='bbox 606 4731 686 4782; x_wconf 81' lang='lat' dir='ltr'>suerit</span> <span class='ocrx_word' id='word_1_275' title='bbox 700 4733 756 4784; x_wconf 73' lang='lat' dir='ltr'>ista.</span> <span class='ocrx_word' id='word_1_276' title='bbox 768 4733 841 4785; x_wconf 80' lang='grc' dir='ltr'>-Ε,</span> <span class='ocrx_word' id='word_1_277' title='bbox 857 4747 916 4798; x_wconf 71' lang='lat' dir='ltr'>que</span> <span class='ocrx_word' id='word_1_278' title='bbox 933 4736 1034 4787; x_wconf 71' lang='lat' dir='ltr'>cecitas</span> <span class='ocrx_word' id='word_1_279' title='bbox 1049 4735 1083 4787; x_wconf 77' lang='lat' dir='ltr'>tlt</span> <span class='ocrx_word' id='word_1_280' title='bbox 1098 4735 1155 4787; x_wconf 68' lang='lat' dir='ltr'>tutu</span> <span class='ocrx_word' id='word_1_281' title='bbox 1229 4735 1257 4796; x_wconf 78' lang='lat'>(¹)</span> <span class='ocrx_word' id='word_1_282' title='bbox 1274 4735 1300 4785; x_wconf 86' lang='lat' dir='ltr'>S.</span> <span class='ocrx_word' id='word_1_283' title='bbox 1316 4735 1472 4798; x_wconf 74' lang='lat' dir='ltr'>perdiderat.</span> 
     </span>
     <span class='ocr_line' id='line_1_34' title="bbox 524 4808 1436 4873; baseline -0.009 -2"><span class='ocrx_word' id='word_1_284' title='bbox 524 4808 551 4871; x_wconf 85' lang='lat' dir='ltr'>l&#39;t</span> <span class='ocrx_word' id='word_1_285' title='bbox 567 4808 599 4858; x_wconf 80' lang='lat' dir='ltr'>E.</span> <span class='ocrx_word' id='word_1_286' title='bbox 616 4808 648 4859; x_wconf 78' lang='lat' dir='ltr'>de</span> <span class='ocrx_word' id='word_1_287' title='bbox 664 4809 816 4863; x_wconf 69' lang='lat' dir='ltr'>florentius</span> <span class='ocrx_word' id='word_1_288' title='bbox 1230 4812 1257 4873; x_wconf 64' lang='grc' dir='ltr'>υ)</span> <span class='ocrx_word' id='word_1_289' title='bbox 1275 4816 1328 4872; x_wconf 80' lang='lat' dir='ltr'>no,</span> <span class='ocrx_word' id='word_1_290' title='bbox 1346 4813 1436 4864; x_wconf 70' lang='lat' dir='ltr'>metir.</span> 
     </span>
    </p>
   </div>
   <div class='ocr_carea' id='block_1_4' title="bbox 524 4883 1619 4952">
    <p class='ocr_par' dir='ltr' id='par_1_4' title="bbox 524 4883 1619 4952">
     <span class='ocr_line' id='line_1_35' title="bbox 524 4883 1619 4952; baseline 0.003 -16"><span class='ocrx_word' id='word_1_291' title='bbox 524 4883 551 4947; x_wconf 72' lang='lat'>(¹)</span> <span class='ocrx_word' id='word_1_292' title='bbox 567 4885 599 4935; x_wconf 83' lang='lat' dir='ltr'>Il.</span> <span class='ocrx_word' id='word_1_293' title='bbox 615 4884 741 4949; x_wconf 73' lang='lat' dir='ltr'>pulcrum.</span> <span class='ocrx_word' id='word_1_294' title='bbox 1231 4887 1258 4951; x_wconf 80' lang='lat'>(¹)</span> <span class='ocrx_word' id='word_1_295' title='bbox 1274 4888 1305 4938; x_wconf 82' lang='lat' dir='ltr'>E.</span> <span class='ocrx_word' id='word_1_296' title='bbox 1320 4891 1381 4952; x_wconf 79' lang='lat' dir='ltr'>quia</span> <span class='ocrx_word' id='word_1_297' title='bbox 1397 4889 1497 4940; x_wconf 78' lang='lat' dir='ltr'>scillcet</span> <span class='ocrx_word' id='word_1_298' title='bbox 1513 4888 1619 4941; x_wconf 70' lang='lat' dir='ltr'>ihclnnt.</span> 
     </span>
    </p>
   </div>
   <div class='ocr_carea' id='block_1_5' title="bbox 0 0 2104 6546">
    <p class='ocr_par' dir='ltr' id='par_1_5' title="bbox 0 0 2104 6546">
     <span class='ocr_line' id='line_1_36' title="bbox 0 0 2104 6546; baseline 0 0"><span class='ocrx_word' id='word_1_299' title='bbox 0 0 2104 6546; x_wconf 95' lang='lat' dir='ltr'> </span> 
     </span>
    </p>
   </div>
  </div>
 </body>
</html>
