4154 6546
655 809 794 864 caurus
819 811 973 867 narinus
998 814 1164 880 oururus.
1425 803 1493 869 501

324 958 423 1055 quod
449 956 496 1031 illi
523 977 678 1054 aggeres
704 955 897 1031 infernales
923 978 996 1032 non
1027 965 1113 1032 sunt
1146 958 1196 1031 ita
1221 955 1283 1030 alti
1311 962 1347 1030 et
1372 956 1496 1053 magni

324 1079 417 1153 sicut
442 1095 598 1173 aggeres
623 1074 881 1149 flandrensium
909 1087 946 1154 et
969 1078 1245 1173 paduanorum;
1274 1075 1371 1150 unde
1391 1076 1496 1151 dicit:

323 1203 419 1287 tutto,
445 1195 536 1269 idest
561 1193 740 1287 quamvis,
766 1190 813 1266 nd
841 1189 871 1267 si
904 1199 979 1288 alti,
1004 1194 1103 1269 odoi
1130 1200 1259 1286 pressi,
1285 1197 1319 1267 lo
1344 1203 1497 1268 maestro

319 1316 405 1409 sciti,
432 1313 522 1387 idest
537 1306 572 1403 (¹)
601 1334 673 1387 non
699 1313 782 1387 iecit
807 1314 900 1387 sicut
925 1316 1126 1410 praedictos,
1154 1321 1191 1390 et
1216 1314 1319 1388 dicit:
1339 1315 1424 1404 quat
1438 1315 1498 1386 cire

321 1457 359 1508 sc
371 1438 478 1528 fosse,
495 1432 600 1525 quasi
617 1432 713 1505 dicat
729 1433 852 1507 nescio
867 1425 904 1524 (²)
924 1435 1093 1528 quamvis
1110 1434 1252 1528 iecerit;
1271 1439 1308 1507 et
1333 1440 1389 1507 est
1414 1454 1497 1507 mo-

321 1555 390 1629 dus
411 1552 595 1647 loquendi,
613 1549 718 1645 quasi
735 1551 849 1626 dicat:
869 1553 1094 1649 quicumque
1113 1554 1235 1648 suerit,
1253 1553 1320 1626 suit
1338 1572 1496 1647 maguus

322 1673 513 1769 magister:
541 1677 578 1744 et
602 1669 672 1744 hoc
697 1677 751 1744 est
776 1671 898 1746 dicere
919 1673 987 1746 init
1013 1694 1182 1747 summus
1202 1672 1376 1768 magister
1396 1670 1496 1744 Deus

322 1793 385 1887 qui
411 1791 495 1866 iecit
520 1810 679 1886 superna
704 1797 741 1865 ct
766 1791 919 1885 inferna,
940 1800 977 1867 et
1002 1794 1158 1888 proemia
1183 1799 1220 1867 et
1245 1790 1418 1887 supplicia
1435 1811 1495 1865 se-

321 1911 484 1986 cundum
511 1931 616 1983 suam
635 1908 854 1985 ineffabilem
873 1913 1070 2005 potentiam
1088 1919 1125 1987 et
1139 1912 1329 2007 justitiam.
1352 1911 1395 1982 Et
1413 1898 1494 1984 vide

321 2036 502 2124 quantum
529 2036 689 2122 utraque
713 2030 939 2124 comparatio
957 2030 1063 2106 iaciat
1085 2031 1131 2104 ad
1148 2031 1393 2126 propositum3
1407 2029 1493 2122 quia

320 2169 475 2246 aggeres
501 2149 558 2223 isti
583 2147 666 2221 iacti
691 2149 846 2222 suntad
872 2149 1061 2221 vitandum
1086 2149 1265 2243 impeturn
1296 2167 1492 2242 aquarum,

320 2274 358 2343 et
383 2269 431 2341 ilii
457 2259 502 2340 ad
527 2266 716 2340 vitandum
744 2266 914 2340 ardorem
935 2258 1318 2341 flammarum—Gid
1335 2287 1491 2338 navam.

321 2388 427 2460 Nunc
458 2391 578 2478 autor,
609 2384 787 2478 descripta
821 2384 880 2459 via
918 2385 1019 2458 istius
1051 2406 1174 2460 arenae
1207 2385 1416 2480 simpliciter
1453 2391 1490 2458 et

322 2504 583 2599 comparative,
613 2503 783 2577 describit
807 2504 866 2577 hic
891 2505 1048 2599 primam
1073 2511 1221 2601 gentem
1249 2525 1334 2598 quae
1358 2523 1492 2578 occur-

322 2624 411 2699 rerit
439 2623 506 2696 sibi
538 2622 638 2696 cunti
669 2642 735 2716 per
767 2643 942 2719 aggerem
973 2623 1155 2718 duminis3
1185 2631 1223 2697 et
1252 2623 1372 2717 primo
1401 2642 1492 2695 con-

319 2745 464 2817 tinuans
489 2751 631 2836 partem
666 2741 932 2836 praecedentem
965 2742 1050 2817 huic
1085 2743 1263 2836 sequenti,
1288 2740 1395 2815 dicit:
1426 2729 1493 2812 ord

319 2883 465 2935 monam
489 2862 632 2933 rimosrr'
650 2862 698 2932 da
716 2862 752 2931 ta
763 2852 876 2951 ‘selom
894 2861 1028 2935 scilicet
1044 2861 1334 2956 desperatorum,
1353 2865 1391 2933 et
1407 2878 1492 2932 era-

321 3001 405 3054 mus
425 2979 594 3074 eiongati,
613 2985 708 3052 teoto
724 2981 775 3051 cd'
787 2982 822 3051 io
839 3000 910 3051 non
927 2983 1027 3052 acrei
1046 2983 1133 3052 cisto
1157 2982 1237 3053 dov'
1249 3000 1327 3070 era,
1353 2977 1490 3052 scilicet

320 3100 380 3174 iila
406 3101 519 3195 sylva,
539 3101 707 3191 perct'to
733 3101 781 3171 mi
800 3102 890 3192 sossi
913 3102 1039 3171 ridolto
1063 3102 1225 3188 indietro,
1248 3097 1352 3191 quasi
1372 3097 1487 3170 dicat:

318 3219 486 3313 quamvis
512 3218 734 3293 reflexissem
754 3238 857 3292 mea
879 3225 993 3314 tergo,
1020 3239 1094 3292 non
1111 3218 1310 3313 potuissem
1333 3216 1490 3312 amplius

317 3338 442 3414 videre
468 3340 608 3434 sylvam
640 3359 663 3412 a
694 3359 769 3431 qua
802 3358 1037 3412 recesseram.
1069 3338 1114 3410 Et
1144 3343 1230 3412 nota
1260 3338 1358 3430 quod
1378 3344 1489 3411 autor

316 3457 386 3532 hoc
411 3457 524 3552 fingit,
543 3457 628 3550 quia
654 3458 733 3533 vult
756 3456 1064 3550 ostenderequod
1081 3455 1239 3529 multum
1264 3454 1427 3530 fecerant
1443 3453 1490 3530 de

316 3576 376 3651 via
409 3582 607 3670 antequam
648 3577 850 3672 reperirent
883 3582 1031 3672 gentem
1066 3596 1211 3649 novam.
1248 3575 1339 3648 Nam
1370 3575 1488 3670 prima

316 3716 406 3792 gens
431 3695 677 3769 violentorum
703 3701 831 3769 contra
857 3696 973 3769 Deum
1006 3702 1061 3769 est
1092 3695 1128 3768 in
1160 3693 1336 3789 principio
1365 3711 1489 3768 arente

311 3815 438 3909 iacens
464 3834 530 3908 per
556 3821 706 3907 terram,
733 3821 769 3889 et
795 3814 901 3890 istam
928 3812 1094 3888 viderant
1112 3812 1240 3886 stando
1257 3813 1294 3886 in
1311 3810 1488 3886 extremi·

316 3939 391 4008 tate
417 3933 591 4027 nemoris3
610 3932 692 4008 ideo
719 3953 816 4007 nunc
843 3933 1054 4007 habueruut
1079 3933 1133 4006 ire
1152 3952 1219 4027 per
1235 3931 1386 4028 longum
1404 3952 1487 4026 spa-

317 4052 409 4125 tium
435 4058 633 4145 antequam
660 4051 824 4127 viderent
839 4043 876 4145 (³)
908 4053 1105 4126 secundam
1132 4058 1281 4148 gentem
1307 4051 1486 4125 violento-

316 4192 401 4244 rum
424 4177 552 4246 contra
570 4180 752 4265 naturam,
771 4172 834 4266 qui
845 4160 883 4263 (⁴)
901 4172 1099 4246 currebant
1119 4191 1186 4266 per
1202 4190 1365 4244 arenam.
1383 4171 1486 4246 Unde

315 4289 422 4364 dicit:
457 4293 598 4381 quando
630 4294 885 4363 incontrommo
918 4311 991 4363 ooo
1023 4293 1171 4381 redimo,
1209 4291 1300 4364 idest
1333 4297 1484 4385 sectam,

314 4412 350 4483 α’
359 4412 474 4483 omme
490 4412 550 4483 cde
566 4412 693 4483 venian
709 4415 814 4504 lungo
832 4413 1004 4503 torpino,
1022 4410 1114 4484 idest
1131 4429 1245 4506 prope
1260 4401 1296 4503 (⁶)
1316 4430 1382 4504 per
1398 4430 1484 4485 are-

314 4551 399 4604 nam
427 4530 496 4604 sub
522 4530 701 4624 dammis3
728 4537 766 4620 et
789 4530 873 4605 dicit
899 4530 997 4625 quod
1022 4529 1225 4605 defixerant
1249 4528 1402 4626 singular
1428 4530 1484 4603 in-

375 4748 404 4812 (¹)
420 4749 445 4799 S.
462 4747 527 4800 idest
543 4747 606 4800 iecit
620 4749 696 4800 sicut.

375 4824 402 4888 (¹)
418 4824 444 4874 S·
460 4824 619 4889 nescioquis
636 4824 724 4875 fuerit.
734 4852 762 4862 -
775 4825 806 4875 Β.
822 4838 838 4874 e
856 4827 910 4885 tto,
927 4825 1013 4874 nescio
1029 4823 1087 4888 quis
1102 4822 1203 4875 iecerit

374 4901 443 4963 (¹)S.
460 4903 578 4953 venirent
592 4903 624 4953 ad
640 4903 787 4953 oecuudrm.
850 4901 919 4964 (⁸)E.
935 4901 1119 4966 qntjaoebant.
1183 4899 1253 4964 Μ.
1270 4913 1353 4965 propo
1368 4914 1483 4953 amm.
