4154 6546
451 782 529 846 155.
773 784 777 797 ·
841 788 1044 843 counnruu
1070 789 1222 843 rnrnnnr
1252 867 1257 876 Ι

447 938 549 1011 niens
574 941 630 1010 est
655 934 747 1027 iaus,
774 954 887 1027 quam
913 935 995 1028 quis
1020 934 1417 1030 praedicntdeseipso‚
1440 943 1619 1031 ettamen

446 1055 583 1130 inducit
620 1053 755 1128 Eneam
797 1074 837 1128 se
874 1053 1082 1129 laudantem
1119 1062 1157 1129 et
1193 1054 1397 1130 dice-ntem:
1435 1077 1511 1129 sum
1536 1060 1619 1150 piru

447 1182 562 1249 Encas
578 1180 647 1248 etc.
666 1173 753 1266 quin
779 1179 860 1247 erat
876 1172 974 1267 exul,
995 1174 1185 1270 profugus,
1201 1183 1239 1249 et
1256 1175 1412 1271 ignotus.
1431 1178 1482 1251 itu
1507 1184 1617 1252 autor

447 1295 505 1369 iric
531 1314 571 1368 se
596 1295 748 1367 honeste
773 1292 977 1387 comendau
1004 1299 1047 1365 ut
1072 1294 1238 1368 ostendat
1262 1315 1302 1369 se
1325 1294 1456 1369 merito
1481 1296 1620 1391 potuis-

448 1436 487 1487 se
503 1409 538 1505 (¹)
568 1419 710 1486 tantum
737 1434 854 1507 opns;
881 1433 967 1486 nam
993 1412 1021 1486 si
1048 1421 1213 1488 vocnsset
1237 1434 1277 1488 se
1297 1414 1479 1511 insanum,
1497 1422 1539 1489 ut
1562 1416 1620 1491 isti

449 1533 563 1606 insani
588 1532 711 1608 dicere
735 1534 874 1626 volunt,
892 1539 980 1608 tunc
996 1534 1209 1630 abrogasset
1229 1533 1337 1609 iidem
1359 1536 1461 1631 operi
1477 1544 1622 1630 sumet

449 1657 517 1728 lroc
543 1662 623 1729 erat
647 1654 791 1728 dicere:
818 1655 940 1727 nescio
966 1654 1053 1746 quid
1083 1655 1288 1748 scripserim
1320 1661 1357 1729 et
1384 1656 1551 1730 dixerim.
1576 1656 1622 1729 iit

449 1795 570 1849 nonne
595 1794 723 1848 omnes
749 1781 865 1867 poetae
890 1794 930 1847 se
960 1774 1232 1848 laudaverunt?
1251 1775 1426 1861 Quotiens
1451 1777 1622 1873 Virgilius

449 1917 487 1968 sc
513 1894 707 1968 comendat
722 1885 758 1985 (²)
778 1894 815 1965 in
833 1892 1041 1986 Buccoiicis,
1060 1893 1257 1988 Georgicis,
1275 1899 1312 1966 et
1329 1893 1472 1969 Eneidis
1485 1888 1536 1990 (³),
1552 1897 1620 1974 ubi

448 2016 554 2088 dicit:
582 2015 766 2087 Fortunati
790 2014 902 2085 ambo.
930 2011 1100 2086 Horatius
1128 2011 1235 2085 dicit:
1263 2013 1387 2085 roera
1411 2035 1480 2106 per
1503 2037 1621 2109 popu-

448 2138 519 2207 lum
541 2137 644 2226 posui
666 2136 812 2224 vestigia
831 2135 1005 2225 princeps.
1032 2130 1180 2219 Ovidius
1205 2131 1241 2204 in
1267 2131 1339 2206 fine
1363 2132 1410 2207 de
1429 2135 1620 2211 Transier-

449 2255 556 2328 mntis
569 2243 629 2346 (ῆι
660 2259 808 2345 dumque
834 2273 920 2344 opus
944 2254 1055 2342 exegi.
1084 2251 1274 2325 Lucanus:
1310 2256 1484 2338 monum
1508 2256 1621 2327 Smt'r-

450 2377 520 2446 1ιεὶ
531 2383 599 2448 etc.
618 2374 711 2462 Quid
724 2369 916 2448 Lucretius
933 2375 1062 2466 pocta?
1078 2371 1249 2445 Discurre
1265 2391 1331 2466 per
1349 2378 1466 2445 totum
1485 2373 1619 2447 librum

451 2495 562 2567 Boetii
578 2486 627 2584 (⁵),
662 2501 699 2567 et
731 2493 868 2566 videbis
899 2492 928 2564 si
954 2491 1010 2564 vir
1035 2491 1105 2584 iiie,
1133 2510 1205 2563 non
1237 2491 1345 2565 modo
1375 2493 1527 2586 sapiens,
1558 2495 1622 2568 sed

450 2620 609 2706 sanctus,
638 2633 678 2685 se
709 2611 846 2703 ubique
876 2611 1119 2684 commendat.
1156 2611 1339 2685 Praeteren
1365 2633 1486 2688 nonne
1505 2621 1622 2688 ¹uutor

451 2737 574 2804 noster
599 2731 682 2802 alibi
708 2750 794 2824 sepo
814 2750 854 2804 se
871 2729 1065 2802 comendat
1079 2718 1115 2819 (⁶)
1135 2731 1343 2823 expressius
1367 2737 1404 2805 et
1424 2733 1558 2806 clarius
1586 2734 1622 2805 in

451 2852 573 2924 multis
600 2851 698 2943 locis,
724 2856 762 2923 et
787 2849 940 2922 tirmiter
965 2849 1151 2943 praemittit
1165 2840 1203 2941 (⁷)
1223 2850 1289 2923 sibi
1317 2852 1464 2937 samam,
1491 2860 1533 2926 ut
1557 2873 1624 2947 po-

450 2977 519 3045 test
553 2977 679 3065 potere
712 2968 937 3061 inquirenti?
967 2968 1036 3043 Sed
1069 2976 1296 3063 supponatur
1320 2961 1355 3062 (Β)
1390 2972 1488 3066 quod
1513 2981 1624 3049 autor

450 3091 607 3165 notuerit
627 3111 695 3164 nec
710 3090 878 3164 debuerit
903 3109 943 3164 se
960 3090 1122 3183 laudare,
1144 3090 1263 3164 adhuc
1280 3097 1351 3164 stat
1367 3092 1471 3167 litera
1484 3093 1624 3169 autoris

450 3212 486 3284 in
509 3210 656 3305 proprio
672 3201 707 3301 (⁹)
727 3231 848 3304 sensu,
866 3211 953 3303 quia
972 3210 1001 3282 si
1023 3210 1149 3283 inisset
1167 3210 1303 3304 asinus,
1326 3216 1448 3285 tamen
1469 3220 1551 3287 erat
1568 3204 1621 3304 (ω)

449 3339 574 3406 sentus
593 3331 687 3404 inter
705 3330 806 3424 iilos3
825 3331 923 3404 unde
939 3330 1073 3404 clarius
1089 3350 1130 3405 se
1146 3331 1294 3424 exponit
1311 3331 1404 3405 inira
1430 3332 1465 3404 in
1480 3325 1535 3423 (¹¹)
1552 3332 1624 3407 fine

450 3453 552 3525 istius
581 3451 740 3545 capituli,
772 3451 833 3523 ubi
865 3451 972 3524 dicit:
1009 3453 1044 3522 lo
1075 3456 1166 3523 sesto
1196 3454 1406 3542 compagum
1434 3456 1472 3525 in
1505 3457 1625 3527 dreini

449 3593 574 3644 scema.
593 3571 690 3665 Ergo
716 3571 810 3643 bene
836 3576 935 3662 patet
959 3569 1058 3661 quod
1082 3575 1192 3642 antor
1214 3570 1293 3641 vult
1308 3569 1431 3644 dicere
1453 3572 1622 3646 sciuisse

449 3697 595 3765 sextum
614 3690 649 3762 in
669 3709 826 3762 numero
845 3688 1011 3780 iliorum;
1028 3693 1066 3760 et
1088 3687 1182 3761 bene
1202 3694 1240 3760 et
1254 3688 1354 3781 juste
1375 3689 1492 3782 potuit
1508 3689 1623 3763 collo-

450 3811 525 3885 rnri
548 3810 642 3884 inter
668 3829 743 3901 eos,
760 3813 950 3900 tamquam
969 3806 1088 3880 socius
1107 3805 1309 3901 Virgilii-
1321 3799 1409 3879 Cori.
1428 3807 1492 3881 Hic
1512 3814 1624 3882 autor

451 3930 607 4005 ostendit
632 3926 818 4023 quomodo
835 3946 920 3999 cnm
938 3924 1040 3999 dictis
1057 3925 1172 4019 poetis
1189 3925 1275 4019 ipse
1281 3927 1490 4020 pervenerit
1502 3918 1557 4018 (¹¹)
1576 3928 1623 4002 ad

452 4051 652 4145 hospicium
679 4046 873 4142 sapientiae.
900 4046 1001 4121 Unde
1026 4045 1133 4119 dicit:
1160 4038 1230 4118 cori
1247 4050 1402 4121 andanm
1418 4050 1527 4140 ortuo
1546 4052 1623 4122 atu

450 4176 598 4260 lummo,
625 4169 716 4243 idest
740 4168 787 4243 ad
816 4166 938 4240 iocum
971 4166 1195 4240 luminosum
1228 4173 1265 4240 et
1295 4167 1451 4260 clarum,
1476 4167 1523 4242 de
1548 4190 1624 4262 quo

449 4291 585 4365 dictum
612 4295 668 4364 est
693 4309 815 4382 supra.
842 4286 886 4360 Et
910 4286 1016 4360 dicit:
1039 4289 1221 4378 portando
1246 4307 1324 4359 cose
1343 4289 1403 4359 one
1418 4291 1444 4360 'l
1467 4283 1625 4364 (ποτὰ

636 4452 763 4459 ..ι-ο...-
936 4449 1082 4456 -----
1108 4447 1378 4455 ------.-..----.
1402 4449 1589 4459 -----..

512 4526 538 4585 (¹)
557 4532 609 4579 116.
628 4528 808 4590 composuisse.
1046 4523 1072 4584 ζ’)
1090 4525 1119 4574 Ε.
1137 4525 1340 4575 commendabat.

513 4603 539 4661 (¹)
554 4604 579 4651 S.
598 4604 710 4653 AEneidn.
1045 4603 1071 4662 Ρ)
1088 4602 1114 4651 S.
1130 4615 1146 4651 e
1164 4602 1193 4651 E.
1211 4602 1243 4652 de
1260 4603 1536 4654 transformntionibns.

512 4678 539 4736 (¹⁸)
556 4683 609 4738 111,
626 4679 708 4728 Bocrii
725 4681 755 4729 do
770 4683 946 4731 commotione.
1045 4679 1071 4739 (⁸)
1088 4680 1118 4728 Ε.
1135 4680 1298 4730 commendat
1314 4681 1459 4742 expressius
1468 4684 1501 4730 et
1517 4679 1622 4729 cirum.

511 4753 537 4810 ζ’)
556 4757 609 4812 tto,
626 4753 650 4802 S.
667 4765 682 4800 e
700 4754 730 4802 R
747 4756 884 4817 promittit.
1045 4753 1072 4812 (⁸)
1090 4758 1144 4813 ito,
1162 4759 1385 4817 prnsuppommr.

515 4831 538 4888 ¹⁸)
555 4830 585 4879 E.
600 4831 626 4880 in
644 4829 729 4892 primo
744 4843 828 4881 renco.
1032 4830 1070 4889 (¹⁹)
1088 4835 1142 4889 tto.
1159 4831 1209 4880 suit
1223 4835 1310 4881 sextus
1326 4832 1394 4882 inter
1410 4830 1482 4883 udos.

497 4904 535 4968 (¹¹)
554 4910 606 4965 rm,
625 4906 650 4954 in
667 4906 800 4969 principio.
1036 4905 1072 4965 (¹¹)
1091 4906 1120 4956 E.
1137 4907 1262 4969 pervenit.
