4154 6546
451 816 523 885 398
841 828 1046 887 munorum
1068 833 1221 887 rursum

449 985 504 1051 est
528 974 688 1051 breviter
707 975 894 1049 sciendum
913 978 1023 1071 quod,
1042 978 1136 1051 sicut
1154 979 1277 1055 scribit
1292 970 1328 1069 (¹)
1349 977 1498 1052 Ovidius
1515 976 1626 1052 valde

448 1094 578 1168 diffuse
602 1094 640 1167 iu
664 1114 761 1168 nono
787 1096 945 1190 maioris,
971 1098 1146 1171 Hercules
1171 1099 1400 1191 fortissimus,
1428 1098 1624 1172 hominum

448 1215 612 1288 omniurn
628 1215 744 1290 victor
757 1216 933 1311 pugnavit
949 1217 1125 1312 singulari
1145 1218 1347 1294 certamine
1362 1238 1449 1292 cum
1463 1217 1626 1292 Acheloo

447 1355 515 1429 pro
540 1335 704 1409 habenda
730 1336 898 1430 Deianira
921 1337 1061 1433 virgine
1086 1338 1308 1431 pulcerrima
1335 1337 1407 1410 lilia
1423 1336 1538 1412 Ollnei
1560 1357 1625 1411 re·

447 1454 503 1548 gis
528 1454 721 1528 Calidoniae
746 1456 782 1528 in
811 1456 963 1549 Graecia,
997 1476 1081 1549 quae
1110 1456 1280 1550 Dejauira
1311 1456 1378 1529 luit
1409 1476 1515 1530 soror
1546 1457 1625 1530 lle·

447 1573 561 1670 leagri
586 1581 625 1648 et
648 1575 831 1648 fortissimi
856 1575 1003 1669 Thidei3
1030 1582 1068 1649 et
1096 1596 1183 1648 cum
1212 1576 1360 1649 obtenta
1388 1574 1538 1649 victoria
1561 1596 1625 1650 re-

449 1701 656 1769 verteretur
668 1695 773 1769 latus
787 1696 822 1768 in
837 1696 991 1790 patriam
1006 1716 1092 1770 cum
1106 1695 1259 1790 virgine,
1272 1694 1410 1769 invenit
1423 1695 1460 1768 iu
1473 1695 1570 1769 viam
1582 1687 1623 1787 (¹)

448 1834 582 1887 novam
608 1836 781 1910 pugnarn.
807 1817 898 1888 Nam
917 1837 1002 1890 cum
1020 1815 1244 1910 pervenisset
1260 1815 1306 1888 ad
1325 1815 1480 1888 lluvium
1494 1806 1533 1907 (³)
1550 1836 1623 1889 uo·

448 1932 548 2006 mine
571 1932 750 2028 Enetum,
767 1935 830 2028 qui
856 1935 973 2009 lactus
998 1923 1125 2027 oratl⁴l
1153 1933 1345 2008 violentior
1361 1934 1467 2008 solito
1492 1954 1539 2009 ex
1563 1935 1623 2008 al·

447 2052 595 2126 luvioue
619 2074 803 2146 aquarum
819 2046 869 2149 (⁵),
888 2075 960 2128 non
986 2055 1145 2128 audebat
1176 2054 1406 2129 committere
1430 2074 1471 2128 se
1494 2074 1618 2148 aquae,

447 2193 521 2247 nou
551 2173 635 2266 quia
671 2174 818 2249 timeret
851 2176 928 2269 sibi,
954 2176 1018 2249 sed
1052 2175 1161 2249 uxori
1190 2194 1277 2248 suae.
1309 2176 1352 2246 Et
1382 2194 1469 2249 ecce
1498 2174 1623 2251 subito

448 2294 581 2366 Nessus
606 2301 805 2368 centaurus
817 2286 854 2387 (⁶)
881 2297 1060 2390 persuasit
1085 2295 1152 2368 sibi
1177 2300 1218 2367 ut
1242 2299 1388 2369 nataret
1408 2293 1561 2367 fluvium
1579 2300 1620 2368 et

451 2413 528 2507 ipse
552 2422 714 2507 portaret
740 2416 946 2509 Deianiram
973 2416 1142 2509 sospitem
1163 2434 1273 2507 super
1290 2435 1388 2507 equo
1401 2405 1450 2505 (⁷).
1477 2414 1622 2488 Hercu-

452 2532 503 2605 les
528 2553 618 2628 ergo
644 2535 788 2609 tradidit
812 2536 971 2629 puellam
997 2536 1163 2630 pavidam
1189 2536 1313 2629 Nesso,
1333 2542 1369 2608 et
1390 2535 1467 2630 ipse
1491 2546 1623 2611 natans

452 2654 593 2727 fortiter
617 2660 744 2728 contra
769 2656 947 2750 impetum
973 2656 1132 2729 lluminis
1149 2657 1314 2750 pervenit
1331 2656 1376 2729 ad
1396 2657 1550 2730 alteram
1569 2655 1623 2729 ri-

453 2796 554 2868 pam5
572 2780 608 2848 et
625 2776 797 2849 continuo
814 2775 952 2848 audivit
969 2796 1097 2849 vocem
1116 2777 1294 2870 Dejanirae
1311 2777 1512 2870 clamantis,
1530 2775 1620 2870 quia

449 2895 583 2967 Nessus
607 2895 759 2987 parabat
784 2896 906 2969 lacere
930 2895 1138 2971 violentiam
1168 2896 1245 2969 sibi.
1276 2896 1360 2969 ldeo
1390 2902 1496 2992 capto
1527 2915 1618 2969 arcu

451 3020 487 3087 et
512 3015 650 3109 sagittis
674 3015 846 3089 clamavit
860 3005 922 3107 (ἦε
947 3035 971 3088 o
996 3016 1165 3109 violente,
1190 3035 1264 3088 nou
1293 3014 1426 3089 evades
1451 3015 1622 3108 quamvis

449 3134 607 3209 confidas
632 3136 823 3212 velocitate
853 3136 950 3229 equi,
977 3136 1062 3230 quia
1095 3135 1224 3230 sagitta
1257 3155 1341 3209 mea
1373 3134 1565 3211 violentior
1579 3127 1619 3227 (⁹)

448 3254 540 3348 erit;
566 3265 603 3330 et
627 3254 801 3328 continuo
826 3275 911 3328 cum
938 3255 1066 3349 sagitta
1100 3254 1233 3328 emissa
1265 3253 1445 3330 transfixit
1471 3264 1619 3348 tergum

448 3376 538 3468 eius,
556 3376 605 3450 ita
630 3375 729 3468 quod
753 3381 839 3449 ante
859 3385 897 3450 et
913 3386 1013 3450 retro
1034 3375 1169 3450 lluebat
1186 3374 1343 3468 sanguis.
1363 3376 1464 3448 Tunc
1484 3375 1621 3447 Nessus

446 3494 535 3567 dixit
559 3515 709 3568 secum:
737 3515 809 3567 non
835 3495 973 3568 moriar
1005 3494 1082 3567 sine
1100 3493 1276 3586 vindicta3
1294 3499 1331 3566 et
1356 3494 1528 3568 continuo
1554 3492 1621 3567 de·

446 3614 498 3686 dit
529 3615 706 3708 Dejanirae
732 3615 918 3687 camisiam
946 3615 1093 3690 tinctam
1126 3613 1305 3708 sanguine
1335 3633 1403 3687 suo
1423 3606 1489 3705 (⁴⁰),
1524 3619 1621 3687 tam-

447 3754 559 3826 quam
578 3735 708 3829 pignus
725 3734 874 3827 amoris,
899 3734 1040 3807 dicens:
1067 3733 1165 3827 quod
1186 3733 1215 3805 si
1233 3752 1437 3826 numquam
1454 3724 1506 3823 (¹¹)
1526 3732 1624 3804 ller-

447 3856 547 3929 culos
566 3854 764 3930 dimitteret
790 3876 871 3928 eam
899 3855 946 3928 ob
971 3851 1138 3927 amorem
1155 3854 1306 3927 alterius
1332 3852 1508 3944 mulieris,
1530 3872 1618 3926 cum

448 3975 507 4049 tali
533 3974 629 4047 dono
655 3984 775 4067 posset
800 3975 918 4066 ipsum
947 3994 1123 4046 revocare
1143 3973 1188 4046 ad
1205 3994 1372 4046 amorem
1390 3992 1513 4046 suum.
1532 3972 1619 4047 Post

448 4094 598 4190 longum
623 4094 798 4188 temporis
823 4101 980 4167 tractum
1009 4094 1183 4167 Hercules
1206 4094 1299 4187 cepit
1324 4093 1520 4185 civitatem,
1536 4112 1622 4186 quoe

448 4223 503 4288 est
527 4213 621 4287 dicta
646 4213 797 4308 OEtalia‚
823 4214 885 4286 ubi
912 4221 1040 4307 captus
1065 4219 1119 4287 est
1144 4233 1273 4286 amore
1292 4213 1381 4286 lolm
1405 4211 1487 4286 liliae
1504 4212 1621 4308 reg‘m3

509 4415 536 4476 (¹)
554 4419 607 4476 116,
625 4416 751 4465 describit.
1057 4412 1085 4475 [¹]
1102 4415 1132 4463 E.
1149 4415 1175 4463 in
1192 4415 1240 4463 via.

508 4489 534 4551 (⁸)
552 4494 605 4551 llll,
622 4490 730 4539 llurium
747 4489 895 4549 Helvetium,
912 4492 965 4554 qul.
1058 4489 1085 4551 (¹)
1108 4489 1132 4539 S.
1151 4489 1244 4539 mern.

506 4568 532 4629 ς’)
548 4567 575 4617 S.
593 4580 727 4629 emtarum,
744 4572 771 4617 et
785 4569 839 4630 ipse
856 4572 972 4630 portaret
989 4566 1135 4630 &anirum
1150 4567 1271 4630 sospitem
1288 4579 1365 4628 super
1381 4578 1521 4629 equom
1538 4563 1621 4615 aude-

449 4644 491 4693 bat
507 4644 670 4694 committere
687 4658 713 4693 se
730 4658 811 4707 aqum.
828 4644 861 4693 Et
877 4658 947 4695 ecce.

508 4720 535 4781 (⁸)
553 4723 607 4778 116,
624 4724 762 4768 centaurus
778 4720 961 4782 surlervcnicns
979 4720 1112 4781 persuasit.

507 4796 533 4856 (ll
549 4796 580 4845 Ε.
596 4809 674 4858 cuper
689 4809 795 4860 equum
946 4797 972 4858 (¹)
989 4797 1020 4846 E.
1037 4796 1178 4847 Herculea:
1194 4809 1211 4846 o
1226 4795 1337 4845 violente
1353 4794 1434 4854 Nesei,
1451 4793 1619 4845 moerenia.

508 4873 534 4932 (1)
551 4873 581 4922 v„
598 4873 711 4923 velocior
727 4875 778 4924 erit
793 4880 832 4931 te:
848 4879 875 4925 at
891 4875 1016 4925 continuo
1032 4874 1230 4936 multra—lle,
1247 4873 1361 4922 velocior
1371 4871 1437 4933 erit;
1447 4875 1474 4921 et
1486 4871 1619 4921 continuo.

495 4950 534 5012 (¹⁰)
551 4949 581 4999 Ε.
598 4962 644 4998 suo
661 4951 753 5011 prlmo,
771 4956 911 5014 tamquam.
1041 4949 1079 5012 (¹¹)
1097 4954 1142 5001 116
1158 4963 1174 4999 o
1190 4949 1222 4999 ll.
1237 4949 1259 4999 ul
1275 4960 1399 5012 unquam.
