4154 6546
769 788 907 844 CANTUS
932 789 1088 844 eburnus
1112 788 1305 844 succubus.
1549 778 1616 844 411

451 956 644 1010 musarum
669 934 821 1027 amicus,
838 935 876 1007 in
901 933 1090 1030 tragoedia,
1116 954 1228 1026 quam
1255 933 1337 1008 iecit
1362 933 1409 1009 de
1433 933 1619 1026 Eccerin0‚

450 1059 486 1132 in
512 1079 586 1151 qua
611 1056 724 1152 fingit,
750 1055 848 1149 quud
873 1055 983 1129 fuerit
1014 1055 1159 1150 genitus
1193 1074 1240 1128 ex
1265 1061 1370 1148 patre
1395 1055 1557 1129 Diabole.
1572 1093 1622 1108 -

450 1184 482 1252 E
516 1180 615 1269 qaeu
633 1180 736 1249 altre
772 1175 837 1249 Hic
869 1182 978 1248 autor
1013 1174 1175 1249 nominat
1212 1175 1326 1248 atium
1347 1170 1383 1267 (¹)
1423 1182 1620 1270 tyrannum

451 1298 681 1389 modernum,
700 1296 763 1390 qui
788 1296 857 1369 suit
881 1300 961 1389 pust
985 1294 1204 1387 Eccirinum‚
1222 1303 1259 1369 et
1275 1295 1340 1368 sibi
1359 1296 1532 1388 vicinum,
1550 1294 1621 1369 sci-

451 1420 534 1493 licet
558 1417 755 1491 Obizenem
770 1407 806 1508 (²)
835 1415 1084 1489 marchionem
1106 1421 1297 1489 estensem.
1316 1415 1371 1488 Ad
1388 1415 1493 1489 cuius
1515 1415 1621 1489 intei-

450 1538 636 1635 ligeutiam
663 1543 717 1610 est
743 1535 957 1628 notandum,
982 1535 1080 1628 quod
1104 1545 1214 1612 autor
1240 1542 1363 1610 nester
1390 1556 1463 1609 nen
1483 1534 1620 1610 descri-

450 1660 502 1733 bit
517 1649 554 1751 (³)
585 1657 783 1731 Obizonem
816 1678 839 1730 a
868 1662 969 1730 certa
1007 1656 1151 1730 macula
1189 1656 1328 1748 frontis,
1360 1656 1453 1730 sicut
1486 1655 1622 1729 fecerat

450 1779 670 1872 Eccirinurn,
708 1778 794 1871 quia
833 1778 976 1851 macula
1018 1776 1186 1850 Obizonis
1223 1776 1343 1850 iuerat
1379 1775 1619 1850 accidentalis.

450 1902 585 1974 Fuerat
610 1899 708 1973 enim
734 1899 959 1990 monoculus,
986 1917 1059 1971 n0u
1083 1918 1106 1971 a
1132 1904 1276 1990 natura,
1294 1896 1358 1971 sed
1375 1918 1397 1970 a
1415 1917 1516 1988 casu,
1533 1916 1620 1969 cum

450 2019 687 2094 hastiluderet
711 2018 759 2093 ob
784 2037 950 2092 amorem
978 2017 1169 2091 cuiusdam
1196 2016 1371 2110 deminae3
1399 2016 1481 2091 ideo
1505 2016 1621 2089 deno-

451 2142 610 2215 minatus
647 2145 702 2213 est
739 2137 902 2212 marchio
933 2137 1044 2211 Obizo
1086 2138 1133 2211 ab
1170 2140 1309 2230 ocuto;
1346 2138 1410 2211 sed
1452 2135 1622 2210 describit

451 2263 568 2357 ipsum
594 2281 618 2334 a
642 2258 886 2354 pulcritudine
903 2259 1076 2353 corporis,
1103 2258 1189 2352 quia
1213 2259 1351 2332 Domus
1373 2258 1530 2333 Estensis
1556 2279 1622 2330 ua-

452 2380 618 2455 turaiiter
643 2379 770 2453 babuit
795 2398 924 2452 omues
949 2398 1104 2472 corpore
1130 2379 1286 2472 pulcros,
1308 2378 1401 2452 sicut
1426 2378 1619 2451 Azuneml

451 2503 514 2597 qui
539 2501 606 2574 fuit
635 2499 805 2574 domiuus
830 2499 996 2592 Veronae,
1021 2500 1068 2573 de
1094 2520 1170 2592 quo
1203 2500 1347 2574 dicetur
1379 2499 1537 2594 capitulo
1562 2498 1620 2591 Vl,

451 2620 675 2717 Purgaterii3
702 2626 739 2693 et
762 2621 923 2692 Azouern
947 2620 978 2693 ll
1003 2619 1118 2694 filium
1151 2620 1269 2713 primi,
1296 2620 1359 2714 qui
1384 2619 1519 2715 eripuit
1549 2619 1620 2691 Pa-

450 2744 562 2816 duam
587 2740 751 2814 Eccirino
776 2760 843 2835 pro
868 2740 1030 2832 ecclesia,
1053 2747 1090 2815 et
1115 2740 1233 2834 ipsum
1264 2741 1470 2814 Eccirinum
1497 2739 1621 2814 debei-

452 2862 540 2935 iavit
562 2860 658 2954 apud
684 2859 848 2933 Adduam
875 2860 1011 2934 ilumen
1038 2859 1288 2952 Lumbardiae;
1316 2859 1400 2933 vicit
1424 2859 1535 2933 etiam
1553 2859 1622 2932 Fe-

452 2980 617 3054 dericum
650 2980 680 3050 ll
716 2979 814 3073 apud
847 2980 1032 3073 Parmam,
1059 2986 1100 3052 ut
1131 2980 1274 3053 dicetur
1305 2978 1401 3052 aiibi.
1428 2978 1540 3051 Obizo
1574 2978 1621 3051 ab

452 3103 561 3177 ecuiu
585 3121 697 3195 nepos
722 3100 824 3174 istius
850 3101 980 3174 Azouis
1006 3103 1035 3175 ll
1061 3108 1168 3174 natus
1193 3107 1249 3175 est
1273 3120 1320 3174 ex
1345 3100 1531 3195 Raynaido
1549 3099 1621 3173 tilio

452 3225 532 3299 eius
556 3222 594 3295 iu
619 3242 769 3295 carcere
794 3222 942 3296 secundi
969 3221 1130 3295 Federici
1157 3221 1193 3294 in
1220 3219 1361 3315 Apulia,
1383 3240 1496 3312 quem
1517 3227 1620 3313 pater

449 3344 599 3418 dederat
633 3342 807 3416 Federico
839 3343 873 3413 in
906 3341 1090 3433 obsideru3
1116 3347 1153 3414 et
1186 3341 1268 3415 iicet
1298 3360 1394 3434 saepe
1423 3339 1619 3413 Federicus

449 3463 599 3537 offerret
615 3451 650 3553 (⁴)
679 3461 831 3536 reddere
865 3460 942 3554 sibi,
959 3481 1180 3553 numquam
1213 3459 1327 3534 votuit
1365 3460 1539 3534 recedere
1573 3460 1620 3533 ab

450 3583 600 3658 ecclesia
639 3588 786 3676 prepter
825 3602 1047 3674 recuperare
1086 3581 1237 3654 unicum
1272 3579 1386 3653 fitium
1427 3602 1536 3654 suum
1564 3580 1620 3653 di-

448 3704 596 3776 lectum.
622 3704 667 3775 Et
691 3704 738 3776 0b
765 3704 833 3776 buc
858 3701 969 3775 Obizo
999 3707 1124 3794 postea
1157 3699 1224 3773 suit
1256 3700 1378 3773 iautor
1407 3707 1445 3774 ct
1473 3700 1620 3774 adiutor

448 3822 579 3895 Careio
604 3824 617 3894 l
643 3829 770 3895 centra
796 3822 1024 3896 Mauiredum
1047 3821 1162 3893 fitium
1187 3819 1349 3894 Federici
1368 3820 1403 3893 in
1423 3819 1616 3894 vindictam

447 3942 568 4035 patris.
595 3942 660 4016 Hic
685 3942 798 4015 Obizo
824 3942 950 4016 babuit
985 3948 1059 4015 tres
1094 3940 1185 4015 filios
1221 3939 1445 4036 magnificos,
1484 3940 1621 4016 scilicet

448 4061 607 4135 bzuuem
640 4061 924 4156 primogenitum
961 4060 1373 4157 magnificentissimum,
1407 4060 1470 4153 qui
1501 4059 1620 4133 dictus

448 4188 503 4257 est
527 4181 743 4273 Azoll1,de
769 4202 844 4274 quo
869 4182 927 4256 bic
953 4181 993 4254 tit
1019 4180 1169 4273 mentio,
1194 4185 1231 4253 et
1256 4178 1340 4252 abbi
1364 4199 1461 4273 saepe
1487 4179 1523 4253 in
1550 4180 1620 4255 isto

447 4301 551 4393 libro,
576 4308 614 4375 et
639 4301 872 4375 Franciscum
905 4308 942 4376 et
971 4300 1295 4392 Aldrevaudinum,
1331 4319 1376 4373 ex
1411 4320 1485 4392 quo
1510 4306 1620 4374 natus

325 4460 328 4466 v
447 4429 502 4496 est
525 4422 648 4514 ebizo,
662 4421 724 4515 qui
752 4423 868 4495 tenuit
892 4421 1096 4495 dominium
1121 4420 1249 4495 diebus
1275 4418 1418 4512 nostris,
1435 4426 1538 4514 pater
1555 4420 1618 4493 Ni-

447 4543 537 4617 cuiai
566 4561 683 4636 nuper
709 4542 878 4638 regentis,
897 4548 934 4615 et
960 4541 1167 4636 Raynaidus
1187 4546 1224 4613 et
1249 4539 1427 4613 Nicolaus.
1455 4539 1506 4612 nd
1532 4560 1618 4634 pro-

447 4661 605 4757 positum
643 4682 734 4757 ergo
766 4668 875 4735 autor
914 4661 1077 4734 nominat
1113 4660 1172 4734 bic
1206 4659 1456 4734 marchionem
1489 4658 1618 4734 Obize-

509 4834 536 4895 (')
553 4833 582 4882 E.
600 4832 681 4882 aliurn
697 4833 806 4882 nimium
823 4833 986 4883 modernum.
1071 4833 1098 4894 (Ἰ
1115 4832 1145 4882 Ε.
1162 4832 1303 4896 Opim
1315 4834 1378 4893 (eust
1393 4835 1513 4896 umbre).

510 4909 537 4970 (⁸)
554 4910 584 4959 E.
601 4910 722 4960 describit
736 4910 815 4960 istum
831 4924 845 4960 ι
862 4915 941 4960 certa.
1075 4910 1102 4972 (Ἴ
1118 4910 1144 4960 s.
1160 4909 1267 4961 oberret
1283 4909 1350 4961 velie
1368 4909 1484 4961 redden.
