4154 6546
646 777 784 833 caurus
810 777 965 833 neamus
988 777 1182 833 sncuxuus.
1423 764 1494 831 llll

327 931 391 998 aut
417 944 572 998 suorum
610 923 825 1017 sanguinem
865 923 1017 998 sitiebat.
1057 923 1244 998 Violentus
1274 923 1342 999 luit
1366 928 1497 996 contra

328 1051 510 1138 naturam,
537 1044 623 1138 quia
648 1064 721 1117 non
746 1049 938 1117 maternus
964 1045 1110 1118 luxuria
1135 1045 1384 1137 flemmarum,
1403 1062 1497 1136 qua-

327 1186 411 1239 rum
437 1184 591 1261 gregem
619 1183 794 1258 magnum
821 1157 1000 1254 secuml¹t
1029 1163 1196 1257 habebat,
1223 1163 1397 1238 etiamad
1416 1181 1497 1234 ma-

327 1307 385 1360 res
419 1306 459 1359 se
489 1284 661 1377 extendit,
694 1289 734 1356 ut
762 1283 904 1358 dicetur
937 1283 1031 1358 inira
1069 1285 1227 1379 capitulo
1260 1285 1367 1376 XXII,
1400 1283 1497 1356 sicut

328 1408 404 1479 baec
429 1406 550 1479 omnia
569 1410 692 1498 patent
709 1425 774 1497 per
793 1405 967 1490 Quintum
988 1404 1167 1497 Curtium,
1191 1406 1254 1498 qui
1272 1411 1396 1478 tamen
1415 1405 1497 1499 plus

326 1526 496 1599 omnibus
522 1524 769 1598 Alexandrum
801 1522 927 1597 nititur
958 1525 1228 1598 commendare.
1260 1526 1338 1597 Non
1372 1533 1495 1597 tamen

327 1666 422 1742 nego
447 1645 535 1738 quin
561 1644 730 1718 habuerit
756 1636 939 1735 multas(²)
967 1665 1118 1741 magnas
1142 1645 1307 1739 virtutes,
1326 1652 1363 1719 et
1380 1645 1496 1718 multa

328 1766 609 1861 magnanimiter
634 1765 776 1859 lecerit3
801 1771 924 1839 tamen
943 1765 1135 1839 indiscrete
1151 1772 1188 1839 et
1205 1767 1347 1841 alterne
1369 1766 1496 1839 babuit

328 1907 500 1982 magnam
518 1884 729 1979 potentiam,
747 1885 833 1978 quia
854 1906 1027 1980 magnam
1048 1885 1233 1960 fortunam
1250 1877 1305 1979 (³);
1328 1885 1437 1979 unde,
1455 1890 1497 1957 ut

327 2028 414 2081 curn
440 2008 589 2078 Lucano
613 2004 840 2098 concludam,
861 2004 928 2077 luit
945 2004 1029 2079 lelix
1056 2006 1190 2100 praedo,
1212 2013 1249 2080 et
1265 2006 1363 2079 urbis
1380 2005 1497 2078 victer

326 2130 372 2202 ab
398 2125 575 2201 ebrietate
599 2123 717 2197 victus
741 2129 808 2216 est,
835 2128 876 2197 ut
900 2124 951 2197 ait
981 2125 1217 2220 Augustinus.
1253 2126 1415 2198 lustinus
1440 2130 1498 2196 ῖθ-

326 2268 412 2321 men
437 2245 522 2319 lacit
548 2245 640 2317 banc
653 2231 691 2335 (⁸)
717 2243 1026 2336 comparationem
1045 2245 1140 2318 inter
1157 2246 1359 2341 Philippum
1376 2236 1412 2336 (⁵)
1431 2263 1498 2339 pa-

327 2375 421 2440 trem
447 2372 484 2440 et
509 2364 756 2438 Alexandrum
785 2363 912 2456 lilium,
946 2364 1032 2456 quia
1066 2364 1150 2438 dicit
1183 2366 1280 2460 quud
1315 2365 1498 2459 Philippus

327 2485 451 2561 ebrius
480 2483 700 2558 desaeviebat
727 2483 795 2556 *in
830 2484 974 2577 hostes3
1009 2483 1214 2559 Alexander
1248 2505 1338 2559 vero
1373 2485 1498 2559 ebrius

325 2604 576 2680 deseviebat*
595 2594 632 2695 (⁶)
658 2605 695 2676 in
721 2624 817 2677 suos.
856 2604 953 2677 Vade
984 2624 1082 2677 nune
1115 2611 1151 2678 et
1184 2605 1316 2699 praeler
1341 2606 1500 2678 Alexan-

326 2727 434 2800 drum
462 2725 594 2798 Caesari
620 2725 648 2797 si
675 2730 788 2818 putes,
812 2730 878 2798 aut
902 2745 1039 2818 quaere
1059 2746 1175 2818 quare
1192 2726 1325 2800 Dantes
1343 2746 1415 2798 non
1432 2745 1499 2819 po-

327 2846 399 2918 suit
423 2845 603 2918 Caesarem
630 2844 698 2937 bic,
716 2844 779 2937 qui
806 2844 902 2918 ultra
928 2844 1017 2918 alias
1042 2845 1194 2919 virtutes
1211 2846 1347 2920 multas
1363 2851 1399 2918 et
1417 2865 1499 2917 ma·

327 2986 417 3062 gnas
443 2965 510 3038 luit
539 2964 783 3037 sobriissimus
814 2965 1019 3058 bominum,
1049 2966 1095 3039 de
1129 2986 1203 3058 quo
1235 2965 1376 3039 dicebat
1408 2965 1498 3038 Catu

295 3102 297 3109 ·
327 3083 595 3159 inimicissimus
620 3083 710 3156 sibi:
736 3087 837 3156 Solus
865 3088 985 3157 Coesur
1016 3087 1153 3157 subdus
1186 3089 1328 3158 accessit
1351 3084 1502 3158 adrem

326 3207 498 3299 publicam
529 3207 759 3276 metendam.
789 3204 996 3278 Alexander
1029 3224 1119 3300 ergo
1147 3195 1184 3296 (⁷)
1219 3227 1268 3277 xn
1302 3204 1406 3279 annis
1440 3224 1501 3279 re·

330 3326 465 3422 gnavit‚
491 3331 529 3398 et
553 3344 667 3396 xxxrxx
692 3323 782 3397 vixit
807 3330 843 3397 et
873 3344 949 3397 uno
983 3344 1121 3418 mense,
1152 3325 1199 3399 de
1229 3345 1302 3418 quo
1336 3344 1432 3420 saepe
1458 3323 1499 3400 rit

328 3445 464 3519 mentio
503 3443 540 3516 in
578 3443 647 3516 istu
685 3443 789 3537 libro,
828 3450 865 3517 et
901 3444 947 3517 de
977 3464 1022 3518 eo
1055 3446 1159 3539 plura
1197 3444 1364 3518 dicentur
1402 3445 1497 3518 alibi.

327 3565 379 3638 Ad
410 3564 634 3659 propositum
665 3583 755 3659 ergo
786 3569 895 3637 autur
920 3564 1022 3658 ponit
1046 3565 1293 3638 Alexandrum
1320 3565 1378 3638 hic
1404 3571 1499 3637 tam-

328 3705 440 3778 quam
459 3684 619 3778 primum
639 3690 675 3757 et
692 3683 890 3778 principem
917 3683 1173 3778 violentorum,
1192 3685 1354 3758 maxime
1370 3691 1499 3758 eontra

328 3805 551 3899 proximum,
577 3805 626 3877 ita
652 3805 750 3896 quod
784 3805 887 3900 punit
912 3825 999 3879 eum
1031 3826 1055 3879 a
1086 3805 1173 3878 vitio
1199 3805 1496 3900 praedominante,

273 3917 278 3924 ⁴
329 3936 366 4002 et
390 3925 561 3999 describit
588 3945 675 3999 eum
701 3925 911 4019 simpliciter
936 3931 974 3998 et
999 3925 1108 4020 nude,
1137 3926 1241 4019 quasi
1266 3924 1378 3999 dicat:
1409 3945 1495 3999 cum

332 4046 482 4120 nomino
507 4044 755 4118 Alexandrum
788 4045 962 4141 intellige,
990 4045 1087 4138 quud
1113 4046 1181 4119 iste
1209 4046 1277 4118 luit
1314 4046 1499 4120 maximus

329 4174 438 4242 auter
463 4165 719 4240 violentiarum
735 4155 773 4256 (Β)
794 4165 830 4237 in
857 4166 979 4259 terris;
997 4166 1078 4240 ideo
1103 4166 1199 4240 bene
1214 4169 1383 4241 Lucanus
1402 4166 1499 4260 dicit,

329 4288 428 4383 quud
444 4287 522 4362 eius
542 4287 708 4360 membra
721 4286 872 4359 luerunt
884 4288 1087 4382 spargenda
1106 4307 1171 4382 per
1187 4288 1336 4361 orbern:
1355 4307 1445 4382 ergo
1460 4279 1496 4379 ζ’)

330 4438 483 4447 ..----

389 4505 417 4569 (¹)
433 4505 464 4557 B.
480 4518 569 4555 meum
586 4518 688 4568 semper
705 4504 822 4554 babebat.
965 4504 992 4564 ρ)
1007 4505 1038 4555 ll.
1054 4505 1150 4554 multas
1164 4509 1192 4555 et
1206 4517 1320 4568 magnas

388 4582 416 4644 (¹)
433 4583 463 4632 E.
480 4581 611 4632 fortunam
628 4582 731 4637 babuit:
747 4581 825 4631 unde.
873 4581 875 4585 '
965 4580 993 4644 (⁸)
1009 4581 1034 4630 S.
1051 4582 1133 4630 istam.

389 4661 417 4721 (⁸)
432 4660 458 4709 S.
472 4659 621 4722 Philippum
638 4663 738 4722 patrem
753 4659 809 4708 eius
824 4661 852 4708 et
869 4657 1056 4707 Alexandrum.
1068 4682 1094 4694 —
1105 4662 1159 4718 llo,
1171 4658 1197 4707 ln
1207 4657 1387 4708 Alexandrum
1398 4661 1426 4706 et
1435 4656 1500 4707 Plri-

328 4737 436 4802 lippum,
454 4739 512 4799 qula
528 4736 599 4785 dicit

389 4812 415 4872 (⁸)
431 4813 468 4863 Le
484 4812 573 4875 parole
589 4812 629 4863 ira
647 4812 655 4861 i
671 4812 722 4862 due
737 4811 869 4862 mteriwbl
885 4824 950 4861 sonu
965 4810 1033 4874 degli
1049 4811 1108 4861 altri
1126 4816 1166 4862 tre
1180 4810 1277 4862 radet.

391 4889 416 4949 5⁷}
433 4889 464 4938 li.
481 4902 543 4940 xero
560 4900 605 4939 xn.
715 4887 742 4951 (Ἴ
758 4888 788 4939 rt
804 4893 941 4939 aucturum
958 4886 1141 4940 salmurum.
1252 4885 1283 4949 (ἢ
1297 4885 1328 4936 lt.
1344 4884 1406 4936 ideo
1422 4883 1496 4934 bene
