4154 6546
465 800 535 871 236
860 815 1062 871 couuuuuu
1086 815 1238 870 murum

461 957 675 1054 positionem
707 958 809 1032 istius
829 951 867 1049 (¹)
898 958 1013 1032 literae
1043 958 1216 1032 dixerunt
1244 958 1343 1051 quod
1372 963 1480 1031 autur
1508 956 1629 1052 luqui-

462 1087 523 1152 tur
540 1069 577 1170 (¹)
603 1078 649 1152 de
674 1077 807 1151 iustitia
832 1083 870 1150 et
898 1077 980 1151 iure
1005 1075 1081 1151 sire
1106 1077 1153 1152 de
1169 1077 1251 1152 iure
1270 1077 1365 1151 civili
1383 1082 1420 1151 et
1440 1076 1626 1169 canonico,

461 1198 594 1291 quibus
618 1197 763 1271 dnobus
787 1195 882 1270 iuste
907 1196 1047 1292 regitur
1071 1215 1190 1293 genus
1210 1198 1435 1290 bumannm;
1453 1195 1515 1270 sed
1532 1193 1627 1268 istud

375 1311 379 1318 '
461 1325 516 1389 est
539 1317 701 1390 alienum
726 1314 863 1390 dicere..
885 1316 976 1389 Nam
1002 1334 1088 1388 cum
1120 1322 1205 1409 peto
1229 1316 1436 1410 simpliciter
1458 1321 1496 1390 et
1519 1314 1629 1388 abso-

461 1436 538 1508 lute
562 1435 590 1508 si
617 1434 747 1527 aliquis
771 1441 826 1539 est
851 1433 967 1508 iustus
991 1435 1028 1507 in
1053 1434 1210 1528 civitate,
1234 1433 1436 1509 secuudum
1462 1451 1631 1506 commu·

463 1573 547 1626 nem
563 1552 714 1626 modum
726 1544 762 1644 (³)
777 1552 947 1646 loquendi
961 1572 1034 1626 uon
1045 1552 1154 1627 debet
1167 1551 1313 1647 intelligi
1327 1550 1392 1624 nisi
1409 1550 1456 1624 de
1472 1549 1629 1624 bomine.

465 1670 665 1744 Dicendum
692 1676 746 1745 est
771 1691 862 1766 ergo
886 1670 984 1764 quod
1008 1677 1117 1744 autur
1142 1669 1303 1763 loquitur
1327 1667 1374 1742 de
1404 1688 1445 1742 se
1475 1675 1512 1742 et
1542 1667 1632 1742 Gui-

465 1790 560 1863 dcne
576 1790 803 1882 Cavalcante,
817 1790 880 1882 qni
893 1778 929 1880 (⁴)
948 1789 1064 1863 derel
1082 1789 1237 1863 veritate
1254 1794 1419 1882 tempore
1440 1788 1501 1862 illo
1527 1794 1632 1862 erant

465 1908 539 1980 duc
564 1906 659 1980 uculi
685 1907 887 1999 Florentia,
905 1906 1095 1980 sedantur
1118 1925 1191 1979 non
1212 1905 1383 1998 exprimit
1404 1926 1550 2000 nomeu,
1568 1906 1632 1980 sed

467 2026 637 2119 relinquit
663 2026 810 2121 intelligi
836 2025 967 2099 iudicio
992 2024 1224 2119 prudentum.
1246 2025 1299 2098 De
1319 2044 1360 2097 se
1385 2025 1483 2098 enim
1509 2025 1632 2097 nullus

466 2145 608 2239 sapiens
632 2144 809 2218 dubitabit
828 2137 882 2236 (⁶l3
898 2145 945 2218 de
962 2144 1127 2218 (luidone
1150 2149 1275 2217 autem
1302 2150 1338 2217 et
1364 2143 1532 2217 laudibus
1549 2143 1630 2218 eius

466 2264 607 2337 dicetur
632 2263 724 2337 inira
745 2263 878 2337 lnlerni
894 2263 1052 2356 capitulo
1072 2262 1105 2334 X
1121 2267 1159 2336 et
1175 2261 1380 2356 Purgaturii
1396 2261 1556 2355 capitulo
1572 2261 1631 2353 Xl,

443 2390 590 2485 Ltamen
615 2383 771 2458 latenter
795 2382 909 2477 tangit
933 2381 1078 2455 dicens:
1104 2402 1123 2452 e
1147 2401 1217 2452 nun
1242 2384 1277 2452 ci
1299 2400 1386 2452 sorno
1408 2383 1520 2471 muri,
1545 2381 1633 2474 quia

469 2521 552 2591 pars
578 2521 709 2594 regens
735 2521 806 2572 non
832 2500 981 2573 adbaesit
1006 2499 1154 2575 consilio
1180 2499 1332 2572 istorum
1348 2499 1531 2573 duorum:
1558 2499 1632 2572 imo

470 2618 587 2689 Guido
612 2619 680 2690 luit
705 2618 836 2691 missus
860 2618 906 2691 ad
936 2618 1089 2692 confinia
1119 2638 1165 2693 ex
1192 2638 1267 2711 quo
1296 2624 1464 2692 mortuus
1493 2624 1566 2711 est3
1597 2626 1634 2691 et

470 2735 661 2807 consillum
686 2736 809 2808 [tantis
833 2743 1008 2830 spretum.
1035 2736 1126 2809 Dicit
1151 2756 1259 2832 ergo:
1278 2739 1381 2826 plusti
1395 2757 1460 2808 son
1476 2739 1549 2827 dui,
1566 2737 1634 2810 sci-

473 2854 555 2927 licet
571 2855 705 2927 bantes
725 2861 762 2928 et
778 2853 895 2927 Guidu
915 2854 1142 2947 flammante,
1160 2877 1179 2926 e
1195 2876 1267 2927 nnn
1287 2859 1323 2928 ui
1337 2876 1424 2929 suno
1442 2859 1553 2947 musi,
1571 2857 1633 2930 sed

470 2979 570 3045 certe
602 2972 674 3046 cito
702 2973 870 3066 poenituit
895 2992 968 3047 eos.
981 2974 1086 3046 —Et
1111 2974 1239 3047 ultimo
1265 2975 1418 3049 Ciacbus
1444 2973 1635 3068 respondet

470 3092 587 3169 tertiae
612 3091 771 3186 petitioni
798 3093 948 3185 autoris,
974 3093 1107 3168 scilicet
1132 3114 1282 3167 causam
1300 3094 1402 3167 istius
1427 3094 1539 3167 civilis
1563 3091 1635 3167 dis-

472 3212 646 3286 sensionis
671 3233 783 3305 quam
804 3212 890 3286 dicit
905 3232 985 3286 esse
1003 3213 1192 3307 triplicem,
1212 3214 1309 3288 unde
1325 3214 1432 3287 dicit:
1451 3214 1632 3306 Superbia,

470 3334 602 3403 inuidia
626 3338 659 3403 ct
682 3334 842 3403 enuncia
857 3352 922 3403 son
940 3335 970 3403 le
987 3340 1040 3404 tre
1053 3336 1186 3425 secede,
1208 3334 1265 3407 vel
1280 3336 1412 3426 sumtu,
1431 3332 1521 3406 idest
1536 3331 1634 3426 quod

473 3450 539 3522 ista
564 3449 634 3521 tria
659 3449 750 3522 vicia
775 3456 861 3522 sunt
879 3440 916 3540 (ὅ)
944 3450 1012 3521 tria
1032 3450 1264 3524 incitamenta
1282 3451 1508 3525 incendentia
1524 3450 1635 3524 corda

473 3586 602 3639 eorum
619 3555 670 3658 (⁷),
695 3566 799 3640 ideo:
826 3557 983 3638 cli'dnno
1007 3570 1021 3638 i
1045 3571 1145 3639 oncri
1168 3570 1289 3657 dcccci,
1314 3574 1352 3641 et
1369 3559 1405 3659 (⁸)
1434 3568 1636 3642 inllamma·

475 3692 606 3758 verunt
631 3686 772 3758 animos
797 3685 1088 3759 Florentinorum
1122 3685 1168 3758 ad
1202 3685 1365 3759 furorem
1399 3687 1500 3758 inse
1527 3685 1633 3779 ipsos,

475 3806 521 3878 ita
548 3805 647 3898 quod
672 3811 771 3879 recte
795 3811 913 3899 potest
937 3803 1134 3878 exclamari
1159 3810 1286 3877 contra
1312 3823 1398 3877 eos:
1419 3806 1502 3890 otiis
1515 3808 1633 3896 surm,

474 3949 496 3994 n
520 3929 608 3998 cives
627 3916 663 4015 (⁹)
682 3930 751 3998 etc.
783 3931 820 3998 et
844 3931 952 3998 autor
980 3923 1129 4016 imponit
1147 3914 1198 4014 (¹⁰)
1227 3922 1337 3997 finem
1366 3923 1487 3998 verbis
1511 3923 1633 3998 Ciacbi

474 4043 615 4117 dicens:
636 4044 695 4118 ille
712 4044 865 4117 Ciacbus
881 4046 940 4135 qui
956 4064 1041 4134 porc
1053 4045 1123 4134 fine
1142 4045 1181 4115 ul
1196 4043 1392 4114 lacrimabil
1404 4064 1527 4133 mono,
1546 4042 1636 4117 idest

476 4162 533 4235 bic
549 4161 631 4235 lecit
648 4161 756 4236 linem
775 4161 881 4235 llebili
901 4153 952 4252 (¹¹)
971 4162 1142 4254 sermoni,
1160 4167 1239 4235 tum
1258 4161 1344 4254 quia
1360 4161 1526 4234 infirmus
1544 4168 1637 4254 erat,

536 4440 563 4501 (¹)
580 4441 605 4489 S.
621 4441 705 4489 buius.
1246 4439 1274 4503 (¹)
1291 4445 1345 4500 uc,
1364 4440 1479 4504 loquitur
1495 4442 1545 4490 bic.

536 4515 562 4576 (·)
578 4516 603 4564 S.
620 4529 695 4565 unum
712 4514 833 4580 loquendi
850 4516 926 4566 debet
941 4516 1049 4580 intelllgi
1065 4517 1097 4566 de
1113 4517 1224 4566 bomine.

536 4590 564 4649 (⁸)
580 4590 605 4639 S.
622 4591 666 4652 qul
682 4590 728 4640 illo
745 4597 861 4654 tempore
877 4595 951 4641 errnt
965 4591 1026 4642 duo.
1242 4589 1269 4653 (¹)
1286 4595 1339 4651 tre,
1356 4592 1495 4642 dubitabat.

538 4664 564 4723 (⁸)
580 4665 604 4713 S.
622 4670 681 4714 sunt
698 4666 868 4715 incitamenta.
1245 4666 1271 4728 (¹)
1287 4665 1311 4716 a
1327 4667 1471 4727 bominum,
1487 4670 1513 4717 el
1530 4666 1594 4716 idco.

537 4739 563 4799 (¹)
579 4740 604 4789 S.
621 4740 685 4789 idctt
701 4741 909 4792 damanaverunt.

538 4815 564 4874 l'l
581 4815 605 4862 S·
621 4816 694 4870 elva,
711 4829 766 4878 mus
782 4823 856 4866 canta
871 4818 973 4868 licenda
986 4819 1059 4881 terri.

528 4890 565 4951 (¹⁶)
580 4889 606 4938 S.
622 4902 638 4937 e
656 4893 708 4948 llo,
725 4893 796 4952 ponit
812 4893 898 4942 linum.
1232 4895 1268 4959 (¹')
1284 4896 1315 4945 lt
1330 4894 1490 4946 lacrimabili.
