4154 6546
783 792 920 848 currus
945 793 1115 849 ocrnvus.
1464 780 1533 850 293

372 960 454 1012 rum
474 939 572 1032 quod
589 944 708 1011 totum
728 937 871 1011 videtur
888 936 1049 1032 igneum.
1063 937 1106 1009 Et
1123 936 1246 1009 subdit
1263 936 1535 1031 responsionem

373 1059 507 1153 Virgilii
539 1056 788 1131 oonlirmantis
822 1064 858 1130 et
891 1056 1107 1130 declarantis
1140 1056 1279 1130 dictum
1313 1058 1403 1151 eius,
1440 1055 1538 1131 unde

369 1181 470 1253 dicit:
487 1186 521 1251 et
543 1181 576 1250 ei
599 1179 647 1248 mi
670 1178 786 1248 disse:
810 1176 902 1250 idest
926 1181 963 1249 et
987 1176 1047 1249 ille
1063 1176 1233 1272 Virgilius
1257 1177 1346 1250 dixit
1372 1177 1480 1250 mibi:
1507 1180 1541 1249 el

366 1304 471 1392 [uoco
495 1306 626 1388 cerno,
652 1297 739 1388 quia
765 1316 910 1389 semper
941 1296 1155 1391 duraturus,
1181 1300 1232 1369 clt'
1245 1305 1345 1370 enon
1370 1301 1538 1391 laffoce,

370 1419 460 1492 idest
485 1416 641 1492 incendit
667 1416 744 1488 illas
769 1415 962 1489 meschitas
981 1416 1145 1509 interius,
1171 1420 1202 1489 Ie
1225 1421 1539 1508 dompetra-rosso,

369 1559 464 1610 come
489 1544 524 1610 to
549 1538 639 1626 cedi,
663 1538 701 1607 iu
725 1542 841 1624 questo
866 1536 969 1607 bosso
992 1538 1202 1629 inferno-
1216 1538 1292 1608 Noi.
1320 1536 1384 1610 llic
1409 1536 1540 1610 ultirno

370 1668 480 1733 autor
504 1654 660 1731 ostendit
686 1653 872 1748 quomodo
886 1657 1131 1748 pervenerint
1145 1657 1190 1731 ad
1210 1657 1313 1731 istam
1341 1657 1538 1748 civitatem,

371 1797 484 1869 quam
510 1773 726 1849 describite
753 1773 908 1847 mirabili
939 1774 1149 1849 lortitudine
1179 1777 1270 1869 eiuS,
1304 1776 1450 1849 dicens:
1481 1778 1542 1848 noi

369 1916 440 1986 pur
463 1898 659 1984 pugnem,
685 1891 775 1965 idest
801 1912 867 1965 nos
882 1884 917 1982 (¹)
937 1893 1083 1969 tandem
1105 1896 1339 1988 pervenimus
1364 1902 1401 1970 et
1425 1914 1541 1989 appu-

374 2015 482 2087 limus
494 2013 647 2087 finaliter
660 2011 866 2107 navigando
878 2032 965 2085 cum
978 2014 1136 2109 Phlogis,
1151 2018 1275 2087 dentre
1292 2037 1317 2087 o
1333 2019 1425 2088 talto
1434 2020 1541 2108 losse,

373 2133 462 2208 idest
487 2132 696 2227 profundas,
722 2134 925 2205 chevallon
950 2136 1063 2222 puello
1088 2141 1186 2205 terra
1214 2138 1424 2225 sconsolnta,
1450 2132 1542 2207 idest
1668 2198 1677 2219 ,

373 2255 523 2350 cingunt
540 2261 577 2327 et
594 2252 769 2326 claudunt
788 2252 885 2324 illam
906 2252 1090 2326 civitatem
1108 2254 1299 2346 infelicem,
1317 2255 1403 2347 quia
1428 2254 1542 2328 lnier-

375 2394 445 2446 nus
470 2378 526 2446 est
555 2373 657 2446 locus
686 2369 960 2461 inconsolabilis,
992 2377 1033 2442 ut
1062 2372 1146 2447 dicit
1175 2373 1375 2449 bristotiles
1404 2374 1440 2446 in
1472 2392 1541 2447 sue

374 2493 525 2587 poetria.
543 2493 587 2563 Et
604 2491 662 2562 bic
679 2495 764 2562 notu
778 2489 877 2581 quod
894 2500 1004 2565 autor
1021 2490 1122 2586 lingit
1140 2492 1244 2566 istam
1262 2493 1445 2568 civitatem
1464 2491 1543 2566 lore

375 2612 506 2685 sortem
546 2616 582 2683 et
620 2607 939 2702 inexpugnabilem
969 2629 1055 2682 cum
1085 2611 1227 2707 magnis
1256 2612 1358 2685 lossis
1391 2610 1543 2705 prolun-

372 2731 426 2803 dis
451 2737 488 2803 et
513 2729 632 2801 muris
655 2727 735 2800 altis
759 2737 796 2803 et
818 2728 982 2822 fortibus,
999 2740 1043 2805 ut
1059 2729 1161 2803 locus
1178 2731 1370 2804 conveniat
1389 2731 1543 2803 damne-

374 2851 429 2921 tis.
457 2848 630 2922 Videmus
660 2847 757 2921 enim
784 2849 819 2921 in
845 2849 984 2922 mundo
1015 2856 1140 2923 nostro
1170 2851 1269 2943 quod
1300 2850 1362 2943 qui
1393 2850 1543 2946 gravius

373 2967 607 3060 deliquerunt
624 2974 843 3041 coercentur
859 2960 896 3058 (²)
915 2969 1055 3041 duriori
1072 2988 1234 3062 carcere,
1248 2976 1284 3043 et
1296 2970 1542 3043 subiiciuntur

373 3086 605 3182 gravioribus
621 3087 757 3180 poenis3
784 3093 821 3160 et
849 3086 897 3160 itu
922 3087 985 3179 qui
1006 3087 1132 3159 laevius
1149 3095 1395 3181 peccaverunt
1410 3080 1447 3178 (³)
1466 3090 1542 3162 lar·

372 3207 454 3301 gius
483 3206 692 3280 detinentur
721 3213 758 3280 et
789 3206 916 3279 laerius
948 3206 1175 3300 puniuntur:
1208 3208 1258 3280 ita
1283 3206 1319 3281 in
1345 3207 1542 3301 proposito,

372 3326 428 3397 isti
454 3326 517 3419 qui
544 3333 628 3398 sunt
654 3326 782 3399 inclusi
808 3327 901 3400 intra
928 3327 1123 3419 civitatem,
1149 3326 1337 3400 enormius
1366 3346 1544 3421 peccave-

376 3452 482 3538 runt3
499 3446 548 3519 illi
574 3466 664 3520 voro
689 3447 751 3540 qui
779 3454 863 3519 sunt
888 3447 992 3541 positi
1013 3451 1118 3520 extra
1143 3446 1179 3519 in
1204 3448 1285 3521 looo
1310 3447 1489 3541 ampliore
1505 3455 1541 3522 et

291 3556 297 3567 ’
376 3565 557 3658 liberiore,
576 3567 702 3639 laevius
721 3573 978 3661 peccaverunt.
1005 3567 1097 3640 Nota
1122 3566 1233 3640 etium
1254 3566 1352 3661 quod
1369 3587 1436 3661 per
1456 3586 1543 3661 pro-

375 3685 588 3760 funditatem
624 3687 817 3780 fossarum,
847 3693 884 3761 et
914 3685 1161 3761 fortitudinem
1197 3707 1408 3782 murorum,
1433 3693 1544 3763 autor

377 3803 510 3900 ligurat
523 3805 806 3898 profunditatem
821 3813 857 3880 et
869 3806 1119 3880 difficultatem
1133 3807 1308 3901 materiae,
1317 3828 1430 3899 quam
1446 3826 1544 3881 nunc

376 3926 528 4019 parabat
546 3925 696 4016 intrare,
714 3926 807 3998 sieut
824 3926 945 3998 statim
965 3926 1127 4019 dicetur,
1146 3927 1244 4000 unde
1260 3926 1368 4000 dicit:
1390 3931 1421 4000 le
1440 3948 1545 4000 muro

376 4047 424 4115 mi
444 4064 560 4135 pareo
583 4047 643 4117 cite
663 4048 765 4137 ser-ro
788 4049 894 4139 fosse,
920 4045 1010 4118 idest
1034 4052 1154 4120 essent
1175 4047 1221 4120 de
1238 4046 1393 4120 materis
1411 4046 1544 4139 terren,

378 4169 420 4237 ul
443 4164 539 4238 bene
563 4164 699 4238 videbis
723 4164 828 4237 inire.
855 4164 939 4238 ldeo
963 4172 1073 4239 autor
1097 4166 1192 4240 bene
1218 4165 1319 4261 lingit
1344 4166 1442 4260 quod
1469 4187 1542 4240 non

309 4314 316 4326 ·
377 4288 576 4377 potuerunt
591 4271 637 4375 (⁴)¹
654 4285 848 4378 pervenire
871 4284 918 4358 nd
943 4284 1134 4357 introitum
1159 4284 1227 4358 nisi
1242 4277 1278 4377 (⁵)
1305 4306 1372 4380 per
1397 4287 1544 4381 longam

339 4451 341 4456 -
376 4402 639 4497 circuitionem,
665 4405 763 4478 unde
787 4404 893 4478 dicit:
925 4407 1095 4477 oerdmmo
1123 4407 1161 4476 tu
1188 4412 1305 4496 porte,
1334 4405 1470 4480 scilicet
1498 4407 1544 4480 nd

437 4655 465 4718 (¹)
483 4661 537 4716 tlt,
554 4657 619 4707 idest
634 4673 681 4709 nos
697 4665 783 4710 tumen
805 4661 968 4723 pervenimus
984 4664 1011 4710 et
1026 4658 1205 4722 upplitulmut·
1216 4686 1247 4698 -
1264 4660 1295 4710 B·
1311 4661 1378 4711 ἰᾶθίῑ
1394 4675 1441 4713 ¹¹⁰⁸
1458 4668 1545 4714 “M

376 4732 539 4794 pervenimus
555 4738 582 4783 et
597 4735 751 4797 uppulimus.

436 4806 463 4871 (¹)
480 4809 505 4859 S.
522 4815 694 4863 coarctentur.
985 4810 1011 4873 (¹)
1028 4812 1058 4862 Ε.
1076 4818 1249 4876 peccaverunt
1263 4826 1280 4866 e
1294 4816 1441 4867 conlrtrlot
1458 4816 1494 4866 lu
1509 4816 1545 4865 in.

438 4885 466 4948 (¹)
483 4891 537 4948 tro,
553 4890 693 4952 potuerint.
985 4889 1011 4952 (¹)
1030 4893 1084 4948 rte,
1100 4890 1149 4941 nlsl
1165 4896 1231 4955 post.
