4154 6546
610 803 680 873 2¹18
1007 810 1210 867 comma
1234 811 1385 866 masam

609 955 813 1051 splendidas
837 975 950 1050 super
975 976 1122 1031 mensas
1150 963 1296 1051 paratas
1324 955 1500 1052 regaliter
1531 974 1599 1030 nec
1627 968 1776 1050 possunt

609 1077 675 1151 illis
691 1075 804 1169 vesci,
821 1076 907 1170 quia
926 1096 1001 1150 una
1020 1076 1181 1151 maxima
1199 1076 1294 1150 furia
1311 1075 1495 1150 infernalis
1512 1095 1585 1149 non
1601 1078 1775 1170 permittit

608 1197 798 1292 porrigere
826 1216 979 1270 manum
1006 1196 1042 1269 in
1067 1215 1233 1271 mensam
1250 1188 1306 1290 (¹);
1331 1196 1467 1270 babent
1483 1205 1521 1271 et
1536 1215 1668 1269 saxum
1686 1216 1776 1291 pen-

608 1319 737 1391 dulum
764 1336 875 1410 supra
901 1321 1011 1410 caput
1036 1315 1135 1410 quod
1160 1316 1333 1391 continuo
1356 1314 1490 1390 cadere
1514 1315 1659 1390 videtur
1674 1316 1721 1391 ad
1737 1308 1775 1407 (¹l

608 1435 831 1511 domandum
862 1455 993 1509 eorum
1025 1434 1222 1528 superbam
1237 1425 1274 1525 (³)
1310 1434 1493 1510 cervicem
1509 1423 1558 1525 (⁸).
1593 1435 1698 1509 Nunc
1728 1435 1774 1508 ad

608 1555 834 1650 propositum
849 1554 1015 1651 Phlegius
1031 1555 1099 1629 iste
1117 1554 1186 1630 fuit
1202 1554 1484 1648 superbissimus
1496 1553 1533 1627 in
1547 1554 1696 1648 mundo,
1713 1557 1776 1649 qui

610 1676 787 1751 interfecit
802 1674 912 1749 filiam
934 1694 1040 1748 sunm
1059 1684 1096 1750 et
1113 1673 1270 1748 incendit
1288 1673 1467 1767 templum
1484 1672 1677 1768 dpollinis;
1696 1675 1777 1750 ideo

609 1802 718 1869 autor
742 1793 878 1871 inducit
903 1814 990 1868 eum
1016 1793 1074 1867 bic
1098 1800 1140 1866 ut
1164 1813 1230 1887 per
1255 1793 1374 1886 ipsum
1407 1800 1645 1886 repraesentet
1673 1794 1776 1868 nobis

610 1914 743 1988 vicium
758 1905 795 2004 (⁵)
813 1912 1011 2007 pessimum
1031 1912 1212 2007 superbiae
1230 1911 1266 1985 in
1283 1912 1458 2006 generali,
1477 1919 1515 1987 et
1531 1912 1592 1986 dat
1609 1914 1676 1988 sibi
1693 1913 1774 1989 offi-

610 2034 709 2108 cium
734 2031 1001 2126 transportandi
1025 2031 1168 2106 animas
1183 2030 1229 2105 ad
1249 2031 1432 2106 civitatem
1451 2031 1665 2107 infernalem
1683 2034 1776 2108 intra

611 2173 723 2247 quam
744 2152 895 2246 punitur
911 2150 1082 2225 violentia
1099 2156 1137 2224 et
1153 2149 1410 2244 fraudulentia,
1427 2150 1514 2243 quia
1534 2151 1705 2244 superbia
1721 2158 1777 2224 est

610 2277 711 2346 recta
736 2271 793 2345 via
820 2290 904 2364 quae
928 2269 1029 2344 ducit
1053 2269 1218 2344 homines
1234 2260 1270 2360 (⁶)
1296 2269 1491 2344 adomnia
1515 2289 1649 2365 magna
1681 2270 1775 2343 mola

610 2397 646 2465 et
671 2374 829 2484 peccata,
855 2390 953 2464 unde
971 2390 1168 2464 Salomon:
1186 2389 1332 2462 lnitium
1345 2377 1383 2479 (⁷)
1398 2389 1517 2462 omnis
1537 2389 1622 2462 mali
1642 2395 1697 2463 est
1715 2410 1779 2461 su-

613 2510 748 2603 perbia.
770 2509 823 2583 dd
842 2510 983 2584 literam
1001 2528 1092 2604 ergo
1109 2508 1287 2583 veniendo
1303 2515 1412 2582 autor
1427 2509 1553 2583 volens
1569 2509 1776 2583 describere

611 2626 839 2701 velocitatem
860 2627 962 2701 istius
980 2632 1103 2701 nautae
1120 2627 1296 2702 venientis
1308 2617 1359 2721 (⁸),
1375 2628 1560 2722 praemittit
1578 2647 1773 2721 comparu-

612 2744 747 2820 tionem
771 2745 936 2838 pulcram
954 2751 992 2819 et
1009 2746 1193 2838 propriam
1210 2747 1257 2822 de
1276 2748 1408 2843 sagitta
1425 2768 1509 2841 que
1526 2769 1611 2822 cum
1629 2770 1775 2822 summa

613 2865 815 2941 festinantia
840 2865 1018 2939 emittitur
1041 2865 1089 2939 ab
1114 2885 1203 2940 arcu
1231 2867 1289 2940 vel
1313 2867 1452 2943 balista
1479 2868 1697 2942 sicutenim
1716 2889 1776 2942 sa·

610 2984 699 3079 gitta
724 2983 950 3060 velocissime
972 2985 1100 3059 scindit
1124 3004 1263 3080 aerem,
1289 2986 1338 3061 ita
1363 2988 1532 3064 navicula
1555 3009 1711 3082 aquam3
1740 2995 1777 3062 et

611 3104 703 3178 stent
716 3103 846 3198 sagitte
859 3102 969 3197 levis,
983 3111 1092 3178 acuta
1109 3111 1275 3199 penetrat
1292 3116 1329 3182 et
1345 3106 1428 3181 ferit
1444 3107 1623 3201 pestifere,
1642 3108 1690 3181 ita
1708 3107 1774 3180 ista

612 3223 777 3298 navicula
803 3215 1050 3318 snperbiael⁹);
1076 3223 1158 3297 ideo
1182 3224 1407 3299 benedicit:
1436 3228 1555 3299 Corda
1577 3247 1651 3298 uon
1676 3229 1777 3317 pinse

672 3419 699 3477 (¹)
715 3416 745 3464 E.
762 3415 789 3464 ln
805 3428 913 3465 mensas
1184 3413 1212 3476 (¹)
1229 3421 1282 3475 llo,
1299 3417 1331 3466 ad
1347 3417 1510 3469 domandam.

672 3489 697 3551 f)
714 3491 744 3541 R
761 3503 853 3540 eoram
868 3490 1024 3552 mperbiam.
1042 3488 1117 3540 Nunc
1132 3491 1165 3540 ad
1181 3493 1349 3554 propositum.

672 3567 699 3630 (⁸)
713 3565 737 3617 ll
752 3565 814 3617 flod.
826 3569 872 3615 llo
882 3566 927 3629 qni
936 3566 1078 3631 agglunge:
1094 3566 1221 3630 Exemplo
1232 3567 1344 3632 Dionysii
1356 3568 1502 3632 Siragusanl
1513 3570 1546 3621 de
1557 3585 1609 3634 quc
1619 3572 1700 3622 refert
1712 3574 1778 3622 ltal-

610 3645 660 3694 llna
675 3642 700 3693 V
714 3642 921 3693 Tusculanarum
942 3642 1114 3704 questionum
1130 3643 1200 3706 quod
1216 3657 1278 3693 cum
1293 3644 1396 3708 quidam
1412 3659 1444 3695 ea
1460 3646 1635 3697 adulatoribus
1655 3649 1710 3698 elus
1727 3664 1777 3699 nc-

609 3721 713 3771 miae...
725 3722 883 3770 memoraret
897 3718 923 3768 in
939 3730 1059 3770 aermcm
1073 3718 1255 3771 abundantiam
1270 3719 1425 3780 divitiarum,
1443 3722 1610 3783 mammem,
1627 3726 1775 3786 pomum.

608 3795 823 3861 magnificentiam
837 3795 977 3846 dommim
992 3792 1120 3858 regalium
1136 3799 1163 3845 et
1177 3795 1275 3847 diceret
1292 3797 1395 3848 anllanr
1409 3796 1488 3848 futaae
1503 3811 1617 3862 nuquam
1634 3800 1775 3851 beatiorem

609 3886 649 3931 cc,
658 3877 689 3921 nt
698 3871 762 3921 dtxlt
771 3870 913 3934 blnnystm,
924 3871 963 3920 ris
973 3875 1001 3920 tu
1018 3875 1120 3934 guum
1136 3883 1154 3922 c
1170 3871 1294 3922 Damocle
1308 3874 1440 3937 quomodo
1455 3873 1512 3923 bec
1528 3875 1578 3924 rita
1589 3879 1615 3924 te
1629 3874 1739 3925 delectet
1749 3883 1773 3924 el

610 3946 720 4010 experiri
736 3945 868 3997 fortnmm
882 3951 982 3996 maan?
991 3945 1038 3996 illc
1055 3947 1225 4010 respondente
1239 3948 1309 4012 qaod
1321 3949 1366 4006 alc.
1377 3947 1449 3999 inaslt
1460 3949 1534 4000 illarm
1544 3948 1667 4010 collocari
1678 3951 1704 4001 fn
1716 3951 1775 4000 loeo

611 4034 698 4080 aureo,
715 4021 784 4083 picto
799 4026 826 4072 et
840 4024 930 4083 parato
945 4019 1100 4083 pulcerrime
1116 4026 1144 4072 et
1159 4020 1248 4084 plures
1263 4036 1364 4073 mensas
1380 4025 1466 4086 parari
1476 4038 1537 4075 cum
1548 4025 1613 4075 rasis
1623 4037 1655 4074 ea
1666 4032 1773 4090 argento

609 4102 635 4146 et
651 4109 716 4146 auro
736 4100 763 4145 et
783 4096 889 4159 pulcros
904 4107 998 4157 metm
1013 4095 1130 4145 uaistm
1145 4100 1172 4146 et
1188 4096 1273 4147 omnia
1290 4098 1439 4148 ministrare
1454 4098 1487 4148 ad
1502 4099 1558 4149 etus
1575 4099 1732 4150 voluntalem
1749 4106 1775 4149 el

610 4184 738 4238 apponere
758 4171 848 4234 epulas
868 4169 1082 4233 splendidissimas
1103 4176 1130 4222 el
1150 4172 1176 4221 ln
1197 4171 1248 4222 boo
1268 4173 1355 4224 medio
1371 4179 1494 4237 apparatu
1510 4175 1639 4226 mandarit
1655 4179 1774 4239 suspendi

610 4250 723 4313 gladium
743 4248 873 4298 lucentem
894 4247 926 4297 ad
945 4245 1046 4298 trabem
1065 4261 1126 4298 cum
1146 4253 1200 4299 scta
1214 4250 1308 4313 equina
1323 4263 1400 4314 anper
1417 4257 1494 4314 caput
1509 4250 1579 4302 illius
1596 4252 1669 4305 beati.
1687 4255 1775 4317 ltaque

612 4325 746 4377 llanaoclca
765 4337 816 4375 nen
837 4323 974 4386 asplclebat
991 4336 1085 4386 pueros
1101 4323 1161 4374 illos
1175 4325 1405 4386 administratores,
1421 4340 1470 4377 nec
1486 4331 1622 4391 argeartum
1639 4328 1776 4378 artificiosa

610 4403 763 4460 laboratum,
779 4413 828 4450 nec
844 4414 950 4450 manum
966 4399 1113 4463 porrigebat
1129 4401 1155 4451 ln
1172 4414 1296 4461 mensam,
1312 4409 1338 4453 et
1355 4404 1469 4454 breuiter
1484 4405 1584 4467 rogarit
1601 4405 1729 4455 tirannum
1745 4411 1773 4455 ul

609 4483 694 4539 posset
709 4477 839 4537 recedere,
855 4477 916 4540 qula
929 4477 1034 4527 nolebat
1048 4477 1159 4541 aarpllus
1169 4491 1225 4528 esse
1236 4479 1332 4539 beatus,
1344 4485 1371 4531 et
1382 4480 1513 4531 concludit
1523 4481 1625 4530 Tullius
1634 4481 1702 4544 quod
1714 4495 1775 4531 sane

609 4554 711 4603 rldetnr
732 4552 876 4603 declaraaaa
900 4553 1035 4616 utrarum
1055 4552 1119 4605 nlntt
1138 4567 1194 4604 eece
1210 4555 1315 4606 beatum
1331 4557 1401 4620 quod
1416 4569 1519 4621 mper
1533 4557 1625 4607 babeat
1641 4558 1668 4607 in
1683 4570 1710 4606 se
1726 4557 1775 4605 ali-

609 4629 671 4690 quid
686 4629 801 4687 terroris,
815 4632 842 4678 ct
858 4627 921 4679 dlclt
934 4627 1004 4692 mod
1019 4628 1156 4693 musyum
1172 4631 1199 4681 ln
1215 4631 1349 4683 iuventute
1365 4624 1530 4684 commiserat
1545 4645 1577 4682 ea
1594 4637 1774 4696 propterque

609 4703 692 4753 salvus
707 4717 762 4754 eaae
777 4717 830 4754 noa
846 4709 949 4767 potaret
963 4704 986 4754 al
1000 4704 1119 4768 count
1128 4717 1185 4759 aaae
1195 4708 1295 4770 πρίω
1309 4707 1343 4758 de
1358 4708 1504 4760 centauria:
1520 4708 1552 4758 dc
1569 4708 1689 4772 blcnyalo
1704 4708 1776 4756 dice-

609 4784 653 4828 tur
668 4778 744 4841 pleae
759 4791 815 4842 cap.
831 4780 890 4831 xil.
906 4779 981 4831 Nunc
995 4785 1047 4832 etc.

670 4853 698 4914 (⁸)
713 4852 739 4903 S.
756 4852 835 4903 vitam
851 4855 1067 4916 peneum-u
1083 4854 1175 4907 villan
1190 4857 1328 4921 superbias.
1454 4858 1481 4921 (f)
1499 4863 1554 4919 lto,
1569 4857 1711 4909 bominem.

671 4927 744 4990 ΟΕ
761 4928 865 4978 lnlltunr
881 4927 952 4978 mall.
1045 4929 1073 4992 ζ’)
1090 4935 1144 4989 flu,
1162 4935 1339 4994 pervertentis
1449 4934 1523 4997 ΘΚ
1539 4933 1663 4997 molt.
