4154 6546
451 796 519 861 tlt
629 768 630 771 Ὺ
847 805 1048 861 munuum
1074 803 1224 859 msunnr

446 971 537 1046 gum
561 958 599 1026 et
624 949 751 1025 inutile
762 943 802 1041 t¹i
827 957 923 1025 esset
943 968 1106 1027 narrare.
1126 948 1217 1053 llicit
1233 968 1343 1045 ergo:
1361 957 1394 1022 et
1408 953 1494 1024 altri
1509 954 1619 1042 molit

447 1069 584 1164 supple,
615 1068 790 1161 extraxit,
819 1089 837 1142 e
865 1071 965 1162 seseli
992 1069 1096 1159 moti,
1126 1068 1211 1161 quia
1243 1067 1329 1145 iecit
1355 1088 1421 1145 eos
1449 1070 1619 1146 concives

446 1191 550 1286 regni
575 1190 642 1267 sui
668 1189 713 1265 ut
737 1188 958 1265 ounoludens
983 1188 1020 1265 iu
1045 1188 1113 1263 ista
1130 1188 1284 1263 materia
1301 1188 1399 1263 addit
1416 1211 1533 1265 unum
1550 1210 1619 1265 no—

446 1310 568 1403 tabile,
591 1309 738 1384 diosus:
762 1330 783 1382 e
808 1309 939 1382 oo'ele
961 1310 1065 1401 sappi
1087 1309 1416 1400 cdespittiumuai
1438 1329 1620 1385 aunem

446 1434 575 1504 sunau
598 1431 745 1503 dumosi
759 1431 810 1503 od
823 1430 903 1520 esai,
920 1426 1023 1522 ideal,
1040 1433 1239 1521 autequam
1257 1428 1313 1501 isti
1331 1430 1567 1506 traherentur
1577 1421 1618 1523 (²)

448 1552 494 1626 de
519 1549 643 1643 limbo,
670 1555 711 1622 ut
742 1553 851 1642 patet.
877 1546 922 1623 ut
950 1553 1037 1622 nota
1067 1547 1165 1640 quod
1191 1553 1300 1621 autor
1328 1548 1368 1624 iu
1396 1554 1472 1624 tota
1487 1538 1523 1641 (⁸)
1552 1549 1618 1625 ista

450 1671 555 1746 tertia
581 1676 685 1765 parte
709 1668 872 1763 loquitur
886 1656 924 1759 (⁴)
949 1666 996 1743 de
1020 1666 1164 1741 lnlerno
1193 1668 1373 1743 essentiali
1404 1669 1618 1764 theologice,

450 1811 522 1865 nou
549 1789 699 1885 poetioe.

524 1915 605 1985 Non
621 1909 822 1981 latoioounr.
841 1908 912 1981 lota
935 1914 992 1983 est
1017 1916 1149 2000 quarta
1174 1909 1471 2004 parsgeneralis,
1489 1909 1526 1982 in
1543 1930 1617 2002 qua

450 2036 559 2104 autor
583 2026 753 2103 describit
776 2026 899 2100 lucum
925 2025 1118 2101 illustrium
1137 2027 1314 2104 virorum.
1333 2028 1376 2102 ut
1395 2027 1515 2121 primo
1533 2027 1619 2102 iuuit

450 2146 759 2223 continuationem
779 2144 827 2218 ad
841 2145 1032 2238 sequentia
1049 2144 1183 2240 dioens,
1201 2146 1299 2240 quod
1317 2166 1391 2219 nou
1411 2145 1619 2222 retardabat

452 2271 520 2343 iter
536 2272 685 2362 propter
702 2285 912 2340 sermonem
930 2265 1077 2361 Virgilii.
1096 2265 1199 2341 Unde
1214 2265 1322 2340 dicit:
1340 2287 1410 2339 non
1428 2268 1618 2342 masona

450 2394 472 2462 t
482 2390 601 2461 undar
619 2389 739 2480 percl’
751 2389 784 2460 ei
797 2388 939 2477 diaetae,
956 2386 1060 2482 quasi
1076 2385 1195 2462 diunt:
1213 2387 1281 2459 ista
1298 2392 1382 2461 sunt
1399 2387 1449 2461 ita
1465 2387 1619 2480 notoria,

452 2507 550 2602 quod
574 2512 684 2580 autor
709 2506 885 2583 narrabat
901 2505 977 2600 ipsa
994 2505 1031 2577 in
1049 2505 1219 2598 transitu,
1236 2505 1322 2598 quia
1339 2525 1413 2581 non
1428 2511 1510 2583 erat
1527 2527 1620 2600 opus

451 2627 574 2720 quiete
599 2626 645 2699 ad
669 2625 917 2722 cognitionem
943 2645 1086 2700 eurum.
1112 2625 1196 2700 ldeo
1218 2624 1303 2701 dicit
1327 2625 1424 2718 quod
1442 2648 1515 2700 non
1539 2646 1620 2702 oes-

451 2746 732 2839 statuaria,
766 2745 936 2838 quamvis
974 2743 1144 2840 Virgilius
1173 2745 1349 2819 rontinuo
1386 2746 1619 2840 loqueretur3

451 2888 511 2940 mo
530 2886 725 2961 passavant
750 2869 787 2938 lu
810 2868 906 2939 seluo
928 2865 1088 2954 utana,
1111 2863 1191 2938 siue
1217 2864 1472 2940 remoratione.
1490 2866 1534 2939 Et
1555 2887 1622 2942 ex·

452 2985 553 3082 ponit
577 2984 762 3078 quomodo
786 2983 905 3078 capiat
917 2975 956 3075 (ὅ)
977 2983 1071 3057 istud
1089 2984 1309 3060 vocabulum
1327 2987 1423 3058 seluo
1439 2986 1524 3079 quia
1541 3007 1622 3062 rne-

454 3105 677 3200 tlrupltorine,
687 3104 782 3178 sicut
795 3103 1000 3199 expositum
1013 3109 1069 3177 est
1082 3102 1119 3176 in
1135 3101 1311 3198 principio
1322 3103 1425 3178 istius
1437 3106 1556 3198 quarti
1574 3097 1621 3196 (θ).

455 3225 555 3301 Unde
580 3224 711 3320 repetit
725 3212 786 3316 ῶς
814 3226 850 3296 lu
873 3225 983 3315 seluo,
1008 3225 1100 3314 diro,
1125 3225 1168 3295 de
1193 3226 1218 3296 t·
1240 3227 1342 3316 apriti
1368 3228 1490 3316 speum
1516 3226 1622 3319 quasi

453 3348 559 3440 dicat,
576 3347 655 3420 mc
669 3349 727 3421 est
751 3344 853 3439 sylva
879 3342 1080 3419 multorum
1105 3343 1310 3436 bominum,
1334 3365 1409 3419 non
1433 3346 1621 3421 arborum.

455 3472 534 3543 Nun
567 3487 643 3539 eru.
673 3465 739 3541 llic
768 3470 878 3538 autor
906 3463 1009 3559 lingit
1038 3482 1079 3538 se
1111 3463 1273 3557 reperire
1305 3463 1428 3538 locum
1448 3455 1484 3555 (⁸)
1512 3466 1624 3540 lumi-

454 3607 585 3665 nosum
609 3587 648 3661 in
677 3584 773 3661 dieta
803 3584 893 3657 silva
921 3603 1009 3659 eum
1045 3582 1130 3678 igne
1160 3583 1321 3678 fulgenti.
1352 3584 1406 3659 dd
1435 3586 1541 3659 cuius
1571 3588 1624 3661 rei

454 3705 726 3803 intelligentiam
761 3711 818 3779 est
844 3701 1126 3798 prendendum,
1151 3702 1250 3794 quod
1282 3701 1349 3777 iste
1372 3703 1465 3799 ignis
1491 3703 1625 3800 figurat
1722 3781 1726 3788 ,

455 3828 635 3925 fulgorem
660 3825 787 3922 glorie
813 3831 852 3901 et
872 3822 1078 3899 claritatem
1102 3821 1211 3896 sume
1228 3822 1394 3898 virorum
1416 3822 1623 3914 illustrium,

456 3939 572 4044 peril)
599 3944 699 4040 quod
727 3951 836 4021 antor
857 3942 922 4020 dat
945 3941 1094 4038 intelligi
1120 3941 1220 4034 quod
1244 3942 1282 4017 iu
1307 3941 1376 4019 isto
1400 3943 1544 4018 interno
1570 3945 1624 4017 ri·

457 4066 620 4142 rentium
647 4065 704 4140 isti
726 4064 799 4141 riri
823 4063 911 4141 clari
936 4069 975 4138 et
998 4061 1128 4137 famosi
1142 4061 1305 4158 gaudent
1321 4063 1519 4160 privilegio,
1538 4065 1625 4159 quia

456 4187 550 4265 ulter
575 4185 665 4260 alius
690 4183 973 4280 supereminent,
998 4182 1245 4277 eelebrantur,
1271 4181 1478 4276 laudantur,
1506 4185 1626 4259 hono-

457 4315 597 4401 rantur,
632 4312 669 4380 et
701 4311 788 4382 sunt
820 4301 1093 4398 quodammodo
1126 4302 1204 4379 sine
1231 4302 1399 4379 cruciatu
1432 4324 1625 4400 penarum,

520 4557 545 4616 ς’)
562 4557 593 4608 Ε.
609 4557 710 4617 mutile,
725 4561 852 4623 quantu
869 4557 901 4609 ad
917 4556 1052 4609 mutum
1068 4562 1231 4620 prmum
1245 4563 1322 4608 aaut.

520 4631 546 4690 Ρ)
560 4632 593 4680 r.
610 4633 818 4682 extraherentur.
1163 4631 1188 4692 θ)
1204 4631 1230 4682 S.
1247 4633 1273 4682 in
1290 4634 1336 4682 lata
1353 4635 1428 4683 tertia
1444 4637 1525 4694 partu.

519 4707 545 4765 (⁸)
563 4711 616 4764 tto,
634 4707 751 4769 loquitur
766 4709 926 4770 simpliciter.
1160 4708 1189 4767 Ρ)
1205 4713 1258 4768 tto,
1277 4711 1352 4772 capit.

519 4784 545 4841 (⁸)
563 4787 618 4841 rto,
636 4783 662 4832 ln
679 4783 803 4845 principio
820 4786 895 4846 primi
913 4786 1029 4846 emuli,
1045 4791 1072 4835 et
1087 4787 1114 4834 in
1130 4785 1256 4848 principio
1272 4786 1345 4835 ist'nas
1356 4786 1455 4849 quarti.

520 4859 545 4916 t’)
559 4857 587 4909 S.
605 4856 666 4911 rttctt
679 4862 808 4918 mutum.
1162 4857 1187 4916 Ρ]
1206 4864 1259 4916 ῖῖῖ,
1277 4861 1363 4910 lucum
1380 4861 1405 4909 ln
1418 4859 1490 4910 diota
1505 4860 1585 4922 sylva.

521 4935 547 4993 i')
564 4934 593 4984 R
611 4945 657 4996 W
670 4944 758 4997 Ν
