4154 6546
573 801 644 871 280
970 811 1174 870 muuunuu
1199 813 1351 869 mrum

573 955 658 1052 quia
676 955 743 1031 iste
759 974 832 1030 uon
849 955 948 1031 veuit
972 964 1014 1031 ut
1037 957 1243 1052 damnatus,
1268 957 1344 1032 imo
1369 964 1411 1030 ut
1434 955 1647 1053 praeiudicet
1671 957 1741 1030 iuri

573 1083 650 1172 tuo,
680 1081 723 1149 ut
749 1073 886 1150 scilicet
910 1076 1074 1151 retrabat
1098 1075 1264 1152 homiues
1288 1075 1337 1151 ab
1360 1074 1505 1151 lnierno
1529 1075 1664 1151 docens
1690 1077 1744 1150 ri·

573 1201 654 1271 tare
677 1193 901 1290 superbiam,
927 1201 965 1271 et
989 1216 1122 1291 parum
1147 1195 1255 1272 stabit
1271 1195 1340 1290 bic,
1360 1195 1457 1270 unde
1472 1194 1581 1270 dicit:
1596 1191 1658 1289 pto
1673 1217 1746 1269 aaa

575 1317 607 1388 a·
630 1316 737 1388 amai
760 1335 785 1386 o
808 1320 929 1409 questo
944 1317 1052 1407 colus,
1068 1319 1128 1390 ote
1145 1315 1202 1390 eol
1212 1317 1397 1408 passando
1414 1317 1444 1388 t'l
1461 1317 1544 1407 toto,
1561 1313 1653 1390 idest
1669 1335 1746 1391 ooe·
1788 1335 1791 1341 ·

576 1453 668 1508 num
682 1423 720 1526 (⁴)
746 1432 849 1507 istius
873 1432 1025 1529 paludis,
1050 1433 1155 1528 quasi
1179 1433 1298 1511 dicat:
1319 1454 1393 1508 non
1409 1425 1636 1527 iaciemusl²)
1665 1455 1747 1509 mo-

578 1573 658 1629 ram
676 1559 812 1648 tecum,
826 1572 894 1628 nec
911 1553 1060 1629 habebis
1073 1575 1140 1628 nos
1152 1554 1189 1628 in
1200 1559 1378 1650 potestate
1395 1560 1472 1647 tua,
1486 1553 1553 1629 nisi
1571 1554 1608 1629 in
1624 1574 1745 1648 quau·

581 1679 662 1747 tum
688 1673 862 1749 velociter
888 1680 1184 1749 transcurremus
1212 1673 1319 1749 istam
1350 1673 1533 1769 paludem.
1559 1675 1636 1750 lloc
1660 1675 1746 1751 dicit

581 1791 668 1885 quia
684 1797 793 1867 autor
804 1791 967 1868 breviter
979 1792 1163 1887 percurrit
1176 1782 1214 1885 (θ)
1230 1791 1338 1867 istam
1355 1793 1550 1868 materiam
1566 1793 1747 1890 superbia,

579 1918 621 1984 ut
635 1910 683 1985 de
699 1931 739 1987 se
755 1918 865 2007 patet,
878 1932 992 2006 quam
1009 1918 1134 1987 mmen
1150 1911 1281 1987 dilluse
1295 1912 1532 2007 pertractabit
1547 1902 1584 2006 (⁴)
1605 1913 1641 1987 in
1658 1934 1748 2008 pur-

578 2029 919 2127 gatorio-(laete.
933 2031 998 2106 llic
1011 2029 1371 2127 poniteonlusionem
1385 2031 1542 2127 Phlegiae
1554 2051 1621 2126 per
1634 2054 1745 2107 unam

579 2151 890 2245 comparationem
904 2151 1042 2226 claram
1055 2150 1120 2244 qui
1131 2141 1167 2241 (¹⁵)
1184 2150 1480 2244 conquerebatur
1492 2170 1632 2244 amare,
1651 2151 1758 2225 unde·

578 2270 686 2345 dicit:
713 2273 852 2362 Flept'os
876 2274 908 2344 si
928 2274 1015 2363 seco,
1040 2269 1169 2365 supple
1191 2269 1284 2364 talis,
1309 2291 1352 2343 ne
1371 2272 1393 2343 l’
1405 2273 1465 2344 iro
1490 2272 1637 2361 molta
1658 2270 1747 2344 idest

581 2397 755 2485 concepta
773 2397 897 2466 mente
912 2396 950 2465 et
966 2389 1069 2483 facie„
1086 2391 1189 2481 pcata
1203 2391 1305 2480 colui,
1323 2390 1449 2484 supple
1465 2388 1517 2483 flt,
1537 2391 1597 2462 obe
1616 2392 1749 2463 assolta

584 2511 723 2599 prande
746 2512 903 2599 inponas
922 2511 982 2582 obe
997 2511 1023 2582 lt'
1037 2512 1093 2582 oio
1108 2512 1211 2602 sato,
1221 2511 1287 2601 poi
1300 2530 1338 2582 sc
1352 2528 1396 2580 ae
1413 2528 1632 2600 rummarou,
1658 2508 1748 2583 idest

583 2627 822 2719 conqueritur
834 2633 871 2701 et
888 2626 996 2701 dolet.
1015 2627 1181 2722 Pblegias
1194 2627 1292 2701 enim
1305 2626 1431 2701 solitus
1448 2633 1595 2721 portare
1606 2626 1747 2702 animas

583 2742 818 2819 deiuntorum
835 2743 1093 2818 damnatorum
1109 2734 1145 2836 (ὅ)
1164 2745 1335 2839 sperabat
1350 2765 1450 2819 nunc
1465 2744 1592 2820 iecisse
1604 2747 1748 2840 lucrum

586 2870 624 2939 et
655 2863 789 2959 reperit
824 2885 1000 2960 magnum
1029 2864 1218 2958 damnum,
1251 2864 1337 2959 quia
1367 2865 1569 2962 cogebatur
1602 2872 1749 2960 portare¹

583 2981 769 3057 bominem
795 2982 921 3057 uuum
948 2990 987 3059 et
1010 2983 1167 3079 positum
1185 2983 1223 3057 in
1239 2982 1357 3080 gratia
1374 2984 1439 3059 Ilei
1456 2985 1539 3060 lieet
1554 2985 1750 3079 aliquando

584 3101 711 3176 fuisset
734 3101 924 3197 superbus.
952 3106 1001 3174 bo
1026 3104 1127 3176 daca
1153 3101 1218 3177 llic
1243 3108 1353 3178 autor
1381 3102 1538 3180 ostendit
1566 3103 1751 3198 quomodo

584 3221 774 3297 intraverit
789 3209 825 3312 (⁷)
843 3220 992 3296 barcam
1010 3221 1169 3317 Phlegiae
1184 3220 1327 3297 dicens:
1348 3226 1398 3294 Lo
1414 3224 1505 3296 daea
1519 3226 1601 3314 mio,
1618 3224 1753 3299 seilicet

588 3339 771 3435 Virgilius,
796 3340 925 3414 dacae
947 3342 1039 3414 aella
1064 3341 1187 3432 barca,
1212 3342 1299 3434 quia
1313 3331 1349 3432 (⁸)
1378 3342 1471 3416 ratio
1495 3363 1642 3437 semper
1658 3362 1752 3439 prae-

589 3458 695 3552 cedit,
720 3460 821 3551 epot'
845 3461 894 3531 ati
914 3463 988 3552 [ece
1011 3461 1129 3532 maor
1153 3480 1322 3552 oppresso
1347 3462 1408 3551 lai,
1432 3460 1520 3554 quia
1540 3462 1616 3556 ipse
1634 3463 1753 3536 bonus

585 3578 661 3653 dux
685 3576 774 3652 alias
789 3567 826 3667 (⁹)
859 3576 996 3652 iecerat
1025 3576 1121 3651 istud
1150 3576 1231 3671 iter,
1262 3584 1300 3652 et
1328 3577 1435 3653 dicit:
1466 3587 1504 3653 et
1534 3580 1595 3656 illa
1628 3580 1752 3670 barca,

580 3717 698 3789 paroc
720 3716 842 3786 coroa,
867 3694 959 3770 idest
983 3702 1125 3789 onusta,
1144 3699 1212 3786 sol,
1232 3694 1323 3770 idest
1346 3697 1590 3791 solummodo,
1611 3699 1752 3789 quondo

585 3821 621 3889 io
642 3819 698 3910 [oti
721 3818 856 3890 dormo.
882 3814 958 3889 lloc
982 3813 1064 3889 ideo
1088 3813 1191 3910 fingit
1214 3814 1301 3908 qula
1327 3815 1396 3890 ista
1419 3816 1531 3892 barca
1551 3823 1632 3892 erat
1647 3816 1752 3892 solita

586 3941 733 4031 portare
757 3933 897 4011 animas
922 3938 1107 4028 separatas
1138 3952 1222 4027 que
1250 3943 1336 4010 sunt
1365 3934 1444 4011 sine
1472 3935 1651 4031 pondere3
1677 3936 1753 4032 ipse

587 4075 677 4129 vero
702 4062 783 4130 erat
807 4054 912 4128 vivus
937 4072 1023 4128 cum
1049 4052 1211 4150 pondere
1235 4055 1398 4152 corporis
1416 4056 1476 4130 vel
1493 4056 1681 4132 moraliter
1698 4057 1754 4131 lo-

587 4173 744 4268 quendo,
775 4173 861 4266 quia
892 4171 950 4247 vir
978 4170 1121 4267 sapiens
1150 4173 1342 4268 prudentia
1370 4195 1439 4250 sua
1465 4175 1661 4270 aliquando
1691 4174 1754 4250 iir-

649 4384 676 4447 (¹)
692 4384 723 4433 E.
740 4388 846 4434 terram.
1224 4382 1252 4446 (¹)
1269 4381 1300 4434 ll.
1315 4397 1368 4436 non
1384 4382 1502 4435 belnae.

649 4459 676 4522 (¹)
694 4463 749 4520 mo,
766 4459 929 4511 ιιιιιιωπιι
1224 4457 1251 4521 (·)
1267 4459 1298 4510 a.
1316 4459 1444 4513 omenta
1499 4474 1502 4478 ·

649 4537 676 4599 (⁸)
692 4536 723 4587 li.
738 4549 789 4601 qno
805 4537 973 4598 comparatur
989 4534 1101 4587 brevltet
1111 4534 1144 4586 «l
1156 4547 1245 4594 maroa
1261 4536 1331 4589 nmo
1346 4536 1425 4588 dicit:
1441 4537 1543 4602 mat
1556 4539 1581 4589 al
1595 4539 1655 4603 (ooo,
1665 4538 1756 4602 supple

590 4608 1446 4679 ummaoomoeanltotoonmanmennetmemqma

649 4688 677 4750 (¹)
692 4688 723 4738 ll.
739 4688 921 4739 damnatorum
937 4688 1061 4753 superbos
1076 4702 1128 4741 nou
1143 4688 1206 4743 lecit
1221 4689 1336 4753 Ιιισιιιιι,
1352 4693 1397 4745 aei
1413 4693 1519 4757 reputt

651 4764 678 4826 (η
694 4764 726 4815 E.
743 4765 857 4815 iuuant.

650 4838 677 4900 ρ)
693 4839 719 4888 S.
735 4839 795 4904 quta
812 4838 939 4904 Virgilius
953 4843 999 4906 qul
1013 4847 1054 4896 est
1067 4843 1136 4895 ratlo
1151 4843 1194 4896 blo
1209 4856 1320 4910 πωροι.

651 4914 678 4979 Ρ)
695 4917 750 4974 tlt,
767 4913 913 4978 allqncorlo.
