4154 6546
760 821 898 899 ct'nrus
924 843 1079 900 numurus
1104 844 1295 900 sucuuous.
1545 828 1615 896 387

449 996 573 1062 noster
597 989 804 1064 introducat
834 991 893 1064 hic
922 992 1031 1064 istum
1065 992 1309 1068 Minotaurum
1340 990 1386 1063 ad
1415 989 1617 1063 custodiam

448 1130 575 1204 passus
599 1110 724 1183 circuli
751 1111 995 1184 violentorum
1014 1133 1125 1206 supra
1142 1113 1294 1185 lluvium
1317 1110 1514 1205 sanguinis,
1532 1110 1618 1202 quia

448 1250 514 1325 per
541 1231 650 1306 istum
677 1231 877 1306 violentum
904 1232 1179 1329 sanguinarium
1204 1232 1406 1328 figuraliter
1425 1231 1488 1304 dat
1512 1230 1620 1305 intel-

448 1349 509 1446 ligi
534 1352 706 1446 generale
730 1351 860 1425 vitium
887 1352 1067 1426 violentiae
1092 1360 1128 1426 et
1153 1352 1355 1426 barbaricae
1384 1351 1617 1425 crudelitatis.

447 1470 522 1543 Nec
546 1470 659 1544 relert
683 1470 712 1543 si
738 1471 784 1543 sit
807 1479 1005 1567 generatus
1021 1493 1067 1546 en
1085 1478 1206 1566 tauro,
1224 1471 1322 1565 quod
1340 1470 1487 1564 quidam
1502 1462 1539 1561 (¹)
1559 1488 1618 1544 re-

447 1597 577 1685 putant
603 1590 834 1686 impossibile,
861 1592 937 1665 sive
962 1613 1008 1666 ex
1034 1593 1158 1686 aliquo
1182 1591 1341 1686 homine,
1359 1592 1456 1685 quod
1482 1601 1537 1665 est
1553 1610 1619 1663 ve-

449 1710 610 1804 risimile,
625 1711 712 1803 quia
730 1711 798 1784 ista
815 1731 899 1804 quae
915 1711 1040 1806 petivit
1059 1731 1224 1786 amorem
1245 1712 1351 1805 tauri,
1372 1732 1443 1786 non
1464 1710 1619 1784 debebat

449 1830 620 1926 r'elugere
634 1832 819 1904 luxuriam
833 1831 990 1904 aliorum
1005 1831 1195 1904 lrorninum
1209 1838 1345 1925 praeter
1357 1831 1477 1905 virum
1495 1850 1617 1902 suum.

447 1948 501 2023 oe
517 1951 721 2025 laberintlro
737 1958 875 2044 autern,
893 1951 956 2044 qui
973 1950 1105 2024 dicitur
1123 1951 1234 2025 luisse
1250 1951 1383 2025 domus
1398 1951 1476 2024 sive
1492 1969 1619 2024 (arcer

447 2070 653 2164 Minotauri,
676 2090 748 2143 non
774 2070 885 2145 credo
909 2070 1008 2164 quod
1022 2061 1060 2162 (²)
1085 2071 1130 2146 sit
1156 2071 1272 2144 iactus
1301 2093 1322 2144 a
1354 2071 1500 2163 Dedalo,
1530 2070 1618 2163 quia

448 2209 520 2263 non
546 2189 691 2264 videtur
715 2210 808 2283 opus
832 2189 948 2262 aetatis
965 2189 1074 2262 unius
1091 2189 1258 2283 hominis,
1281 2197 1323 2262 ut
1339 2190 1463 2263 dicunt
1480 2187 1543 2282 qui
1563 2189 1620 2261 ri-

446 2309 581 2383 derunt
597 2310 734 2404 ipsum;
749 2309 847 2403 quod
861 2329 930 2404 ego
943 2309 1141 2403 consentio,
1156 2310 1303 2403 quando
1316 2308 1506 2383 considero
1519 2307 1619 2382 labe-

447 2429 609 2506 rintlrum
636 2449 747 2523 quem
765 2420 801 2521 (³)
827 2428 899 2501 vidi
924 2429 1020 2524 apud
1047 2429 1246 2503 Vicentiam
1277 2435 1497 2503 excavatum
1523 2428 1617 2501 intra

447 2557 610 2624 montem
637 2570 790 2624 saxeum
798 2573 808 2643 3
830 2556 867 2623 et
893 2559 1014 2626 tamen
1036 2548 1262 2624 laberinthus
1279 2551 1397 2625 oreta
1421 2555 1478 2623 est
1502 2549 1619 2622 multo

448 2669 664 2763 mirabiii⁰r;
691 2670 790 2763 quia,
817 2680 857 2745 ut
881 2669 1001 2763 audio,
1028 2676 1083 2743 est
1108 2675 1206 2745 totus
1231 2668 1347 2742 lactus
1376 2668 1422 2741 ad
1452 2688 1620 2742 cameras

448 2790 655 2883 quadratas,
681 2811 842 2883 quarum
869 2810 1104 2883 unaquaeque
1139 2791 1248 2864 habet
1286 2796 1446 2882 quatuor
1484 2800 1617 2885 portas.

446 2907 507 2980 llis
531 2909 724 3002 premissis
750 2929 848 2983 nunc
872 2910 1051 2984 descende
1081 2908 1126 2983 ad
1156 2909 1312 3002 literam,
1345 2928 1457 3002 quarn
1489 2910 1617 2985 ordina

446 3027 520 3101 sic:
547 3049 566 3099 e
590 3031 771 3122 tinsonria
795 3032 834 3102 di
860 3027 1072 3120 mettioeo
1091 3028 1328 3121 Minotaurus,
1354 3028 1491 3102 infame
1512 3049 1619 3103 mon-

296 3142 300 3148 ’
447 3157 577 3242 strum,
612 3149 698 3242 quia
731 3149 776 3223 ad
807 3148 992 3224 infamiam
1030 3148 1125 3222 cedit
1154 3148 1283 3222 insula,
1313 3147 1442 3242 Cretae,
1465 3149 1564 3243 quod
1579 3137 1616 3240 (⁸)

447 3268 624 3365 genuerit
642 3276 717 3344 tarn
745 3268 978 3343 maledictum
996 3274 1214 3362 monstrum,
1232 3269 1294 3341 cte
1306 3270 1346 3360 su
1359 3275 1512 3340 corwcttu
1527 3271 1620 3340 nella

444 3391 541 3482 salsa
569 3409 688 3480 cocco,
721 3389 812 3463 idest
843 3387 1028 3462 falsificata
1059 3394 1097 3461 et
1130 3387 1329 3461 subornata
1351 3377 1387 3479 (⁶)
1418 3388 1489 3460 sub
1519 3387 1621 3462 corio

447 3512 890 3603 commanducatum
913 3512 1148 3600 sullo'punta,
1174 3508 1265 3582 idest
1291 3508 1327 3580 in
1353 3507 1527 3602 principio
1555 3508 1621 3582 de-

447 3648 607 3722 scensus,
625 3631 668 3702 de
684 3632 721 3701 lu
737 3632 848 3719 toccu,
867 3629 958 3704 idest
982 3634 1093 3721 rosta,
1111 3628 1216 3702 etsie
1236 3628 1385 3723 ponitur
1401 3649 1497 3724 saepe
1513 3628 1619 3723 alibi3

448 3749 546 3824 unde
570 3750 619 3822 lll
640 3749 798 3845 capitulo
823 3748 1029 3845 Purgatorii
1050 3748 1160 3821 dicit:
1186 3752 1223 3820 in
1245 3751 1362 3841 tanco
1384 3751 1427 3822 de
1448 3751 1486 3821 la
1505 3752 1617 3841 tucca,

446 3878 483 3944 et
506 3868 591 3942 dicit
614 3877 722 3960 rottu,
752 3869 888 3943 scilicet
920 3884 987 3964 per
1011 3867 1144 3944 dictam
1171 3868 1328 3942 ruinam.
1346 3908 1395 3922 -
1413 3874 1445 3940 Ε
1465 3873 1617 3960 mundo.

446 3987 510 4061 llic
535 3995 645 4062 autor
668 3990 826 4064 ostendit
850 3989 1037 4082 quomodo
1053 3988 1279 4062 Minotaurus
1298 4008 1339 4063 se
1355 3989 1526 4063 habuerit
1541 3991 1620 4065 riso

446 4115 577 4184 autore
602 4130 687 4184 curn
715 4109 883 4205 Virgili03
902 4117 939 4183 et
955 4109 1117 4184 breviter
1141 4109 1297 4186 ostendit
1321 4129 1387 4204 per
1412 4109 1514 4205 signa
1540 4111 1620 4185 eius

447 4229 546 4323 quod
571 4230 678 4303 nimis
703 4229 856 4304 moleste
882 4229 1006 4303 tulerit
1029 4250 1219 4305 accessum
1245 4229 1358 4304 nostri
1383 4230 1533 4324 autoris,
1556 4231 1619 4324 qui

449 4358 530 4426 erat
554 4351 718 4427 tacturus
743 4349 810 4423 sibi
835 4370 1014 4446 magnum
1047 4350 1224 4424 damnum
1242 4340 1277 4442 (ὃ)
1309 4356 1347 4425 et
1375 4349 1534 4426 dedecus
1564 4351 1620 4424 in·

448 4470 620 4547 lamando
645 4472 884 4545 inhumanam
902 4469 1168 4564 crudelitatem,
1189 4481 1227 4546 et
1242 4470 1465 4566 propalando
1482 4471 1621 4545 mundo

449 4592 628 4665 infelicem
655 4612 801 4687 poenam
827 4591 1084 4666 violentorum.
1110 4590 1202 4665 llicit
1227 4611 1341 4688 ergo:
1367 4599 1405 4668 et
1424 4590 1485 4667 ille
1508 4591 1622 4668 ifino·

509 4806 537 4870 (¹)
554 4806 580 4857 S.
596 4806 787 4870 quidem—E.
805 4806 909 4870 quidam
926 4809 1025 4868 putant.
1150 4804 1227 4867 t'tll.
1244 4805 1314 4869 quod
1330 4802 1409 4856 luent
1426 4804 1517 4857 tamnu

492 4882 537 4945 ’ω
555 4887 610 4940 rm,
626 4895 705 4947 qnam
720 4895 770 4948 ego
786 4882 846 4934 ridi.
1150 4881 1178 4944 θ)
1196 4885 1251 4943 llo,
1267 4896 1325 4947 qun
1342 4883 1439 4947 gennit.

510 4958 539 5021 ω
555 4959 587 5009 1.
602 4964 702 5011 emta.
1152 4958 1180 5021 (¹)
1197 4958 1229 5009 ll.
1244 4959 1369 5010 damnum
1385 4956 1540 5011 m
