4154 6546
457 803 527 868 250
850 810 1053 867 domnum
1075 813 1227 868 [NFBRNI

454 951 554 1050 riat')
572 958 732 1034 avaricia
756 964 794 1033 ct
817 956 1051 1053 prodigalitas
1064 957 1239 1033 contiuuo
1255 956 1484 1052 impugnant,
1497 958 1618 1037 donoc

452 1080 575 1152 tollant
599 1078 647 1153 da
669 1077 790 1152 madio
815 1084 852 1151 ct
875 1076 1084 1170 dcatrnaut3
1105 1096 1182 1172 quo
1205 1077 1312 1171 tacto,
1328 1076 1503 1152 oonnnuo
1525 1097 1617 1155 cau·

449 1202 605 1270 currunt
628 1202 666 1271 ct
688 1216 732 1271 sa
756 1195 913 1271 invicem
937 1197 1156 1273 concutiunt
1177 1203 1216 1272 at
1238 1195 1425 1289 aonidum,
1454 1202 1494 1272 ct
1523 1194 1618 1275 banc

448 1315 603 1391 avaritia
617 1315 799 1411 figuratur
815 1336 883 1412 por
899 1315 1095 1411 caribdim
1111 1334 1198 1411 quta
1212 1316 1386 1393 absorbet
1400 1322 1437 1391 ct
1453 1314 1620 1413 ingurgi·

450 1440 502 1509 tat
521 1455 648 1528 aquas,
665 1440 704 1511 at
720 1434 953 1532 prodigalitas
978 1455 1044 1532 par
1069 1435 1215 1512 scillam
1231 1454 1428 1531 perquam
1447 1434 1618 1511 discurrit

449 1575 548 1651 aqua
571 1574 658 1630 cum
684 1555 802 1631 ruina.
817 1593 867 1610 -
881 1559 957 1645 Qui
976 1556 1042 1631 iiic
1057 1564 1168 1632 autor
1182 1555 1339 1650 oxpiicat
1355 1571 1503 1650 poenam
1519 1571 1617 1649 praa·

449 1676 630 1749 dictorum
654 1674 779 1751 dicem
792 1693 810 1763 ι,
827 1679 870 1749 Io
893 1677 967 1749 vidi
989 1683 1089 1767 penta
1113 1682 1242 1768 troppo
1253 1669 1316 1767 piri
1331 1676 1390 1765 qni
1403 1675 1456 1746 cn'
1468 1675 1618 1762 uincor,

450 1793 536 1887 quia
565 1793 683 1867 maior
711 1799 769 1869 cat
799 1812 979 1868 numerus
1009 1812 1223 1886 avarorum,
1250 1811 1366 1887 uuam
1392 1799 1613 1867 caeterorum

449 1918 696 2006 peccatorum,
723 1914 889 1988 coltnndo
908 1917 998 2005 peri
1015 1913 1058 1986 lit
1078 1912 1137 1987 hic
1152 1911 1353 1987 noandum
1369 1903 1407 2003 ι’)
1431 1913 1532 2007 quod
1546 1934 1618 1989 au·

449 2040 507 2107 tor
531 2032 592 2108 dat
617 2032 779 2107 debitam
798 2051 947 2128 poeuam
964 2031 1059 2125 iatia3
1077 2052 1164 2107 unm
1179 2050 1246 2127 par
1262 2031 1331 2107 ista
1344 2052 1461 2108 onera
1478 2053 1616 2127 raproe-

448 2157 565 2226 acutat
589 2150 693 2225 nona
717 2168 856 2248 magma
880 2152 1044 2247 pondera
1068 2150 1239 2226 laborum
1264 2156 1301 2224 at
1324 2168 1502 2225 curarum
1527 2169 1613 2244 qrrae

448 2273 620 2348 continuo
645 2278 880 2367 premuniat
902 2278 1061 2368 gravant
1084 2291 1219 2366 corpus
1247 2277 1285 2345 et
1313 2270 1480 2345 animum
1511 2271 1614 2346 avari

447 2400 484 2464 ct
508 2391 667 2487 prodigi3
691 2410 848 2485 corpora
872 2390 972 2465 enim
999 2410 1073 2464 non
1097 2389 1290 2483 quiaocunt
1318 2389 1407 2462 dum
1440 2388 1614 2463 continuo

448 2511 658 2585 discurrunt
682 2531 749 2604 par
774 2530 889 2602 mare,
911 2530 977 2604 par
993 2515 1147 2602 terram,
1164 2529 1231 2602 par
1247 2515 1402 2601 montes,
1419 2507 1615 2603 pervadas

448 2628 664 2722 exponendo
682 2620 720 2718 (³)
749 2648 790 2703 sc
825 2627 998 2703 omuibus
1035 2628 1206 2723 periculis
1238 2627 1335 2721 coeli
1367 2646 1486 2722 aqum,
1516 2627 1614 2722 pira·

448 2754 583 2839 tarum,
609 2746 807 2838 latronum,
832 2752 871 2821 ct
893 2745 1018 2820 omnia
1043 2746 1236 2823 incomoda
1261 2746 1462 2839 tolerando,
1479 2747 1614 2822 scilicet

448 2866 596 2959 samam,
622 2865 730 2958 sitim,
746 2867 924 2962 dgoram,
941 2866 1127 2959 calomm3
1144 2874 1183 2942 ct
1199 2867 1230 2941 ai
1246 2867 1342 2943 torto
1360 2884 1494 2961 corpus
1509 2867 1615 2960 quia·

447 2990 535 3078 scat,
560 3004 765 3079 numquam
790 2984 947 3078 animus,
974 2984 1049 3058 imo
1074 2974 1272 3081 aampert⁸t
1297 3005 1425 3062 cacum
1442 2986 1613 3062 luctatur.

447 3103 538 3177 Dicit
547 3094 586 3195 (⁵)
598 3122 735 3178 avarus
751 3102 848 3178 intra
858 3123 900 3178 so
912 3103 1052 3198 ipsum:
1069 3104 1100 3178 ai
1116 3105 1242 3180 vaudis
1254 3105 1482 3189 frumentum
1499 3111 1538 3178 ct
1551 3123 1615 3178 ca·

448 3221 551 3296 retiat
567 3210 617 3312 (⁶),
643 3228 683 3295 tu
708 3221 874 3316 crepabis
893 3219 1042 3299 dolona:
1069 3223 1100 3299 si
1124 3243 1198 3299 non
1215 3224 1341 3301 randis
1357 3229 1395 3298 ct
1411 3221 1557 3316 vitatiat,
1573 3228 1614 3296 tu

446 3340 615 3416 morieris
638 3340 775 3416 doloro
793 3342 922 3417 Nonne
937 3343 1041 3419 avari
1058 3343 1257 3438 acquirunt
1269 3363 1358 3418 cum
1375 3342 1513 3436 ahora,
1530 3361 1615 3436 poa·

446 3459 562 3534 sidant
586 3476 674 3534 cum
700 3459 844 3553 timore,
868 3461 1029 3554 pardunt
1051 3461 1312 3537 cumdolore?
1337 3450 1487 3553 Bonet⁷i
1515 3462 1614 3558 Dyo·

445 3597 558 3675 ganan
582 3578 734 3673 proiecit
758 3579 948 3654 sacculum
972 3580 1138 3674 pecunia
1163 3587 1243 3674 post
1268 3580 1402 3673 iuram,
1427 3579 1491 3673 qui
1514 3598 1612 3674 soepa

446 3702 492 3776 da
523 3707 629 3775 nocte
661 3705 867 3774 wumvarat
894 3699 1056 3775 solicitus
1082 3706 1120 3774 ct
1150 3706 1312 3775 tramam
1339 3687 1609 3789 aubuadarad)

446 3821 549 3894 ilium
573 3819 621 3893 da
644 3818 715 3891 sub
739 3817 858 3911 capite
882 3817 972 3893 eiua
989 3818 1084 3907 Quid
1100 3818 1273 3915 prodigus
1287 3809 1356 3910 (ῆι
1380 3815 1479 3912 quali
1495 3835 1610 3890 onora

446 3939 627 4032 promitur
649 3955 738 4013 cum
769 3937 891 4014 daticit
920 3937 988 4013 sibi
1016 3938 1063 4014 ad
1092 3935 1402 4034 axpcudaudumt
1435 3935 1612 4012 violantur

447 4058 550 4153 rapit,
574 4058 669 4132 clam
687 4057 844 4151 iuratur,
864 4058 1053 4152 mentitur,
1070 4058 1246 4154 periurat,
1263 4056 1393 4153 prodit,
1409 4076 1507 4152 aaepo
1522 4075 1613 4132 vau-

445 4178 495 4251 dit
520 4175 699 4272 pudoram
725 4176 818 4271 filia,
836 4177 912 4253 imo
928 4177 1134 4253 libertatem
1151 4197 1269 4252 suam.
1288 4177 1398 4253 certa
1413 4175 1523 4252 Gaius
1538 4174 1611 4287 Ga·

506 4454 532 4512 (¹)
549 4455 603 4512 tid,
619 4452 710 4512 maria,
725 4451 791 4502 idaat
806 4452 859 4505 du·
874 4452 935 4504 vitia
951 4465 1048 4512 amara,
1063 4452 1167 4503 avaritia
1183 4456 1211 4502 ct
1227 4450 1401 4514 prodipuitra

506 4527 532 4585 (¹)
548 4526 574 4576 S.
588 4540 604 4577 a
620 4531 674 4586 116,
691 4533 752 4578 nota
767 4528 848 4592 quod.
1098 4528 1125 4588 (¹)
1142 4531 1196 4588 ιιι,
1212 4531 1378 4591 exportandan-

505 4602 531 4661 ι’)
548 4606 602 4663 tit,
619 4616 722 4665 tempor
736 4602 859 4655 luctatur.
1099 4604 1126 4666 (¹)
1143 4603 1174 4654 E.
1191 4602 1260 4654 Dicit
1274 4603 1345 4654 cmm
1360 4612 1463 4653 arama.

507 4675 533 4735 ι’)
549 4676 575 4726 S.
592 4677 704 4738 caretiat,
724 4678 840 4742 crepant·
858 4679 968 4738 doiorar
990 4680 1010 4729 oi
1031 4680 1120 4730 condis
1138 4684 1167 4730 at
1184 4679 1320 4743 puberum,
1336 4675 1457 4729 mortaria
1478 4673 1569 4727 dolore
1591 4676 1612 4723 si

429 4752 611 4812 ,postmodum
626 4753 730 4805 vincuat
746 4755 838 4807 doma
852 4755 932 4807 avari.

507 4825 534 4887 (²)
550 4827 575 4877 S.
591 4828 624 4878 Et
640 4828 698 4879 ideo
713 4829 787 4881 bene.
1103 4830 1129 4892 ι’)
1145 4831 1170 4882 S.
1187 4831 1300 4882 isaim

506 4902 533 4964 ι’)
550 4902 580 4957 Β·
597 4903 713 4967 prodigit
728 4904 798 4967 quali
812 4917 892 4956 auara
907 4912 1062 4969 promuntm
1077 4919 1138 4956 cnm
1154 4905 1240 4958 daticit
1256 4905 1303 4956 ribi
1318 4903 1351 4955 ad
1367 4891 1559 4968 spondendum!
