4154 6546
605 776 676 841 304
1003 786 1205 841 COMENTUM
1230 787 1381 841 INFERNl

604 928 741 1025 Virgilii
767 929 968 1024 imaginare
982 922 1019 1020 (¹)
1037 929 1136 1022 quod
1156 928 1326 1024 Virgilius
1344 928 1428 1002 lacit
1443 928 1502 1002 hic
1518 928 1612 1002 sicut
1629 929 1689 1005 ille
1706 932 1769 1024 qui

606 1048 740 1141 reperit
766 1068 806 1121 se
831 1047 868 1120 in
893 1048 1004 1142 sylva,
1024 1048 1080 1121 vel
1106 1048 1143 1121 in
1168 1048 1263 1121 valle
1287 1047 1438 1142 palustri
1455 1047 1502 1122 de
1518 1054 1625 1122 nocte
1643 1050 1700 1122 vel
1725 1049 1771 1122 de

604 1169 663 1242 die
688 1167 833 1262 quando
859 1174 913 1241 est
939 1167 1073 1241 nebula
1089 1168 1212 1262 spissa,
1234 1168 1297 1260 qui
1318 1174 1406 1241 tunc
1423 1188 1495 1240 non
1513 1173 1630 1260 potest
1647 1167 1772 1242 videre

605 1286 740 1379 aliquid
755 1277 790 1377 (²)
818 1306 932 1380 prope
956 1287 1016 1359 vel
1044 1287 1164 1382 longe,
1189 1287 1271 1361 ideo
1296 1294 1367 1360 stat
1391 1286 1544 1360 auribus
1572 1287 1719 1360 attentis
1734 1278 1770 1377 (³)

605 1406 633 1476 si
660 1411 780 1499 posset
805 1405 934 1480 audire
959 1426 1088 1480 vocem
1114 1406 1170 1480 vel
1196 1405 1386 1501 strepitum
1411 1405 1565 1479 alicuius
1583 1404 1771 1498 venientis,

512 1580 514 1583 v
605 1527 653 1600 ita
680 1525 779 1618 quod
805 1533 906 1600 notat
931 1508 960 1598 si
986 1527 1087 1600 audit
1113 1532 1255 1600 tantum
1280 1526 1426 1600 frondes
1451 1526 1627 1598 arborum
1659 1528 1770 1620 quati.

605 1643 696 1717 Dicit
721 1664 834 1740 ergo:
868 1650 904 1719 et
933 1644 993 1718 ille
1021 1644 1202 1740 virgiliae,
1233 1647 1265 1717 st
1290 1636 1405 1736 smmd
1434 1651 1561 1716 utoento
1592 1627 1678 1716 com'
1692 1666 1772 1717 corn

605 1766 813 1854 cb'oscottu,
839 1770 875 1837 et
900 1785 986 1838 ecce
1011 1785 1138 1856 quare,
1164 1766 1224 1836 olle
1248 1766 1399 1836 t’occlrto
1423 1767 1485 1836 nol
1510 1771 1617 1855 poteo
1646 1784 1773 1835 monor

605 1905 628 1954 u
653 1887 773 1973 turmo,
799 1884 884 1977 quia
911 1904 983 1956 non
1000 1890 1143 1978 poterat
1159 1882 1284 1957 videre
1300 1905 1323 1958 a
1340 1883 1459 1978 longe,
1473 1887 1772 1974 percanora,

604 2003 695 2076 idest
715 2003 908 2075 obscuram
926 2002 1021 2075 illius
1036 2002 1137 2077 vallis
1155 2003 1325 2099 stygialis,
1350 2025 1370 2075 c
1391 2024 1458 2095 por
1475 2006 1512 2075 la
1528 2003 1651 2075 nebdt'u
1665 2007 1770 2096 solta,

605 2122 695 2195 idest
719 2122 908 2217 nebulam,
933 2143 1018 2215 quae
1033 2123 1208 2218 surgebat
1225 2143 1271 2197 ex
1288 2122 1347 2195 illa
1364 2123 1460 2196 valle
1476 2122 1599 2195 ioetida
1616 2112 1652 2213 (⁶)
1674 2123 1769 2224 sicut

605 2241 773 2315 naturale
797 2248 861 2315 est.
876 2247 1022 2315 -Pur.
1049 2242 1114 2315 llic
1137 2249 1246 2316 autor
1262 2240 1429 2315 describit
1447 2241 1667 2315 locutionem
1686 2241 1769 2314 Vir-

605 2360 691 2454 gilii,
717 2366 753 2433 et
778 2362 865 2453 quia
889 2362 956 2435 ista
981 2362 1085 2436 litera
1117 2368 1171 2436 est
1201 2359 1409 2434 difficillima
1437 2367 1475 2434 et
1504 2359 1770 2434 intricatissima

607 2480 690 2551 volo
715 2480 761 2552 ad
787 2481 866 2553 eius
891 2481 1173 2556 declarationem
1199 2485 1237 2554 te
1261 2478 1493 2553 considerare
1510 2499 1626 2551 unum
1644 2498 1770 2552 casum

607 2598 729 2671 talem.
756 2600 817 2671 Est
842 2620 939 2671 unus
960 2601 1022 2693 qui
1041 2600 1149 2673 babet
1166 2619 1316 2672 causam
1334 2619 1419 2672 cum
1438 2597 1620 2690 aliquibus
1640 2598 1773 2672 adver-

606 2710 721 2806 sa'riis,
747 2725 826 2809 post
852 2717 998 2812 longam
1024 2717 1293 2791 contentionem
1311 2717 1438 2791 videns
1453 2717 1680 2791 adversarios
1697 2717 1774 2791 lor-

608 2836 729 2930 tiores,
748 2836 863 2910 iratus
888 2837 1084 2911 exclamat:
1111 2857 1176 2931 per
1203 2836 1333 2910 Deum!
1351 2843 1495 2930 oportet
1511 2837 1610 2929 quod
1631 2838 1771 2910 vincam

607 2955 713 3029 istam
730 2975 905 3050 pugnam,
918 2955 948 3027 si
960 2955 1134 3029 deberem
1151 2955 1274 3030 lacere
1291 2955 1412 3029 nescio
1430 2955 1537 3049 quid3
1558 2955 1709 3030 demum
1724 2950 1773 3049 (⁵),

608 3078 677 3150 boc
700 3076 807 3169 dicto,
833 3075 927 3168 dicit,
959 3082 996 3150 et
1026 3077 1055 3149 si
1086 3097 1183 3168 non3
1214 3083 1250 3150 et
1280 3082 1351 3149 stat
1381 3076 1566 3150 modicum
1596 3086 1634 3151 et
1666 3077 1772 3151 dicit:

606 3196 701 3269 dabo
726 3215 788 3269 me
814 3195 875 3269 tali
890 3185 926 3287 (ὃ)
945 3196 1008 3288 qui
1034 3196 1128 3271 bene
1154 3216 1215 3270 me
1240 3196 1396 3290 iuvabit;
1422 3196 1533 3270 modo
1558 3196 1607 3269 ita
1627 3217 1650 3270 a
1667 3196 1773 3268 simili

608 3335 706 3388 nunc
731 3314 901 3410 Virgilius
929 3314 1035 3388 dicit:
1062 3315 1091 3388 si
1117 3336 1190 3389 nou
1208 3310 1335 3409 potero
1352 3315 1490 3388 intrare
1507 3336 1573 3409 per
1591 3335 1662 3408 me,
1681 3316 1774 3388 bene

607 3454 789 3530 cognosco
814 3434 923 3507 talem
950 3434 1013 3527 qui
1029 3425 1064 3525 (⁷)
1092 3435 1186 3508 bene
1212 3455 1271 3508 me
1290 3435 1505 3510 introducet.
1525 3436 1629 3508 Nunc
1646 3434 1773 3507 ordina

609 3554 752 3627 literam
769 3552 842 3626 sic:
858 3574 932 3644 pur
956 3573 980 3623 o
1006 3573 1059 3623 me
1074 3556 1205 3625 conoeb
1223 3556 1340 3626 mucor
1356 3556 1392 3625 lu
1404 3574 1541 3644 pugna,
1559 3553 1650 3626 idest
1668 3554 1772 3625 istum

608 3672 773 3766 probam,
800 3677 837 3744 ct
861 3671 969 3745 debet
993 3670 1063 3765 legi
1088 3690 1178 3744 voce
1202 3670 1275 3744 alta
1291 3671 1337 3744 ad
1356 3673 1506 3745 modum
1524 3671 1617 3763 irati,
1634 3692 1672 3742 se
1688 3691 1773 3760 non,

607 3791 715 3865 debet
740 3789 811 3885 legi
836 3809 927 3864 voce
950 3789 1140 3883 submissa,
1166 3797 1204 3864 et
1233 3789 1341 3864 debet
1370 3790 1545 3885 suppleri:
1570 3796 1608 3864 et
1639 3788 1668 3862 si
1700 3809 1771 3861 non

608 3910 810 4004 poterimus
836 3909 984 3983 vincere
1017 3929 1190 4004 pugnam,
1220 3912 1272 3982 tut
1298 3930 1341 3982 ce
1371 3912 1551 4001 superse,
1577 3909 1668 3983 idest
1692 3908 1772 3981 talis

607 4029 736 4102 obtulit
761 4050 801 4104 se
826 4028 929 4103 nobis
953 4027 1000 4102 ad
1024 4048 1253 4122 succursum,
1279 4029 1378 4122 quod
1402 4029 1483 4104 eius
1512 4029 1649 4103 auxilio
1679 4029 1774 4103 bene

608 4149 834 4242 intrabimus,
860 4155 897 4223 et
920 4147 1065 4221 dimittit
1091 4149 1248 4222 verbum
1273 4168 1505 4243 suspensum,
1533 4149 1625 4224 sicut
1650 4156 1705 4224 est
1728 4149 1775 4222 de

608 4289 714 4343 more
739 4269 968 4362 loquentium
993 4288 1079 4342 cum
1106 4267 1172 4362 ira,
1207 4268 1271 4361 qui
1306 4290 1379 4343 non
1411 4268 1605 4363 perliciunt
1638 4269 1775 4344 oratio-

670 4493 698 4557 (¹l
713 4495 740 4544 S.
755 4495 833 4545 debes
847 4494 995 4557 imaginare.
1010 4519 1042 4530 -
1059 4496 1113 4553 116,
1129 4491 1286 4556 imaginavit.

668 4571 696 4631 (¹)
713 4574 766 4630 116,
783 4570 861 4620 aliud.
1235 4565 1263 4630 (⁸)
1279 4573 1334 4628 116,
1351 4573 1472 4619 attentus.

670 4645 697 4705 (⁸)
713 4646 744 4696 E.
761 4646 848 4696 lunda.
1234 4643 1260 4705 (⁸)
1277 4643 1307 4692 E.
1324 4644 1425 4694 deinde.

671 4720 697 4781 (⁸)
715 4725 768 4781 116,
786 4722 839 4782 tall,
856 4726 950 4770 elnon
966 4721 1028 4771 dicit
1044 4721 1102 4784 plus
1117 4734 1195 4786 quam
1211 4720 1409 4781 relitdioerc‚ol
1424 4735 1476 4771 non
1493 4726 1586 4784 potero
1601 4720 1705 4770 vincere
1723 4729 1774 4780 pu·

609 4810 694 4859 gnam,
710 4798 776 4848 dabo
791 4811 834 4848 mc
850 4799 895 4848 tali
912 4798 956 4861 qul
973 4797 1046 4848 bene.

671 4869 698 4935 (⁷)
714 4872 739 4921 S.
755 4874 800 4938 qul
816 4888 858 4924 me
875 4875 1028 4924 lutroduoel.
1046 4873 1128 4925 Nunc.
1139 4900 1167 4909 -
1179 4877 1225 4925 116
1240 4886 1256 4923 o
1273 4872 1304 4923 E.
1319 4874 1364 4938 qui
1380 4873 1446 4924 bens
1461 4873 1609 4925 introducet
1623 4882 1679 4923 not.
1692 4868 1775 4921 Nunc.
