4154 6546
735 772 872 827 clusus
896 770 1090 826 sncunnus.
1449 762 1495 828 79

325 918 456 1012 studia
481 916 667 1014 potissime
695 916 846 1012 poetica,
878 935 958 990 esse
988 915 1131 990 deserta
1160 937 1183 991 a
1213 918 1432 1013 principibus
1462 925 1498 994 et

324 1038 517 1133 nobilibus,
543 1037 608 1132 qui
632 1034 877 1132 principaliter
902 1035 1065 1109 solebant
1082 1034 1120 1108 in
1142 1036 1291 1129 poeticis
1315 1036 1498 1129 delectari,

324 1163 361 1231 et
378 1158 514 1251 quihus
531 1178 642 1253 opera
660 1155 801 1251 poetica
820 1154 983 1229 solebant
1000 1155 1086 1229 olim
1105 1155 1290 1250 intitulari,
1307 1163 1344 1230 et
1363 1158 1411 1231 ob
1431 1158 1500 1232 hoc

324 1298 438 1375 opera
463 1277 601 1374 Virgilii
625 1282 663 1351 et
687 1276 845 1349 aliorum
875 1274 1132 1348 excellentium
1157 1281 1352 1370 poetarum
1373 1277 1500 1371 jacere

325 1400 492 1495 neglecta
522 1405 559 1472 et
584 1396 764 1490 dmpncu,
795 1394 940 1469 cautius
971 1401 1007 1470 el
1033 1395 1248 1488 prudentius
1279 1418 1320 1471 se
1353 1398 1499 1472 reduxit

326 1516 373 1593 ad
397 1517 521 1591 stilum
547 1515 753 1611 vulgarem,
780 1534 867 1588 cum
884 1514 963 1608 iam
990 1512 1176 1587 literaliter
1201 1513 1405 1608 incoepisset
1430 1516 1498 1592 sic:

430 1681 556 1752 Ultimo
578 1697 693 1768 repca
718 1697 858 1766 cauom,
882 1678 989 1767 fluido
1014 1678 1228 1748 cnnmrmtno
1254 1681 1396 1769 mundo,

427 1798 608 1890 spinato
633 1816 711 1888 pto
736 1799 809 1868 toto
828 1801 963 1887 putent,
989 1814 1066 1886 quo
1086 1798 1226 1886 premio
1250 1799 1388 1870 solvunt

427 1921 501 1989 Pro
525 1918 656 1989 merito
681 1918 878 2004 cuicumque
901 1917 973 1986 suis
996 1921 1056 1986 etc.

328 2105 395 2181 llii
420 2111 547 2179 tamen
572 2110 609 2179 et
636 2103 740 2177 multi
771 2103 978 2177 comuniter
1006 2103 1142 2199 dicunt,
1173 2107 1272 2199 quod
1301 2115 1409 2182 autor
1438 2129 1502 2183 co-

328 2227 453 2325 gnovit
477 2225 603 2299 stilum
629 2244 740 2297 suum
767 2223 946 2297 literalem
973 2244 1046 2298 non
1071 2224 1252 2321 attingere
1269 2227 1315 2300 ad
1340 2235 1416 2302 tam
1441 2249 1502 2329 ar-

329 2346 447 2433 duum
473 2346 619 2437 thema3
646 2343 745 2437 quod
770 2349 807 2418 et
832 2362 903 2437 ego
928 2342 1131 2438 crederem,
1157 2345 1224 2418 nisi
1250 2368 1311 2420 me
1337 2355 1502 2424 moveret

330 2466 508 2541 autoritas
526 2463 711 2538 novissimi
729 2468 846 2558 poetae
863 2462 1056 2557 Petrarcae‚
1075 2465 1138 2557 qui
1158 2465 1312 2565 loquens
1328 2467 1374 2542 de
1386 2468 1502 2543 Dante

329 2583 453 2659 scribit
485 2583 532 2658 ad
562 2582 812 2657 venerabilem
841 2588 1105 2675 preceptorem
1136 2603 1263 2656 meum
1290 2585 1499 2660 Boccatium

329 2703 375 2780 de
411 2702 603 2779 denudo:
639 2705 775 2791 Manna
808 2702 890 2772 mitt
926 2703 969 2774 de
1005 2704 1144 2791 inpendo
1175 2705 1248 2795 ejus
1277 2707 1418 2797 oppinio
1455 2713 1505 2779 est

327 2825 480 2916 potasse
503 2842 580 2895 eum
605 2823 738 2911 omnia,
763 2820 883 2911 perduc
906 2823 1111 2894 temneret.
1138 2822 1199 2895 llis
1224 2823 1385 2899 breviter
1409 2845 1504 2921 prae-

334 2941 452 3016 missis
475 2961 582 3016 nunc.
598 2941 644 3015 ad
670 2940 813 3014 literam
840 2946 1082 3014 revertamur.
1110 2941 1201 3016 llicit
1222 2949 1352 3018 autor:
1380 2949 1421 3018 lo
1446 2967 1505 3019 co-

332 3061 486 3151 munt,
505 3060 642 3154 supple,
659 3059 773 3153 loqui,
790 3064 826 3133 cl
847 3058 979 3153 dicere,
991 3066 1111 3151 poeto,
1131 3063 1191 3133 cte
1206 3081 1260 3133 mc
1274 3066 1385 3155 potdt,
1402 3064 1503 3158 idest

331 3198 355 3253 ο
381 3177 516 3273 virgili,
546 3177 609 3272 qui
641 3197 682 3252 es
712 3177 788 3251 dun
822 3183 859 3251 et
890 3176 1021 3251 ductor
1051 3198 1167 3272 meus,
1193 3184 1336 3269 puarda
1364 3185 1400 3255 ta
1433 3186 1504 3255 mm

333 3293 438 3390 virtri,
455 3296 600 3391 scilicet,
617 3296 793 3371 virtutem
815 3296 1097 3371 intellectualem
1125 3303 1161 3371 et
1186 3299 1386 3395 scientiam,
1403 3323 1440 3373 se
1457 3295 1508 3375 te*

328 3423 500 3510 poscente,
526 3416 617 3491 idest
642 3415 827 3490 sufficiens
848 3416 895 3490 ad
920 3421 1062 3489 tantum
1088 3438 1181 3512 opus
1205 3424 1242 3493 et
1266 3440 1371 3514 onus,
1396 3424 1507 3493 nunni

331 3540 392 3611 cte
415 3544 452 3610 tu
475 3557 530 3609 nnc
544 3537 623 3629 fidi,
644 3535 736 3610 idest
759 3543 958 3630 antequam
977 3556 1024 3611 en
1041 3535 1173 3612 liducia
1199 3558 1261 3613 me
1285 3541 1504 3634 committas,

332 3659 392 3731 att
405 3659 478 3729 atto
496 3676 622 3748 passo,
647 3655 749 3750 idest,
775 3655 821 3729 ad
850 3656 961 3730 altam
992 3658 1197 3752 materiam,
1228 3659 1320 3734 sicut
1351 3663 1505 3736 consulit

333 3775 506 3853 Horatius
531 3774 568 3849 in
592 3774 736 3848 Poetria
751 3766 801 3869 (¹),
828 3775 890 3847 ubi
916 3775 1023 3849 dicit:

480 3941 608 4014 Sumite
631 3941 815 4011 moestam
839 3942 960 4012 omum
985 3942 1044 4032 qui
1065 3942 1213 4014 smttttis
1237 3962 1373 4033 oepuom

480 4058 615 4131 Viridm
639 4065 699 4131 etc.

412 4254 462 4322 lu
473 4251 552 4322 dici
569 4248 636 4324 llic
649 4255 759 4323 antor
772 4248 931 4323 excludit
945 4249 1216 4344 responsionem
1225 4240 1277 4344 (²),
1291 4272 1402 4345 quam
1421 4275 1507 4350 pos·

335 4374 391 4443 set
403 4367 698 4464 lacereVirpilius
711 4368 758 4441 ad
768 4368 1059 4443 exhortationem
1069 4369 1161 4464 ejus,
1175 4369 1261 4462 quia
1275 4371 1372 4445 enim
1385 4383 1507 4468 posset

334 4485 458 4562 dicere
473 4487 658 4585 Virgilius:
677 4507 795 4584 quare
812 4508 884 4561 non
902 4494 1004 4583 potes
1022 4488 1075 4561 ire
1091 4488 1138 4562 ad
1154 4489 1363 4565 lnlernnml
1379 4494 1507 4572 Nonne

399 4717 427 4776 (¹)
442 4715 468 4766 S.
485 4717 585 4779 poetria
600 4729 654 4778 sun,
671 4717 767 4767 dicem

336 4789 425 4932 ml?
442 4795 498 4853 tlt,
516 4796 544 4843 tt
567 4791 676 4844 destruit
697 4794 833 4853 rationem,
854 4806 933 4856 quam
954 4792 1081 4856 possit-
1096 4792 1126 4844 u
1145 4793 1259 4845 excludit
1280 4795 1405 4847 rationem
1427 4808 1507 4860 qum
