4154 6546
455 792 523 865 132
848 808 1052 863 conunrun
1078 809 1227 862 rursum

450 958 542 1044 cata,
568 959 605 1025 ct
631 951 839 1026 moriuntur
864 952 1033 1026 obstinati
1066 952 1102 1025 in
1132 953 1196 1046 eis,
1222 959 1259 1025 et
1288 952 1345 1026 isti
1375 953 1564 1050 linguntur
1579 948 1615 1044 (¹)

451 1072 605 1146 transire
630 1093 759 1146 omnes
784 1093 850 1167 per
875 1074 1119 1148 Acherontem
1146 1074 1183 1146 in
1213 1073 1399 1148 lnternum
1425 1094 1616 1168 nunquam

449 1193 606 1266 evasuri.
633 1193 751 1285 Aliqui
777 1213 867 1267 vero
892 1200 978 1266 sunt
1002 1191 1066 1286 qui
1091 1194 1231 1268 vadunt
1247 1193 1294 1268 ad
1311 1194 1509 1288 Internum,
1527 1192 1619 1269 idest

450 1315 611 1387 incidunt
636 1314 672 1385 in
698 1320 859 1407 peccata,
886 1334 958 1387 non
985 1321 1109 1388 tamen
1128 1320 1365 1408 perseverant
1390 1314 1427 1386 in
1452 1314 1516 1408 eis,
1542 1313 1618 1388 imo

450 1434 704 1527 emendantur,
723 1440 759 1509 et
785 1435 875 1508 tales
900 1441 1038 1509 exeunt
1054 1434 1100 1509 de
1115 1434 1260 1509 interno
1284 1455 1350 1528 per
1369 1432 1618 1527 penitentiam.

450 1555 492 1627 Et
517 1552 599 1628 talis
623 1553 689 1627 luit
720 1560 830 1627 autor
856 1561 989 1628 noster.
1015 1553 1099 1628 ldeo
1125 1555 1219 1629 bene
1241 1553 1343 1650 lingit
1365 1553 1462 1647 quod
1489 1554 1619 1628 transit

449 1695 515 1767 per
539 1673 737 1766 Internum,
763 1680 887 1767 postea
914 1673 1034 1747 evadit
1065 1695 1132 1768 per
1165 1674 1437 1770 Purgatoriurn,
1465 1694 1532 1748 nec
1559 1693 1618 1747 rc·

449 1794 604 1869 vertitur
629 1814 695 1887 per
725 1794 822 1866 viam
855 1793 1024 1887 primam,
1058 1793 1203 1886 scilicet,
1230 1793 1316 1887 quia
1351 1813 1424 1866 non
1456 1793 1619 1886 relapsus

448 1921 503 1988 cst
528 1914 564 1987 in
589 1920 749 2008 peccata.
776 1916 889 1986 Ftntto
914 1920 1041 2005 questo.
1066 1913 1131 1986 Hic
1155 1919 1264 1987 autor
1290 1911 1420 1985 ultimo
1444 1912 1616 1986 describit

450 2034 641 2108 transitum
673 2054 784 2105 suum
815 2033 921 2106 valde
951 2033 1104 2106 occulte.
1132 2031 1233 2106 Unde
1264 2032 1310 2106 ad
1344 2031 1617 2126 intelligentiam

448 2154 548 2226 istius
562 2144 599 2244 (²)
627 2173 754 2246 passus
779 2152 925 2226 obscuri
950 2158 1006 2225 est
1031 2151 1218 2224 sciendum
1244 2151 1342 2243 quod
1367 2151 1478 2244 aliqui
1504 2171 1618 2245 expo-

449 2283 540 2346 nunt
565 2274 671 2347 istam
697 2272 840 2347 literam
866 2271 999 2345 fortem
1022 2270 1161 2364 leviter,
1179 2278 1216 2344 et
1235 2270 1359 2344 dicunt
1385 2271 1483 2364 quod
1509 2276 1620 2345 autor

448 2394 548 2489 lingit
582 2414 623 2468 se
655 2391 821 2466 incidisse
850 2391 887 2465 in
918 2391 1092 2486 sincopim
1125 2397 1166 2463 ut
1196 2388 1367 2463 transiret
1401 2391 1613 2464 fetulentam

448 2513 617 2605 paludem
643 2513 857 2586 Acherontis
882 2512 960 2585 sine
986 2510 1193 2584 turbatione
1207 2501 1243 2600 (³)
1275 2529 1414 2584 sensus
1445 2510 1516 2584 Sed
1549 2511 1617 2585 ista

447 2639 502 2703 cst
527 2632 654 2705 frivola
680 2630 875 2724 expositi03
899 2650 983 2702 narn
1011 2629 1106 2702 fictio
1132 2629 1245 2703 nostri
1270 2629 1408 2703 autoris
1434 2631 1544 2705 babet
1565 2633 1620 2705 al-

449 2752 577 2825 liorem
611 2751 833 2824 intellectum
848 2739 897 2840 (l).
929 2749 1013 2822 ldeo
1044 2748 1153 2842 aliqui
1188 2748 1255 2822 viri
1288 2749 1416 2824 famosi
1450 2751 1617 2825 subtilius

448 2871 617 2944 videntur
647 2888 854 2963 exponere:
891 2867 1017 2942 dicunt
1051 2867 1147 2941 enim
1180 2869 1278 2962 quod
1308 2877 1416 2942 autor
1447 2870 1517 2944 sub
1549 2871 1617 2944 ista

448 2990 591 3064 lictione
622 2990 700 3062 vult
729 2988 851 3063 dicere
881 2989 979 3081 quod
1011 2989 1087 3082 ipse
1120 2988 1266 3062 intravit
1297 2989 1496 3083 Internum,
1527 2989 1620 3065 idest

377 3180 380 3185 ,
448 3113 543 3186 viam
571 3110 761 3204 viciorum,
787 3130 853 3204 per
879 3109 1095 3204 superbiam
1116 3117 1154 3183 et
1174 3110 1372 3203 superbam
1393 3111 1549 3206 gloriam
1567 3114 1578 3201 (
1594 3113 1617 3201 ),

447 3231 516 3305 Sed
542 3229 717 3323 quidquid
741 3229 863 3303 dicant
888 3249 1027 3323 omnes,
1046 3228 1132 3301 mibi
1154 3229 1300 3301 videtur
1325 3230 1423 3322 quod
1449 3230 1517 3304 ista
1545 3250 1619 3305 non

447 3352 491 3424 sit
516 3349 666 3425 intentio
695 3350 845 3443 autoris,
873 3350 958 3442 quia
990 3356 1099 3423 autor
1119 3349 1257 3444 judicio
1283 3369 1367 3423 meo
1399 3372 1470 3423 non
1497 3353 1618 3446 loqui-

448 3481 508 3544 tur
535 3472 591 3544 bic
616 3471 662 3544 dc
687 3470 749 3543 tali
765 3469 916 3542 introitu
933 3468 1077 3560 luterni,
1094 3467 1141 3542 de
1158 3488 1232 3561 quo
1248 3456 1285 3558 (⁶)
1303 3469 1461 3562 capitulo
1485 3471 1620 3565 primo,

448 3592 509 3665 ubi
534 3591 635 3686 tingit
660 3610 700 3663 se
727 3589 904 3682 reperisse
929 3588 965 3660 in
991 3588 1080 3661 silva
1102 3587 1270 3680 obscura,
1289 3594 1326 3661 et
1343 3609 1383 3660 se
1400 3590 1541 3663 nescire
1560 3613 1620 3663 re-

446 3714 567 3786 dicere
589 3709 774 3805 quomodo
792 3706 981 3781 intraverit
998 3707 1109 3799 illam,
1127 3707 1203 3780 imo
1220 3707 1298 3780 vult
1314 3706 1508 3781 ostendere
1526 3730 1620 3802 quo-

448 3833 555 3907 modo
580 3830 694 3904 ductu
722 3827 870 3902 rationis
894 3826 1085 3900 intraverit
1113 3826 1398 3919 speculationem
1425 3827 1619 3920 viciorum,

448 3962 486 4025 ut
512 3953 572 4026 illa
598 3950 742 4046 cognita
768 3948 894 4023 exiret.
921 3948 1005 4021 ldeo
1031 3948 1125 4021 bene
1149 3946 1251 4043 lingit
1268 3968 1308 4021 se
1326 3949 1534 4024 transivisse
1552 3971 1617 4044 per

447 4094 630 4165 somnum,
656 4072 746 4144 idest
770 4091 836 4165 per
860 4069 1078 4164 profundam
1104 4068 1384 4142 abstractionem
1408 4070 1551 4164 mentis,
1569 4072 1619 4144 ita

447 4192 544 4286 quod
570 4190 680 4266 exivit
705 4197 811 4264 extra
836 4210 876 4262 se
900 4189 1019 4283 ipsum
1047 4194 1172 4283 raptus
1197 4187 1234 4260 in
1259 4189 1425 4279 extasim,
1454 4191 1531 4265 viso
1564 4193 1621 4264 in-

446 4313 649 4388 felicissimo
674 4311 747 4386 fine
771 4310 981 4404 impiorum,
1008 4309 1071 4403 qui
1096 4308 1173 4384 sine
1198 4328 1262 4403 spe
1287 4309 1430 4384 videndi
1449 4333 1616 4406 unquam

446 4435 566 4507 celum
593 4433 650 4506 vel
676 4432 795 4505 Deum
814 4430 997 4504 intrabant
1012 4419 1049 4520 (⁷)
1067 4435 1244 4504 aeternam
1264 4435 1422 4504 mortem
1439 4440 1618 4525 perpetue

507 4713 533 4769 (¹)
551 4713 580 4760 E.
598 4714 742 4775 figurantur
760 4713 798 4761 irc
815 4720 841 4763 ct
859 4715 976 4763 transire.
1086 4710 1113 4771 (’)
1130 4711 1155 4762 S.
1174 4713 1258 4775 hujus.

509 4789 533 4849 ζ’)
550 4789 575 4838 S.
593 4789 794 4851 perturbatione.
1087 4791 1112 4847 J)
1129 4789 1154 4838 S.
1172 4802 1283 4839 sensum.

507 4866 533 4923 t')
550 4864 576 4914 S.
592 4870 617 4912 ot
636 4863 818 4927 caragiorum.
1089 4864 1114 4925 (θ)
1131 4865 1156 4913 S.
1173 4866 1205 4914 dc
1222 4880 1273 4928 quo
1291 4867 1323 4914 ait
1341 4865 1462 4928 capitulo.

505 4941 533 5003 (⁷)
548 4940 574 4991 S.
590 4941 760 4990 intraverunt.
