3990 6540
757 795 895 850 caurus
921 794 1078 850 uncinus
1102 795 1247 849 numus.
1513 784 1581 852 361

412 941 601 1015 duriorem
628 938 833 1014 materiam.
854 939 954 1014 Unde
973 938 1075 1013 dicit:
1093 938 1275 1035 Virgilius,
1293 945 1331 1013 et
1347 959 1429 1035 ego,
1448 941 1585 1012 cadmo

411 1082 522 1154 sopra
543 1055 605 1154 ptri
629 1062 767 1133 modale
790 1062 891 1152 sapa.
918 1060 960 1132 Et
986 1059 1045 1132 hic
1062 1064 1158 1152 nota,
1177 1079 1223 1133 ne
1240 1058 1373 1132 fallaris
1391 1060 1460 1134 sub
1476 1061 1583 1154 equi-

411 1201 516 1276 voco,
534 1179 633 1275 quod
656 1183 761 1272 sapa,
787 1179 881 1253 sicut
905 1178 991 1252 alibi
1015 1178 1100 1272 dixi,
1127 1185 1180 1252 est
1205 1178 1399 1272 aliquando
1425 1159 1583 1254 verbu'm

411 1299 562 1395 literale,
586 1305 624 1373 et
648 1297 745 1373 idem
772 1298 948 1392 estquod
972 1301 1124 1391 cloudlt;
1141 1298 1336 1392 aliquando
1354 1305 1408 1373 est
1424 1299 1582 1374 verbum

411 1421 565 1516 vulgare
594 1418 891 1512 Bononiensium,
922 1424 959 1493 et
984 1418 1080 1493 idem
1106 1417 1279 1512 importat
1303 1419 1402 1512 quod
1426 1423 1492 1512 sit,·
1516 1418 1584 1493 ali-

411 1538 558 1634 quando
584 1544 639 1613 est
659 1557 795 1612 nomeu
812 1544 849 1612 et
867 1537 975 1611 habet
992 1537 1135 1612 diversa
1153 1537 1369 1633 significata3
1386 1538 1582 1632 aliquando

411 1667 466 1734 est
490 1679 604 1734 cavea
629 1657 707 1733 sive
732 1656 839 1752 gabia
866 1657 903 1729 in
928 1678 1002 1751 qua
1027 1657 1260 1732 continentur
1284 1658 1383 1752 pulli,
1401 1659 1503 1735 etita
1521 1680 1583 1734 ca-

410 1780 509 1874 pitur
534 1778 592 1853 bic
617 1776 901 1870 methaphorice.
928 1775 1029 1851 Sicut
1054 1777 1151 1851 enim
1178 1777 1266 1871 pulli
1283 1783 1380 1851 stant
1399 1777 1528 1852 inclusi
1545 1778 1583 1851 iu

409 1899 516 1995 gabia
540 1897 588 1973 ad
612 1917 759 1992 poenam
785 1903 822 1971 el
840 1903 1010 1990 mortem,
1029 1896 1078 1970 ita
1096 1897 1154 1971 hic
1170 1897 1303 1971 animoe
1320 1898 1470 1971 inclusae
1486 1905 1583 1973 stant

411 2019 447 2092 in
472 2018 542 2092 isto
565 2036 716 2091 carcere
740 2016 881 2090 duriori
902 2037 1015 2109 quam
1033 2037 1162 2091 omnes
1179 2017 1259 2090 aliae
1277 2037 1361 2111 quae
1377 2017 1582 2112 puniuntur

409 2158 539 2232 supra;
564 2137 646 2211 ideo
671 2158 737 2232 per
758 2137 887 2232 stipam
914 2137 1072 2232 intellige
1087 2130 1122 2229 (¹)
1151 2157 1339 2212 carcerem
1366 2145 1402 2212 et
1418 2159 1579 2234 poenam,

408 2262 446 2332 in
469 2279 511 2332 su
535 2261 572 2331 lo
596 2248 752 2331 should
776 2260 884 2330 d'uo’
898 2261 972 2331 aleo
994 2261 1090 2349 ripa,
1115 2259 1174 2329 che
1200 2261 1329 2351 soceoo
1361 2280 1457 2350 pron
1483 2267 1582 2352 petre

409 2385 498 2452 rotte
527 2382 566 2452 io
594 2380 742 2468 ocrcbo'o,
774 2377 865 2452 idest
879 2368 915 2468 (²)
944 2398 1055 2471 quam
1090 2377 1207 2472 ripam
1239 2377 1418 2453 iaciebant
1448 2400 1581 2475 magna

412 2519 501 2573 saxa
533 2496 762 2571 circulariter
794 2497 969 2589 ordinata,
999 2496 1084 2591 quia
1111 2497 1212 2572 locus
1236 2498 1303 2572 iste
1328 2505 1382 2573 est
1406 2499 1581 2595 spericus,

412 2619 506 2693 sicut
530 2616 649 2690 omnis
673 2616 775 2691 locus
801 2615 931 2690 inlerni
955 2622 991 2690 ct
1016 2616 1111 2690 intra
1128 2624 1165 2691 et
1182 2622 1288 2691 extra
1304 2617 1436 2712 istum;
1458 2624 1494 2693 et
1514 2640 1580 2713 per

411 2741 480 2813 boc
506 2742 607 2811 notat
630 2736 801 2811 duritiem
827 2743 863 2811 et
888 2736 1136 2811 fortitudinem
1162 2737 1331 2829 carceris
1357 2745 1394 2812 et
1414 2738 1463 2814 ita
1483 2739 1580 2814 diffi-

410 2858 583 2932 cultatem
609 2862 647 2929 et
670 2856 951 2950 profunditatem
973 2857 1146 2932 materiae.
1160 2898 1210 2911 -
1222 2863 1255 2929 E
1269 2860 1372 2950 quoi.
1390 2857 1454 2932 llic
1470 2869 1579 2935 autor

409 2975 659 3071 descripturus
688 2975 880 3050 materiam
908 2983 1123 3070 sequemem
1149 2976 1267 3070 primo
1293 2977 1408 3072 tangit
1432 2998 1515 3051 eam
1542 2977 1579 3051 in

408 3095 571 3192 generali
583 3101 621 3168 et
633 3094 669 3167 in
687 3095 850 3188 confuso,
864 3087 996 3190 quial³l
1013 3095 1114 3191 lingit
1126 3096 1254 3189 pulcre
1266 3096 1368 3190 ‚quod
1384 3103 1578 3170 senserunt

411 3214 613 3289 maximum
649 3215 830 3308 loetorem,
863 3215 969 3289 cuius
1004 3215 1278 3290 horribilitatem
1312 3236 1383 3289 uon
1408 3217 1577 3311 ferentes,

408 3334 524 3410 coacti
549 3344 635 3411 suut
665 3334 898 3409 retrocedere
923 3355 1052 3408 versus
1076 3355 1198 3427 arcas3
1224 3334 1316 3408 sicut
1341 3335 1440 3410 enim
1466 3356 1578 3430 supra

409 3455 446 3529 in
470 3454 590 3550 primo
615 3453 764 3527 introitu
790 3453 903 3528 sensit
929 3453 1128 3528 terribilem
1149 3474 1292 3547 sonum,
1311 3454 1360 3527 ita
1378 3475 1476 3528 nuuc
1493 3475 1577 3528 sen-

408 3575 450 3649 tit
474 3574 686 3649 horribilem
713 3575 893 3648 loetorem.
927 3574 998 3648 Sed
1012 3562 1049 3665 (⁴)
1077 3574 1159 3668 quis
1189 3581 1243 3648 est
1274 3573 1341 3648 istc
1365 3575 1473 3651 loetor
1497 3586 1578 3652 tan-

408 3699 497 3768 tust
528 3694 636 3769 Certe
669 3693 748 3767 dico
780 3693 880 3787 quod
914 3693 1007 3767 sicut
1038 3694 1135 3767 lama
1170 3692 1349 3767 virtutum
1374 3696 1577 3790 appellatur

407 3815 526 3889 bonus
550 3814 653 3908 odor,
679 3814 728 3889 ita
754 3813 902 3887 iufamia
928 3813 1101 3890 vitiorum
1127 3813 1381 3908 pessimorum,
1408 3836 1493 3910 quae
1519 3816 1577 3890 hic

407 3935 620 4030 puniuntur,
634 3933 767 4017 merito
781 3933 962 4029 liguratur
979 3955 1044 4027 per
1061 3932 1230 4007 loetorem
1249 3933 1376 4028 istum;
1394 3935 1461 4011 iste
1478 3936 1576 4010 euim

408 4053 516 4128 loetor
539 4053 870 4147 displicentissimus
896 4060 1043 4127 emanat
1063 4074 1109 4128 ex
1128 4054 1251 4126 multis
1268 4054 1404 4128 latrinis
1420 4047 1456 4147 (⁵)
1474 4055 1576 4131 istius

407 4172 569 4247 civitatis.
602 4172 666 4245 llic
697 4172 794 4247 enim
820 4179 875 4246 ert
905 4172 1008 4247 vallis
1032 4173 1139 4267 plena
1164 4181 1327 4248 stercore
1342 4165 1378 4266 (⁶)
1405 4175 1574 4269 bulienti3

406 4291 477 4366 alia
501 4291 608 4386 plena
632 4290 712 4386 pice
736 4290 891 4385 ardenti,
916 4291 987 4365 alia
1012 4293 1119 4387 plena
1144 4293 1383 4388 serpentibus,
1410 4301 1447 4369 et
1463 4295 1513 4368 ita
1529 4295 1576 4370 de

406 4410 541 4505 multis,
566 4411 654 4504 quia
679 4411 774 4484 intra
800 4411 905 4485 istam
933 4419 1070 4486 terram
1097 4412 1300 4506 puniuntur
1325 4433 1453 4488 omues
1473 4414 1575 4488 irau-

406 4532 469 4608 des
494 4532 553 4607 vel
578 4531 734 4607 malitia.
761 4531 864 4607 Unde
889 4532 983 4608 inlra
1002 4542 1112 4608 autor
1128 4532 1336 4608 describens
1353 4533 1520 4609 iraudem
1537 4534 1574 4608 in

467 4756 495 4818 (¹)
511 4756 541 4807 R
558 4756 682 4820 intelligo.
986 4755 1013 4817 (¹)
1029 4756 1060 4806 Ε.
1077 4756 1142 4807 Ιύωῑ
1157 4769 1236 4820 quam
1252 4755 1387 4808 sedeunt.

467 4833 563 4896 l‘lllo,
579 4838 605 4884 ct
621 4834 694 4898 lingit
710 4833 801 4897 pulcra
817 4833 887 4897 quod
904 4835 1017 4885 cendunt
1032 4833 1184 4884 maximnm.

467 4908 494 4971 (⁸)
511 4913 564 4971 llo,
581 4909 631 4961 Sed
646 4911 709 4976 qnld
724 4915 763 4962 erl
780 4912 828 4964 istc
844 4910 930 4963 lotor.
989 4909 1017 4972 (¹)
1034 4910 1065 4962 ll.
1081 4909 1204 4964 lacrimis.
1254 4909 1283 4974 l'l
1298 4909 1331 4962 B.
1347 4909 1441 4963 lotura
1456 4910 1574 4964 bullum
