4154 6546
656 797 793 852 caurus
819 798 974 854 necruus
998 799 1182 855 currimus.
1430 786 1498 851 5¹11

334 944 427 1017 bunt
452 950 500 1038 te,
525 942 624 1036 quud
648 963 722 1016 nou
747 942 881 1036 poteris
906 942 1068 1017 dormire
1091 942 1225 1035 quiete,
1247 940 1341 1014 sicut
1359 940 1424 1035 ipsi
1440 939 1503 1013 sti-

335 1063 525 1137 mulantur
545 1069 581 1136 et
599 1061 821 1136 cruciantur.
838 1102 888 1115 -—
900 1065 976 1135 Pui.
995 1064 1060 1136 Hic
1076 1069 1185 1136 autor
1205 1059 1374 1151 describit
1393 1059 1502 1133 aliam

335 1166 483 1279 poenam
503 1181 714 1277 specialem3
731 1187 769 1255 et
785 1183 865 1255 vult
885 1182 1047 1259 breviter
1066 1181 1200 1275 dicere,
1218 1181 1316 1274 quod
1336 1179 1505 1274 quamvis

336 1303 387 1376 sic
411 1301 583 1377 continuo
610 1307 782 1375 moveant
808 1323 951 1396 manus,
973 1309 1096 1377 tamen
1120 1308 1243 1376 tenent
1268 1301 1387 1375 visum
1405 1318 1504 1374 sem-

336 1445 403 1520 per
429 1423 577 1496 firmum
604 1427 641 1496 et
666 1420 794 1515 fixum,
819 1428 857 1496 et
885 1444 1075 1517 nunquam
1109 1428 1300 1498 removent
1332 1422 1451 1517 ipsum
1481 1441 1504 1511 a

336 1542 511 1640 pecunia3
536 1546 574 1616 et
598 1540 717 1634 primo
742 1540 845 1637 lingit
868 1542 967 1635 quud
992 1564 1066 1617 non
1092 1543 1234 1618 noverit
1259 1541 1419 1636 aliquem
1437 1539 1505 1613 nisi

336 1664 383 1738 ad
407 1668 552 1737 certum
576 1659 733 1755 signum.
760 1660 851 1733 Dicit
876 1681 989 1757 ergo:
1016 1684 1088 1735 mm
1118 1684 1162 1736 ae
1194 1662 1338 1736 coooddi
1366 1664 1505 1752 alcoran,

337 1784 473 1858 scilicet
496 1781 543 1855 ad
567 1781 708 1855 faciem.
735 1780 780 1852 Et
803 1780 861 1856 hic
886 1789 973 1856 nota
998 1782 1096 1876 quod
1121 1804 1188 1879 per
1216 1785 1286 1857 hoc
1310 1789 1420 1855 autor
1444 1767 1521 1856 da?

338 1901 487 1998 intelligi
513 1900 631 1992 tacite,
657 1900 756 1992 quod
781 1901 903 1974 nullus
927 1901 1083 1975 istorum
1115 1909 1195 1978 erat
1224 1903 1356 1998 dignus
1380 1901 1506 1996 cogui-

337 2024 436 2098 tione
461 2022 519 2096 vel
545 2021 654 2095 lama.
680 2019 782 2095 Unde
815 2028 924 2096 autur
958 2043 1031 2097 nou
1065 2032 1183 2118 potest
1214 2024 1337 2098 dicere
1360 2023 1407 2098 de
1432 2023 1507 2096 istis

337 2141 426 2217 illud
451 2140 550 2236 quod
575 2140 664 2213 dixit
688 2162 800 2235 supra
824 2141 870 2214 de
896 2142 1021 2215 multis
1045 2143 1134 2236 aliis,
1153 2143 1216 2236 qui
1241 2143 1445 2238 puniuntur
1470 2142 1506 2215 iu

268 2261 272 2269 ’
336 2263 406 2337 ista
429 2281 544 2335 arena
568 2259 637 2333 sub
663 2260 793 2334 eodem
810 2260 907 2355 igne,
927 2261 1014 2354 quia
1035 2262 1117 2335 licet
1134 2262 1334 2337 Brunettus
1357 2263 1507 2336 Latinus

337 2391 375 2458 et
399 2381 516 2456 Guido
541 2381 686 2455 Guerra
710 2381 889 2457 haberent
917 2381 1046 2457 saulem
1079 2382 1260 2477 adustam,
1287 2389 1413 2456 tamen
1437 2404 1508 2457 au-

338 2510 395 2578 tor
410 2495 447 2595 (¹)
473 2501 568 2576 bene
593 2500 805 2597 recognovit
830 2501 972 2577 ratione
996 2523 1140 2598 magnae
1165 2501 1325 2596 virtutis3
1344 2501 1407 2576 sed
1430 2522 1504 2575 non

337 2623 389 2697 sic
412 2623 458 2696 de
484 2622 570 2716 istis,
595 2622 683 2715 quia
707 2621 765 2694 isti
789 2643 862 2696 non
887 2631 1038 2718 possunt
1067 2623 1185 2698 notari
1210 2624 1258 2697 ab
1281 2623 1404 2716 aliqua
1429 2623 1505 2696 sin-

336 2742 456 2840 gulari
481 2742 629 2834 virtute,
655 2763 739 2834 quae
764 2742 826 2817 det
850 2743 903 2817 eis
928 2744 1076 2838 lamam,
1102 2744 1165 2819 sed
1191 2744 1423 2818 solummodo
1442 2764 1506 2818 cu·

337 2868 565 2960 gnoscuntur
589 2862 636 2936 ab
662 2883 794 2937 eorum
820 2863 979 2959 infamia,
1005 2865 1092 2958 quia
1118 2886 1204 2939 raro
1229 2865 1413 2939 invenitur
1438 2864 1508 2939 ali·

340 2983 421 3079 quis
447 2982 639 3057 usurarius
652 2974 690 3075 (²)
719 3003 862 3079 magnae
879 2983 1031 3058 virtutis.
1054 2985 1128 3058 Nec
1149 2983 1257 3077 dicas,
1275 2985 1370 3057 sicut
1390 2983 1503 3077 aliqui

339 3106 481 3179 dicunt:
508 3109 609 3177 certe
634 3102 706 3176 vidi
730 3104 873 3197 aliquos
898 3104 1086 3178 usurarius
1111 3125 1197 3178 cum
1224 3105 1366 3200 magnis
1391 3105 1508 3178 virtu-

340 3225 454 3298 tibus:
473 3230 574 3298 certe
590 3224 660 3297 huc
685 3244 758 3297 uon
776 3244 883 3320 nego,
901 3223 987 3317 quia
1004 3244 1074 3320 ego
1092 3224 1256 3301 similiter
1275 3224 1367 3318 vidi3
1386 3230 1509 3298 tamen

342 3344 436 3419 istud
452 3335 488 3437 (³)
517 3365 590 3418 nun
615 3343 700 3421 lacit
723 3351 851 3419 contra
876 3351 1059 3438 autorem,
1081 3344 1168 3437 quia
1188 3344 1323 3418 [lantes
1348 3343 1385 3417 in
1410 3343 1509 3418 omni

340 3484 478 3561 genere
507 3471 743 3558 peccatorum
778 3464 878 3559 ponit
911 3485 1058 3560 semper
1089 3463 1265 3559 pessimus
1295 3464 1332 3537 in
1368 3464 1527 3563 infernos

340 3584 541 3658 damnatos.
567 3583 652 3657 ldeo
677 3583 772 3677 dicit,
798 3584 897 3677 quod
924 3586 1018 3660 inter
1043 3585 1130 3659 istos
1158 3584 1414 3659 describendos
1445 3606 1512 3660 ne·

340 3703 477 3778 minem
504 3692 616 3798 nouit,
642 3709 679 3777 et
711 3703 741 3777 si
774 3710 813 3778 tu
837 3705 999 3797 aliquem
1029 3706 1135 3799 nosti,
1161 3727 1233 3778 aaa
1264 3708 1414 3778 Ιιίνιιηάο
1438 3726 1511 3779 iton

336 3826 425 3918 fucit
447 3845 518 3896 ver.
545 3824 630 3898 ldeo
654 3824 750 3899 bene
774 3824 860 3901 dicit
884 3831 1012 3899 autor:
1037 3829 1099 3917 poi
1123 3828 1182 3898 cte
1202 3829 1306 3918 porse
1328 3829 1379 3917 gli
1402 3828 1509 3918 occo,

249 4000 252 4006 .
340 3944 430 4018 idest
455 3943 589 4017 deduxi
614 3943 799 4040 intuitum,
825 3949 884 4019 nel
915 3949 990 4020 uiso
1023 3968 1048 4019 a
1079 3949 1174 4039 certi,
1205 3945 1295 4021 idest
1326 3946 1456 4021 faciem
1472 3936 1509 4039 (⁸)

340 4063 571 4157 quibusdam,
597 4072 639 4137 ut
663 4065 799 4141 scilicet
823 4086 1084 4163 cognoscerem
1110 4069 1263 4162 aliquos,
1288 4071 1345 4141 nei
1366 4068 1514 4160 gundil

339 4186 506 4257 dolmosu
527 4187 609 4277 foco
633 4205 750 4276 casco,
776 4185 862 4279 quia
887 4207 995 4260 amor
1016 4188 1149 4263 ardens
1169 4187 1324 4262 habendi
1350 4187 1398 4262 ita
1423 4206 1511 4261 cru-

340 4303 473 4379 clatet
498 4311 616 4379 coecat
641 4307 769 4380 oculos
794 4307 971 4382 mentales
999 4329 1146 4404 eorum3
1174 4330 1233 4381 mo
1256 4312 1292 4382 io
1317 4311 1511 4383 m’acoorst

340 4425 400 4496 cltc
423 4444 497 4496 aaa
521 4431 631 4516 usco,
657 4425 748 4500 idest
772 4447 862 4522 pera
887 4428 946 4501 vel
972 4427 1095 4523 bursa,
1121 4431 1259 4521 pendeo
1288 4431 1352 4502 dol
1373 4431 1462 4502 collo
1486 4451 1511 4502 a

342 4546 515 4639 amoeno,
542 4544 634 4619 idest
657 4566 768 4641 super
800 4554 926 4642 pectus
951 4569 1074 4644 suum,
1100 4546 1151 4622 ch'
1164 4570 1253 4623 cuca
1277 4556 1371 4623 certo
1394 4552 1512 4623 colore

403 4756 431 4819 (¹)
447 4759 478 4810 R
495 4759 560 4811 bene
576 4766 668 4812 auctor
684 4763 805 4826 coguovit
821 4762 880 4814 illos
896 4763 1005 4815 radone.

404 4833 432 4895 (¹)
447 4834 473 4884 S.
490 4850 597 4901 magnus
613 4840 747 4890 usurarius
763 4853 912 4904 magum·
921 4840 953 4891 ll.
968 4840 1061 4905 aliquls
1076 4855 1187 4906 magam
1201 4842 1337 4893 usurarius
1351 4854 1462 4908 magno.

404 4912 431 4973 Γ)
447 4912 478 4964 Ε.
494 4914 567 4966 illud
818 4917 845 4980 (⁸)
862 4922 916 4980 lle,
933 4918 960 4969 lu
976 4918 1158 4972 lam-R
1173 4920 1239 4972 idest
1253 4919 1328 4972 fade.
