4154 6546
893 774 1031 829 caurus
1055 772 1184 827 nonus.
1551 757 1621 825 313

451 920 504 994 dit
528 919 694 996 homines
719 918 969 1011 immemores,
994 917 1200 1009 obliviosos,
1226 913 1319 990 sicut
1343 914 1468 989 scribit
1487 914 1623 988 Plinius

451 1039 498 1115 de
523 1040 644 1135 puella
669 1039 891 1133 pulcerrima
917 1039 1065 1112 nomine
1090 1038 1265 1131 Capaspa,
1287 1055 1399 1128 quam
1417 1036 1622 1110 Alexander

452 1180 607 1255 maguus
632 1158 788 1233 ostendit
814 1158 951 1233 nudam
976 1156 1279 1231 excellentissimo
1305 1154 1432 1249 pictori
1458 1175 1539 1247 suo,
1556 1155 1620 1247 qui

452 1286 603 1353 vocatus
628 1285 682 1353 est
707 1278 861 1372 Apelles,
887 1277 950 1370 qui
976 1276 1036 1350 illa
1062 1276 1150 1369 visa,
1171 1275 1286 1350 iactus
1308 1280 1363 1348 est
1381 1274 1481 1348 velut
1501 1280 1621 1347 statua

451 1405 555 1473 muta
571 1399 649 1472 siue
674 1418 803 1491 sensu;
829 1397 928 1491 quod
950 1395 1076 1471 videns
1095 1395 1300 1470 Alexander
1317 1394 1400 1468 iecit
1420 1394 1538 1488 ipsum
1556 1393 1621 1467 de·

451 1538 624 1613 sponsare
650 1538 744 1592 eam.
770 1516 877 1592 Modo
900 1516 977 1590 istae
1011 1516 1228 1590 invocabant
1247 1507 1284 1607 (¹)
1318 1514 1504 1589 Medusam
1538 1533 1622 1608 spe-

452 1645 574 1712 rantes
599 1637 737 1713 babere
764 1636 951 1710 victoriam
987 1636 1033 1710 de
1066 1643 1231 1729 auctore,
1261 1635 1347 1728 quia
1376 1635 1535 1707 multum
1566 1637 1621 1708 la-

451 1757 595 1830 boravit
627 1757 759 1830 morbo
791 1755 928 1829 amoris
957 1753 1145 1847 libidinosi,
1172 1762 1209 1829 et
1233 1755 1320 1847 quia
1352 1754 1485 1828 mulier
1511 1753 1621 1827 vincit

452 1876 551 1951 viros
576 1876 700 1967 sortes,
726 1874 929 1968 sapientss3
962 1873 1025 1948 sed
1050 1873 1134 1947 licet
1159 1872 1225 1967 ista
1253 1873 1428 1967 expositio
1454 1873 1621 1946 videatur

452 1993 685 2088 pulcerrima,
716 1999 841 2067 tamen
872 1998 927 2066 est
957 1991 1176 2066 alienissima
1200 2013 1224 2066 a
1255 1992 1438 2086 proposito
1463 1991 1619 2086 autoris3

450 2113 537 2207 quia
562 2113 647 2187 alibi
675 2112 843 2186 tractavit
868 2110 973 2206 plene
997 2111 1044 2184 de
1069 2110 1226 2204 libidine,
1246 2131 1330 2204 quae
1347 2111 1497 2207 punitur
1514 2117 1618 2184 extra

451 2231 557 2305 utam
591 2231 786 2323 civitatem,
821 2250 888 2304 nec
919 2229 1052 2302 mulier
1078 2236 1198 2323 posset
1224 2230 1352 2305 tollere
1377 2231 1444 2304 sibi
1469 2230 1564 2303 istud
1581 2221 1617 2320 (²)

451 2350 532 2423 iter.
559 2349 625 2423 Alii
650 2350 777 2423 dicunt
801 2348 900 2442 quod
925 2347 1072 2422 Medusa
1099 2347 1234 2442 figurat
1258 2350 1430 2423 astutiam
1452 2350 1486 2422 in
1506 2369 1620 2444 gene-

451 2468 531 2562 rali,
544 2469 630 2562 quia
643 2468 792 2543 Medusa
806 2467 872 2540 lixit
892 2466 1123 2560 astutissima,
1139 2466 1220 2541 ideo
1237 2459 1464 2562 figuraturl³)
1482 2467 1619 2541 babere

450 2588 570 2662 crines
590 2587 827 2682 serpentinos,
854 2586 940 2680 quia
957 2606 1107 2680 serpeus
1122 2594 1178 2660 est
1193 2587 1456 2661 astutissimum
1478 2587 1620 2669 anima-

452 2705 562 2797 lium;
580 2725 648 2778 nec
665 2705 734 2779 ista
750 2705 926 2798 expositio
951 2712 1006 2780 est
1030 2704 1077 2780 de
1098 2714 1222 2781 mente
1237 2692 1493 2801 autorisouia
1509 2713 1619 2780 autor

450 2824 619 2898 tractabit
635 2825 681 2898 de
699 2845 742 2899 ea
760 2824 865 2919 plene
881 2827 951 2899 sub
969 2825 1087 2921 ligura
1103 2825 1278 2901 Gerionis.
1296 2827 1363 2900 Alii
1379 2827 1503 2901 dicunt
1520 2826 1618 2920 quod

450 2942 597 3016 Medusa
624 2950 861 3037 repraesentat
876 2933 913 3035 (⁸)
930 2943 1178 3038 cupiditatem,
1196 2946 1294 3038 quod
1317 2945 1475 3039 probare
1493 2945 1619 3019 viden-

365 3098 372 3112 ·
449 3069 523 3157 tur,
540 3063 626 3155 quia
644 3064 803 3156 Medusa,
822 3071 863 3137 ut
880 3070 978 3158 patet
997 3064 1034 3137 in
1054 3064 1170 3157 litera,
1186 3065 1390 3158 appellatur
1406 3065 1553 3160 Gorgon
1569 3054 1618 3155 (⁵),

450 3182 548 3276 quod
582 3181 843 3276 interpretatur
875 3189 984 3258 terrae
1016 3182 1161 3275 cultrix,
1192 3188 1229 3257 et
1261 3203 1307 3257 ex
1338 3184 1482 3256 cultura
1509 3193 1618 3258 terrae

451 3301 613 3375 nascitur
638 3300 825 3395 cupiditas,
852 3322 936 3395 quae
969 3301 1129 3376 maxime
1159 3300 1305 3378 indurat
1330 3308 1471 3376 mentes
1501 3300 1618 3375 bomi-

449 3440 559 3513 num,
585 3421 667 3495 ideo
692 3421 896 3496 secundum
922 3421 1126 3516 opinionem
1154 3420 1308 3494 istorum
1329 3420 1509 3516 Virgilius,
1527 3420 1618 3494 idest

448 3539 553 3631 ratio,
567 3540 711 3615 videtur
737 3540 959 3634 persuadere
983 3540 1119 3615 autori:
1146 3539 1195 3613 iili
1221 3539 1283 3633 mi,
1301 3545 1429 3614 averte
1448 3539 1616 3613 oculosa

313 3686 315 3690 ⁴
447 3659 643 3753 cupiditate
669 3668 916 3753 terrenorum,
942 3659 1029 3752 quia
1054 3660 1084 3733 si
1109 3659 1257 3755 respicis
1282 3679 1365 3733 eam
1391 3679 1465 3733 non
1482 3658 1616 3753 poteris

447 3778 585 3852 intrare
609 3778 805 3872 civitatem,
831 3779 923 3855 idest
947 3779 1142 3874 pervenire
1158 3778 1204 3853 ad
1221 3779 1465 3874 cognitionem
1481 3769 1518 3871 (ὅ)
1537 3798 1618 3851 ma·

447 3916 607 3993 gnorum
641 3897 837 3991 malorum,
871 3918 939 3973 nec
971 3919 1036 3993 per
1067 3919 1296 3992 consequens
1322 3898 1441 3973 redire
1466 3918 1615 3971 sursum

446 4015 493 4090 ad
518 4036 677 4110 superna
703 4025 740 4090 et
766 4017 929 4093 virtutes.
957 4017 1028 4092 Sed
1053 4018 1136 4093 lieet
1161 4018 1229 4092 ista
1254 4018 1431 4113 expositio
1448 4017 1617 4092 videatur

449 4133 571 4207 verior
597 4141 634 4208 et
658 4136 799 4228 melior,
826 4143 950 4212 tamen
976 4137 1062 4211 nibil
1089 4137 1172 4213 iacit
1197 4139 1243 4212 ad
1269 4137 1508 4232 propositum,
1530 4135 1616 4230 quia

446 4253 493 4327 dc
517 4253 713 4347 cupiditate
737 4243 847 4330 autor
873 4257 1042 4333 tractavit
1066 4279 1178 4352 supra
1203 4257 1420 4352 plenissime,
1446 4277 1530 4350 quae
1547 4275 1617 4349 pu-

446 4372 545 4447 nitur
570 4379 675 4447 extra
700 4375 769 4448 sub
796 4383 974 4470 potestate
995 4377 1167 4452 Plutonis.
1186 4377 1253 4450 xlii
1271 4376 1397 4451 dicum
1415 4375 1516 4469 quod
1541 4375 1617 4447 Me-

506 4636 533 4696 t'l
549 4634 581 4685 B.
598 4635 752 4688 tusombmt
767 4651 825 4688 esm
841 4642 981 4701 sperantes.

506 4709 534 4770 ι’)
549 4711 579 4760 Ε.
596 4712 662 4763 illud
677 4715 735 4766 lter.
1086 4713 1113 4773 (Ἴ
1128 4713 1169 4772 B..
1185 4713 1211 4764 s.
1227 4726 1243 4764 ο
1260 4719 1314 4774 lit,
1331 4713 1445 4778 llngttnr.

506 4785 533 4846 (⁸)
549 4787 580 4837 E.
597 4788 730 4852 significat.
1085 4787 1113 4849 (¹)
1131 4788 1162 4839 ll.
1178 4787 1281 4849 Gerloo,
1298 4803 1357 4853 quo
1372 4789 1567 4853 iuterpretatur.

465 4917 468 4922 .
505 4862 534 4924 Γ)
548 4863 574 4914 8.
590 4866 764 4928 cognitionem
781 4870 907 4919 victorum
923 4872 950 4918 et
966 4879 1121 4930 magnorum
1136 4864 1276 4917 malorum.
