4154 6546
759 777 897 832 camut
921 777 1093 834 octavus.
1439 767 1511 833 295

342 943 455 1016 quam
481 921 691 997 habueruut
714 922 763 995 ad
786 921 996 995 intrandum
1014 923 1120 999 istam
1139 922 1334 997 cimtatem.
1352 921 1422 996 Sed
1444 935 1514 995 an·

344 1051 497 1137 tequam
513 1040 732 1115 descendam
756 1039 803 1113 ad
828 1041 972 1116 literam
989 1042 1243 1137 exponendam
1261 1043 1347 1116 volo
1364 1052 1400 1117 te
1416 1060 1513 1135 prar-

240 1187 241 1190 ‘
343 1161 437 1236 scire
452 1155 503 1253 (¹),
528 1160 628 1254 quod
652 1167 729 1233 tota
752 1159 820 1233 ista
838 1180 924 1254 pars
947 1164 1002 1234 est
1019 1161 1121 1235 sortis
1138 1166 1176 1234 et
1191 1160 1398 1234 comuniter
1415 1160 1514 1233 male

343 1282 543 1373 intellecta,
565 1280 630 1354 sed
646 1299 692 1353 ue
709 1280 860 1374 perdam
879 1287 1024 1375 tempus
1040 1282 1158 1355 dicam
1176 1281 1340 1355 breviter
1356 1287 1396 1354 et
1410 1300 1513 1352 sum-

344 1402 483 1494 matim,
512 1399 613 1493 qnod
640 1405 751 1473 autor
779 1406 904 1474 noster
929 1401 1011 1475 ideo
1045 1400 1148 1496 lingit
1179 1420 1220 1474 se
1250 1400 1309 1474 lric
1333 1399 1514 1474 invenisse

345 1521 543 1595 maximam
566 1518 823 1613 resistentiam,
847 1526 891 1592 ut
914 1539 980 1615 per
1006 1522 1106 1595 illam
1131 1521 1192 1595 det
1217 1520 1366 1615 intelligi
1392 1519 1513 1592 maxi·

345 1660 444 1716 mam
471 1643 608 1716 luctam
635 1640 766 1714 mentis
791 1658 905 1733 quam
930 1660 1057 1715 seeum
1073 1641 1212 1714 habult
1231 1641 1266 1714 Si
1284 1640 1382 1714 enim
1400 1659 1513 1732 supra

342 1768 451 1835 autor
475 1759 616 1834 invenit
640 1759 677 1831 in
703 1759 854 1854 singulis
878 1761 1024 1834 circulis
1049 1779 1166 1835 unum
1190 1759 1415 1856 singularem
1444 1778 1514 1832 cu-

343 1880 484 1956 stodem
510 1879 574 1972 qui
602 1878 719 1951 voluit
735 1878 816 1950 ‘sihi
845 1879 1030 1974 denegare
1058 1880 1265 1975 ingressum
1295 1899 1342 1952 ne
1372 1877 1514 1952 videret

345 1997 557 2073 communia
580 1997 674 2072 vicia
698 2004 736 2071 et
759 1998 934 2092 supplicia
966 1999 1279 2092 incontinentium,
1310 2018 1394 2092 qum
1425 2004 1509 2070 sunt

344 2119 448 2212 quasi
464 2138 531 2212 per
547 2137 588 2191 se
605 2123 711 2209 uota3
728 2123 868 2212 quanto
884 2117 1013 2191 lortius
1029 2117 1139 2193 debet
1156 2118 1214 2192 nic
1230 2118 1409 2192 invenisse
1431 2136 1513 2191 ma-

343 2257 456 2334 gnam
481 2236 754 2310 multitudinem
779 2236 974 2310 custodum
995 2238 1196 2311 volentium
1213 2238 1390 2331 impedire
1411 2256 1458 2311 ne
1473 2227 1513 2327 (²)

347 2358 457 2433 intret
488 2356 684 2447 civitatem,
714 2361 752 2428 et
783 2354 903 2428 videat
933 2352 1025 2429 vicia
1055 2357 1171 2452 magis
1199 2358 1371 2432 occulta?
1395 2354 1514 2451 Fingit

344 2496 434 2572 ergo
451 2476 631 2550 subtiliter
647 2474 749 2566 qnod
766 2474 952 2547 daemones
969 2474 1005 2547 in
1023 2493 1157 2571 magna
1174 2475 1409 2549 multitudine
1425 2492 1513 2548 cnm

345 2616 478 2692 magno
495 2596 623 2668 lurore
639 2593 894 2667 concurrerint
909 2594 956 2667 ad
974 2593 1108 2666 turrim
1125 2595 1352 2690 magistram,
1365 2599 1407 2667 ut
1418 2593 1514 2668 bene

344 2716 570 2790 custodirent
592 2734 739 2808 passum
765 2733 813 2788 ne
838 2713 893 2786 isti
910 2721 1056 2809 possent
1072 2714 1221 2790 intrare.
1238 2715 1336 2810 Ergo
1356 2734 1423 2808 per
1437 2713 1514 2788 dae·

345 2855 472 2909 mones
496 2840 605 2907 autor
631 2839 869 2927 representat
892 2833 994 2907 nobis
1012 2832 1178 2926 malitias,
1197 2833 1397 2907 frenderet
1415 2831 1514 2906 salsi-

343 2961 436 3029 tates
460 2973 552 3047 quas
578 2953 731 3047 parabat
754 2952 972 3046 describere,
999 2975 1092 3047 quas
1117 2974 1190 3027 non
1216 2953 1409 3046 Homerus,
1435 2970 1511 3028 nen

343 3073 514 3168 Virgilius
530 3090 736 3164 numquam
751 3063 788 3163 (³)
802 3072 1062 3166 descripserat,
1076 3073 1157 3146 ideo
1175 3092 1247 3146 non
1265 3072 1408 3146 mireris
1426 3073 1456 3144 si
1471 3061 1509 3162 (⁵)
1620 3168 1622 3172 Α

344 3191 513 3266 habuerit
537 3191 595 3264 hic
618 3210 790 3286 magnam
811 3190 1065 3284 resistentiam,
1083 3191 1171 3284 quia
1187 3191 1265 3264 sine
1282 3210 1417 3285 magna
1442 3190 1512 3264 dil-

344 3310 504 3386 tlcultate
529 3330 604 3383 non
628 3317 772 3404 poterat
795 3310 934 3384 intrare
949 3301 984 3401 (⁵)
1012 3310 1143 3384 fortem
1176 3309 1381 3384 materiam.
1408 3310 1514 3383 Nunc

343 3430 390 3503 ad
414 3430 555 3503 literam
582 3430 668 3503 dicit
690 3438 822 3504 autor:
849 3432 890 3504 Io
916 3433 988 3503 vidi
1008 3426 1070 3524 pe
1093 3432 1132 3504 di
1155 3433 1247 3503 ntiltc
1269 3432 1335 3503 dat
1356 3433 1421 3503 ciel
1429 3433 1514 3522 pio·

344 3554 427 3642 euti,
450 3551 543 3625 idest
566 3551 840 3625 ltaemoniornm
856 3542 892 3642 (⁶)
919 3551 983 3646 qui
1008 3557 1157 3646 propter
1180 3551 1390 3645 superbiam
1416 3551 1513 3626 ceci-

342 3672 475 3746 derunt
499 3670 546 3744 de
569 3670 704 3744 caelesti
728 3671 875 3744 civitate
898 3671 937 3743 in
960 3670 1068 3744 iatam
1097 3671 1326 3763 infernalem,
1350 3676 1388 3744 et
1411 3670 1513 3764 ponit

343 3809 543 3865 numerum
582 3810 649 3884 pro
683 3809 854 3885 numero,
888 3791 937 3864 ita
972 3796 1117 3885 poterat
1149 3791 1271 3865 dicere
1286 3779 1323 3881 (l
1361 3795 1513 3864 centum

342 3911 440 3984 milia
465 3911 524 3984 rel
550 3910 650 3983 mille
674 3907 784 4004 milia,
803 3911 891 4003 quia
907 3910 1044 3984 infinita
1069 3912 1107 3985 et
1131 3909 1411 3984 innumerabilia
1426 3915 1514 3984 sunt

341 4047 479 4128 genera
505 4029 729 4103 malitiarum
754 4037 793 4104 et
816 4030 1014 4124 fraudium,
1041 4037 1077 4106 et
1100 4030 1206 4106 dicit:
1229 4034 1271 4102 in
1292 4050 1334 4103 su
1353 4034 1386 4102 le
1394 4037 1511 4121 porte,

341 4150 379 4221 in
404 4149 537 4242 plurali
562 4154 711 4242 propter
735 4167 899 4242 versum,
924 4152 983 4224 rel
1007 4151 1055 4223 ad
1080 4148 1383 4244 magnificandam
1409 4147 1512 4222 lorti·

344 4269 506 4343 tudinem
520 4268 616 4342 illim
628 4274 755 4362 portae,
768 4287 853 4343 cum
873 4274 997 4344 tamen
1015 4288 1088 4344 non
1105 4275 1201 4344 esset
1216 4269 1285 4342 nisi
1300 4288 1376 4342 nna
1392 4275 1510 4362 parta,

343 4397 384 4462 ut
407 4386 544 4484 patebit
569 4396 704 4483 postea.
731 4388 776 4462 lit
799 4390 921 4483 prlmo
945 4391 1047 4484 ponit
1068 4391 1182 4464 rerba
1207 4390 1432 4482 damonum,
1455 4389 1513 4463 di·

341 4530 446 4584 cens:
472 4512 532 4582 cde
556 4511 679 4582 dicem
703 4513 978 4600 stizzoanmantc,
1004 4510 1096 4583 idest
1121 4510 1349 4605 indignanter
1365 4516 1404 4583 et
1420 4529 1507 4582 cum

402 4723 430 4785 (¹)
447 4727 502 4784 ¹¹8,
517 4729 618 4775 nome.
840 4724 867 4786 (Ἴ
884 4728 937 4783 lto,
953 4735 987 4774 ne
1001 4725 1112 4775 intrim
1126 4723 1259 4773 timim
1271 4727 1300 4772 ol
1315 4721 1423 4772 'istm

403 4798 429 4861 (⁸)
445 4799 471 4849 S.
487 4813 502 4849 e
518 4799 549 4849 E.
565 4812 680 4864 unquam
696 4800 883 4862 descripserant
1145 4798 1175 4859 (⁸)
1189 4801 1237 4849 tlt
1250 4806 1268 4848 ο
1282 4796 1314 4847 B.
1329 4796 1354 4847 tl
1367 4795 1467 4848 mult.

401 4875 429 4936 (¹)
446 4875 476 4924 E.
492 4875 591 4926 inimo
606 4879 661 4927 lm
675 4875 782 4926 [otim
842 4875 872 4939 (⁰)
885 4875 911 4927 Β.
927 4873 1083 4927 &meum
1146 4874 1176 4939 (Ἴ)
1191 4879 1247 4935 tu,
1263 4873 1325 4926 Μ
