4154 6546
660 793 702 859 10
1116 797 1372 856 INTRODUCTIO.

655 957 700 1022 tae
726 948 877 1021 luerunt
902 944 1008 1040 primi
1035 944 1317 1039 theologizantes
1341 942 1387 1020 de
1411 944 1497 1019 Deo.
1528 942 1614 1021 ldeo
1643 966 1716 1019 nou
1746 948 1825 1023 ine-

653 1071 817 1166 leganter
837 1059 872 1159 (¹)
892 1066 938 1140 de
954 1066 1069 1139 Dante
1093 1063 1217 1139 dicere
1240 1084 1389 1159 possum
1408 1064 1453 1158 id,
1472 1065 1570 1158 quod
1587 1066 1757 1141 Averrois
1778 1068 1824 1143 de

651 1188 843 1262 Aristotele
875 1186 982 1260 dicit:
1008 1186 1185 1258 adiuuetu't
1212 1204 1289 1258 mm
1319 1192 1450 1258 namra
1477 1187 1579 1277 mp'm
1607 1191 1696 1261 artis
1719 1194 1824 1281 prin.

517 1396 525 1409 ·
651 1313 758 1400 apem
783 1315 816 1380 et
838 1308 1053 1398 monaahum.
1081 1304 1124 1377 Et
1148 1304 1218 1378 hoc
1241 1303 1288 1378 de
1313 1304 1472 1378 soeundo
1488 1295 1537 1396 (²).

724 1426 887 1502 Tertium
917 1432 955 1499 et
990 1424 1160 1498 ultimum
1191 1429 1247 1498 est
1279 1424 1442 1498 fertilitas
1456 1414 1493 1515 (³)
1524 1424 1724 1501 ineffabilis.
1754 1432 1822 1500 Ars
1952 1468 1955 1474 -

651 1567 812 1641 namque
847 1546 987 1641 poetica
1024 1545 1118 1619 inter
1151 1542 1319 1617 liberales
1334 1532 1371 1634 (⁴)
1405 1544 1556 1618 minime
1589 1553 1820 1633 numeratur,

651 1667 737 1761 quia
771 1685 900 1740 omnes
931 1682 1178 1760 supergressa,
1203 1669 1427 1755 cunctasque
1459 1664 1661 1758 complexu,
1692 1683 1822 1759 super-

651 1786 855 1861 eminenter
892 1783 1045 1858 excellit.
1085 1781 1187 1855 Unde
1226 1780 1443 1854 novissimus
1481 1789 1587 1876 poeta
1624 1784 1820 1857 Petrarchu

651 1907 686 1978 iu
712 1904 871 1998 quadam
898 1900 1058 1997 epistola,
1083 1912 1196 1994 quam
1229 1900 1274 1974 ad
1305 1919 1367 1974 me
1397 1900 1541 1973 scribit:
1568 1922 1734 1992 mausum
1759 1911 1819 1989 est,

650 2025 777 2117 inquit,
797 2026 887 2096 ouer
912 2040 1044 2111 maana
1068 2040 1153 2111 esse,
1173 2021 1232 2091 sud
1255 2022 1370 2110 majus
1393 2021 1565 2094 imerdum
1590 2025 1715 2113 excipi,
1735 2025 1822 2094 nard

649 2166 695 2216 eu
728 2162 874 2215 ourmro
906 2158 1116 2230 monitorum
1149 2141 1273 2212 ciuium
1293 2142 1458 2231 pnitueps
1484 2130 1521 2230 (⁵)
1547 2143 1727 2231 eampum.
1762 2140 1819 2212 Sic

648 2262 880 2358 theologiam,
905 2259 956 2334 sic
980 2259 1255 2354 philosophiam,
1281 2258 1332 2333 sic
1363 2258 1580 2333 medicinam
1610 2260 1706 2334 inter
1731 2258 1820 2334 lihe-

649 2382 742 2455 rales
780 2400 851 2454 non
889 2379 1058 2453 novimus
1096 2378 1294 2451 numerari.
1329 2378 1415 2451 llaec
1448 2379 1561 2474 igitur
1598 2379 1818 2453 nohihssima

647 2500 881 2572 scientiarum
907 2496 1091 2592 potissime
1115 2497 1152 2570 in
1174 2495 1311 2570 nobiles
1328 2503 1470 2571 mentes
1486 2496 1620 2595 cadere
1635 2498 1816 2594 dignatur.

647 2617 747 2691 llauc
772 2618 869 2691 enim
891 2617 1119 2689 illustrissimi
1137 2616 1314 2711 principes
1334 2616 1595 2692 studiosissime
1611 2619 1816 2701 coluerunt,

648 2738 742 2810 sicut
766 2737 881 2809 Julius
906 2736 1038 2828 Caesar,
1069 2735 1191 2809 Caesar
1215 2736 1414 2831 Augustus,
1439 2736 1539 2809 Titus
1564 2736 1816 2829 Vespasianus,

647 2855 860 2949 Hadrianus,
887 2855 1004 2950 Scipio
1029 2854 1238 2928 Africanus:
1257 2856 1350 2930 hanc
1367 2854 1617 2951 sapientissimi
1637 2855 1815 2949 doctores

646 2975 881 3070 Augustinus,
903 2975 1121 3067 leronimuS,
1146 2973 1378 3048 Ambrosius:
1404 2977 1499 3049 hanc
1523 2974 1711 3049 clarissimi
1737 2974 1816 3069 phi-

645 3094 794 3188 losophi,
812 3095 926 3186 Plato,
939 3093 1149 3186 Aristutiles,
1167 3100 1205 3167 et
1221 3093 1331 3167 Solon
1348 3094 1472 3190 legum
1490 3093 1593 3167 lator.
1621 3090 1705 3167 ldeo
1722 3093 1815 3168 hene

645 3212 864 3286 Claudianus
888 3212 1102 3286 florentinus
1126 3218 1257 3305 poeta:

770 3385 903 3456 Gaudet
926 3386 1016 3455 miro
1040 3387 1150 3455 uirtm
1175 3390 1272 3454 testes
1296 3384 1360 3455 sihi
1374 3384 1527 3473 jumnem
1551 3388 1695 3455 Musas:

818 3507 968 3574 Carmen
992 3515 1088 3572 amat
1111 3504 1265 3593 numquis
1288 3504 1443 3573 carmine
1466 3504 1576 3592 diano
1599 3506 1698 3592 perit.

644 3690 767 3764 Dicam
791 3708 891 3784 ergo,
916 3685 1136 3761 ooncludens
1163 3686 1210 3761 de
1233 3686 1456 3760 nobilissimo
1485 3693 1603 3780 poeta,
1629 3686 1715 3760 illud
1742 3687 1809 3759 Ec-

538 3828 540 3832 ·
642 3809 828 3884 olesiestici
846 3816 904 3881 39.
936 3811 1013 3898 lpse
1038 3813 1215 3899 tamquam
1239 3808 1366 3879 lustres
1389 3811 1495 3881 indm
1518 3809 1657 3898 eloquia
1672 3811 1812 3899 sapim-

642 3934 719 4003 tia:
743 3927 939 4023 sapientire,
966 3926 1129 4018 inquam,
1160 3946 1270 4019 verae,
1302 3926 1348 3999 dc
1380 3947 1454 4019 qua
1485 3925 1710 4022 Augustinus
1736 3924 1810 3997 Vlll

641 4048 687 4121 de
721 4047 872 4121 Ciuitate
900 4046 963 4120 Dei
997 4047 1094 4120 circa
1132 4045 1371 4141 principium:
1410 4067 1488 4118 cum
1516 4048 1731 4139 philosophis
1762 4056 1812 4119 cst

639 4169 800 4239 hahendo
829 4171 979 4259 ammio,
1008 4188 1158 4260 auorum
1190 4187 1327 4257 comem
1364 4169 1395 4239 si
1424 4169 1529 4240 latim
1555 4170 1809 4259 mmprctcmr,

639 4294 798 4360 mem
814 4291 989 4378 madentia
1000 4289 1184 4380 profitetur
1196 4277 1245 4379 (⁰).
1268 4292 1382 4361 rum
1400 4291 1434 4360 si
1447 4291 1618 4380 capientia
1635 4292 1729 4361 Deus
1748 4296 1809 4364 est.

639 4414 678 4481 ut
707 4411 826 4481 diuma
859 4412 1031 4482 aumrdas
1058 4412 1251 4501 ueniamus
1278 4410 1496 4500 mmuuvd,
1526 4429 1629 4483 omas
1656 4411 1811 4501 philoso-

637 4529 725 4617 pluo
749 4535 890 4600 emmor
914 4532 980 4601 Dei
1003 4536 1061 4601 cot
1088 4528 1190 4602 Unde
1207 4546 1364 4623 magnus
1386 4527 1619 4623 philosophus
1639 4536 1677 4603 et
1701 4536 1809 4622 poeta

699 4760 729 4816 (“)
745 4757 776 4806 E.
793 4757 854 4807 ldco
871 4758 976 4820 inquam
992 4757 1133 4820 eleganter.
1254 4755 1283 4817 (¹1
1300 4757 1330 4806 li.
1347 4759 1380 4807 sit
1396 4757 1502 4808 dictum.

700 4829 730 4893 υ)
745 4830 771 4883 s.
789 4819 893 4882 uirium.
1254 4832 1284 4891 dl
1299 4832 1325 4882 s.
1341 4832 1461 4883 rumines
1477 4840 1554 4885 urie.

702 4908 731 4968 t‘l
750 4908 780 4957 E·
797 4913 887 4971 notens
901 4908 1037 4972 excipitur.
1250 4907 1281 4969 (⁰)
1298 4908 1328 4958 E.
1347 4909 1541 4973 interpretetur.
