4154 6546
455 774 525 852 lth'
846 792 1049 849 conmurnu
1074 794 1225 847 mansur

451 944 509 1012 cte
532 942 627 1029 penti
648 940 687 1011 di
711 940 816 1010 molto
841 941 977 1028 calore,
1001 938 1094 1012 idest
1109 957 1254 1033 mngnae
1271 938 1442 1032 scientim,
1464 942 1621 1039 virtutis,

445 1069 481 1135 et
506 1058 705 1154 probitatis,
731 1078 822 1130 mun
844 1078 982 1149 sospena
1006 1061 1045 1129 in
1061 1061 1140 1149 puel
1155 1059 1273 1149 limbo,
1294 1058 1387 1134 idest
1411 1068 1518 1135 erant
1541 1063 1621 1138 sinc

444 1201 548 1276 pena,
575 1179 652 1253 sine
677 1197 741 1272 spe
764 1176 1021 1251 desiderantes.
1043 1177 1088 1251 Et
1104 1178 1155 1252 sic
1181 1199 1255 1252 non
1279 1179 1407 1273 miror,
1433 1181 1559 1278 lector,
1589 1183 1620 1256 si

444 1300 614 1395 superius
632 1297 802 1394 Virgilius
818 1316 983 1393 paganus
1000 1298 1126 1392 palluit
1139 1292 1188 1392 (¹),
1202 1305 1240 1373 et
1252 1299 1386 1374 Dentes
1403 1301 1622 1375 christianus

446 1439 543 1493 iruuc
568 1418 683 1493 doluit
709 1437 754 1491 ex
784 1417 1036 1510 compassione
1067 1418 1221 1492 istorum
1252 1419 1465 1493 valentium.
1489 1420 1618 1496 Nonne

447 1543 577 1615 beatus
601 1537 800 1634 Gregorius
824 1556 1036 1630 compassus
1061 1544 1117 1612 est
1140 1537 1274 1612 animae
1299 1539 1473 1633 Trajanit

520 1661 663 1749 Dimmi,
688 1664 839 1729 mcesbo
864 1659 944 1728 mio.
970 1658 1042 1730 lsta
1067 1663 1123 1730 est
1140 1657 1247 1731 tertia
1269 1678 1354 1751 pars
1373 1659 1566 1753 generals,
1583 1660 1620 1734 iu

447 1799 521 1874 qua
545 1783 654 1852 autor
682 1782 804 1850 movet
830 1795 941 1848 unam
964 1776 1203 1868 questionem
1225 1775 1441 1850 incidentem
1458 1769 1496 1869 (²)
1522 1779 1621 1853 circa

448 1899 655 1994 praedictam
683 1895 893 1988 materiam,
920 1902 956 1968 et
982 1895 1143 1969 breviter
1167 1894 1254 1968 dicit
1278 1896 1376 1988 quod
1402 1898 1527 1973 volens
1553 1901 1621 1974 ha·

447 2023 535 2094 bere
559 2016 813 2093 certitudinem
838 2014 884 2089 de
911 2014 981 2089 lide
1006 2014 1195 2107 catholica,
1221 2015 1346 2108 petivit
1370 2036 1393 2090 a
1419 2017 1567 2112 Virgilio
1589 2018 1620 2091 si

447 2137 576 2232 uliquis
602 2155 766 2228 unquam
786 2133 951 2208 exiverat
969 2133 1092 2208 locum
1109 2133 1232 2226 istum,
1250 2133 1344 2207 sicut
1362 2134 1449 2209 fides
1464 2126 1500 2226 (³)
1521 2143 1620 2210 tenet

447 2257 546 2350 quod
571 2255 735 2330 Christus
761 2273 956 2348 resurgens
987 2251 1170 2328 descendit
1201 2252 1247 2325 ad
1281 2253 1448 2346 limbum,
1473 2261 1512 2328 et
1537 2254 1619 2329 inde

449 2375 616 2452 liberavit
639 2374 780 2446 animas
805 2378 963 2466 patrum.
982 2371 1074 2444 Dicit
1090 2390 1199 2467 ergo:
1217 2373 1252 2442 io
1269 2376 1463 2463 comincici,
1480 2373 1618 2467 supple,

447 2498 580 2589 dicere,
592 2516 660 2586 per
680 2496 775 2566 ooler
792 2514 885 2564 esser
910 2499 1004 2564 certo
1028 2493 1066 2562 di
1088 2493 1203 2582 quello
1224 2494 1316 2584 sede,
1343 2495 1402 2564 ote
1421 2496 1518 2566 oirwe
1538 2497 1621 2583 ocni

448 2638 584 2707 more,
610 2615 700 2687 idest
715 2602 766 2705 (⁴),
783 2612 829 2686 de
850 2611 920 2686 lide
944 2611 1133 2703 cathohca,
1151 2631 1233 2703 qum
1255 2611 1363 2685 vincit
1378 2603 1413 2702 (⁵)
1434 2618 1486 2686 tot
1508 2613 1619 2687 milha

450 2740 631 2810 haeresum
662 2740 699 2808 et
732 2738 870 2805 tantam
904 2729 1102 2824 potentiam
1137 2736 1434 2824 persecutorum,
1473 2739 1513 2805 ut
1541 2734 1619 2828 iam

448 2858 584 2930 dictum
611 2861 666 2928 est
692 2872 803 2947 supra
822 2850 979 2944 capitulo
996 2849 1043 2942 113
1061 2852 1193 2939 dmoni,
1213 2859 1364 2924 moestro
1382 2856 1464 2943 mio,
1484 2855 1617 2943 dmm,

448 2983 601 3068 spuma,
626 2975 728 3067 idest,
753 2994 776 3045 o
801 2971 937 3068 Virgffi,
962 2970 1026 3063 qui
1052 2989 1091 3043 es
1117 2969 1204 3041 mihi
1236 2971 1409 3066 magister
1425 2963 1462 3062 (ὅ)
1488 2981 1524 3047 et
1554 2974 1621 3047 do—

450 3099 582 3190 minus,
607 3098 747 3168 melaac
771 3076 844 3165 mai
867 3094 1006 3180 alcano,
1031 3089 1134 3182 idest,
1155 3088 1267 3162 exivit
1285 3110 1332 3163 ne
1352 3111 1517 3184 uuquam
1538 3093 1620 3168 hinc

448 3217 579 3311 ahquis
602 3235 650 3290 er
674 3213 854 3288 damnatis
879 3212 916 3284 in
941 3211 1009 3284 isto
1034 3209 1157 3302 limbo,
1175 3230 1196 3279 o
1216 3230 1284 3300 per
1308 3231 1372 3282 suo
1397 3216 1532 3303 merto,
1551 3213 1620 3287 boc

449 3340 533 3412 dicit
558 3337 645 3430 quia
662 3335 736 3408 suis
755 3333 893 3406 meritis
911 3332 1033 3404 nullus
1051 3335 1193 3423 poterat
1210 3349 1290 3402 esse
1307 3328 1398 3404 liber
1423 3353 1445 3404 a
1471 3352 1621 3408 carcere

448 3459 516 3528 isto
530 3446 582 3545 (⁷),
607 3475 629 3524 o
650 3475 717 3544 per
741 3455 860 3540 oltrui,
886 3450 1020 3523 scilicet
1050 3469 1115 3542 per
1140 3448 1337 3537 Christum,
1363 3454 1423 3522 cte
1442 3456 1505 3542 poi
1526 3457 1621 3544 [osse

309 3632 312 3637 .
448 3578 560 3663 beato,
585 3573 675 3645 idest
700 3572 764 3664 qui
789 3569 919 3661 aliquis
937 3575 1061 3662 postea
1080 3567 1285 3641 salvaretur
1299 3558 1336 3656 ff)
1355 3577 1392 3641 et
1413 3571 1620 3662 perveniret

448 3693 494 3766 ad
522 3710 649 3765 veram
664 3681 700 3778 (⁹)
727 3686 1000 3762 beatitudinem.
1026 3687 1070 3758 Et
1094 3685 1215 3758 subdit
1250 3687 1519 3780 responsionem
1538 3688 1620 3761 Vir-

450 3813 524 3907 gilii
549 3810 691 3884 dioens:
716 3830 735 3880 e
759 3811 848 3900 quei,
866 3807 1001 3881 scilicet
1017 3806 1197 3901 Virgilius,
1215 3809 1276 3878 che
1287 3810 1389 3879 'ntese
1404 3812 1433 3880 il
1447 3813 1516 3881 mab
1527 3829 1620 3901 pcn-

451 3937 508 4006 lar
540 3937 693 4022 coperto,
724 3928 811 4022 quia
842 3927 975 4001 scilicet
1001 3927 1159 4001 feceram
1187 3926 1395 4020 petitionem
1422 3931 1619 4024 occultam,

451 4053 537 4145 quia
553 4057 726 4144 cooperte
754 4049 948 4144 tetigeram
978 4047 1105 4141 ipsam,
1131 4052 1169 4121 et
1194 4046 1302 4121 tacite
1326 4047 1512 4123 dixeram:
1539 4071 1617 4144 vos,

450 4171 573 4267 magni
599 4169 799 4265 philosophi
822 4175 860 4242 et
885 4173 1013 4261 poetae,
1033 4166 1120 4259 quid
1146 4166 1297 4260 proiecit
1321 4168 1423 4241 vobis
1447 4169 1494 4243 ad
1519 4171 1620 4245 salu·

452 4302 526 4368 tem
552 4297 674 4366 vestra
695 4281 748 4381 (ὀ)
780 4288 954 4383 sapientia
986 4307 1118 4382 magna
1154 4286 1232 4361 sine
1257 4286 1355 4361 lidet
1386 4289 1494 4364 Certe
1518 4290 1619 4385 nihil,

810 4441 951 4450 ..-..--...-
1005 4438 1041 4446 -—
1093 4438 1147 4447 -·--
1191 4438 1339 4446 -------.
1363 4440 1385 4446 --
1397 4442 1425 4447 -.
1443 4442 1452 4448 ,

513 4526 539 4582 l¹l
556 4527 581 4575 S.
598 4527 681 4577 doluit
699 4526 739 4576 vcl
756 4526 855 4589 palluit.
1131 4523 1157 4582 (¹)
1174 4523 1204 4572 E.
1221 4523 1370 4574 incidenter.

511 4599 537 4658 (⁸)
554 4602 584 4651 ll.
602 4603 664 4651 lidos
680 4603 807 4652 catholica
824 4607 902 4661 tenet,
919 4602 988 4666 quod
1004 4600 1120 4650 Cbrlstus
1134 4599 1266 4649 &scandit
1277 4600 1308 4649 sd
1317 4600 1427 4650 limbum
1437 4607 1493 4663 post
1503 4606 1616 4652 mortem

450 4690 522 4724 suam
539 4682 597 4726 anta
613 4678 669 4740 ejus
685 4679 911 4735 resurrectionem,
928 4685 954 4728 et
970 4677 1036 4728 inde.
1137 4674 1163 4733 θ)
1180 4676 1210 4725 B.
1226 4676 1289 4726 idest
1306 4677 1365 4727 usal
1382 4676 1523 4728 catholieo.

512 4751 538 4808 τ’)
555 4751 585 4800 ll.
601 4765 617 4801 a
635 4757 689 4812 lla,
704 4754 774 4803 vlclt.
1137 4751 1163 4809 θ)
1179 4751 1206 4802 S.
1222 4765 1251 4802 es
1267 4765 1341 4803 mens
1356 4754 1487 4816 mamm.

513 4825 539 4885 (⁷)
558 4830 611 4885 tlt,
628 4827 691 4889 lpso.
1138 4826 1165 4887 ς’)
1181 4827 1206 4877 S.
1222 4828 1287 4878 idest
1302 4830 1347 4893 qui
1363 4833 1451 4892 postu
1465 4829 1617 4880 damur.

512 4903 538 4965 (u
554 4901 580 4954 s
596 4902 628 4952 ou
645 4904 784 4966 mm.
1127 4901 1164 4964 υ)
1180 4903 1207 4954 S.
1224 4905 1271 4954 nu
1285 4910 1377 4956 suun.
