4154 6546
733 776 871 832 caurus
895 777 1058 832 rannus.
1412 766 1477 833 131

314 928 361 1004 ad
385 925 555 1021 primam,
581 942 693 1015 quam
725 928 835 996 autor
859 921 1049 1015 petiverat,
1067 921 1130 1014 qui
1153 928 1275 995 essent
1294 920 1361 994 isti.
1383 921 1486 996 Unde

313 1047 419 1122 dicit:
445 1049 473 1119 it
496 1049 648 1116 maestro
663 1049 808 1133 cortem,
825 1041 927 1134 idest,
949 1040 1119 1136 Virgilius
1136 1041 1293 1115 liberalis
1310 1041 1346 1115 in
1366 1041 1487 1116 dando

313 1166 536 1243 sentenciam
551 1158 588 1256 (¹)
606 1183 725 1256 suam,
743 1163 837 1237 sicut
853 1164 931 1257 jam
949 1161 1086 1236 dictum
1112 1168 1167 1236 est
1192 1182 1303 1257 supra
1329 1164 1365 1236 in
1391 1182 1488 1257 prm-

313 1285 464 1362 redenti·
478 1283 648 1378 capitulo,
673 1283 969 1373 durescitque!
992 1283 1074 1371 mio,
1100 1282 1204 1376 idest,
1228 1302 1251 1356 o
1276 1282 1421 1377 Dentes,
1445 1289 1484 1356 tu

316 1405 463 1500 petebas
482 1422 595 1498 supra
620 1401 684 1495 qui
709 1406 830 1474 essent
848 1401 916 1493 isti,
933 1406 1058 1496 elego
1078 1401 1227 1494 promisi
1248 1420 1309 1476 mc
1335 1421 1488 1496 respon-

316 1544 446 1598 surum
471 1522 535 1597 tibi
561 1523 598 1594 in
624 1521 703 1614 ripa
728 1519 952 1593 Acherontis,
970 1519 1184 1613 Respondeo
1209 1540 1300 1616 ergo
1325 1521 1387 1594 tibi
1412 1523 1484 1595 sic:

316 1649 389 1720 tutti
417 1646 519 1735 qttetti
545 1644 606 1714 cte
629 1643 770 1713 mnemon
794 1642 872 1710 nelt’
885 1642 943 1710 ira
971 1641 1009 1711 di
1032 1641 1115 1730 llio,
1146 1639 1192 1714 de
1224 1641 1357 1733 quibus
1387 1641 1487 1715 Deus

317 1763 468 1839 intendit
489 1763 609 1836 iacere
620 1762 760 1856 justam
779 1758 967 1851 ultionem,
985 1759 1071 1850 qnia
1087 1751 1382 1853 provocaverunt
1398 1781 1485 1837 eum

318 1885 362 1958 ad
390 1884 713 1975 numennumen
727 1883 788 1972 qui
803 1881 940 1970 d’oqne
958 1899 1076 1970 paese,
1098 1877 1189 1952 idest
1213 1890 1487 1978 congregantur

318 2004 363 2078 ad
388 2003 495 2076 istam
520 2002 636 2095 ripam
663 2019 710 2074 ex
735 1998 834 2073 omni
853 2004 956 2092 parte
973 1998 1111 2071 mundi.
1130 2004 1163 2071 Ε
1172 2005 1303 2092 prend
1326 2002 1390 2076 llic
1406 2002 1488 2076 Vir-

318 2124 424 2220 gilius
449 2119 644 2215 respondet
667 2117 838 2194 secunda
855 2118 1015 2212 petitioni
1036 2119 1187 2214 autoris,
1205 2121 1351 2214 seilicet,
1370 2142 1487 2215 quare

316 2243 385 2317 ille
408 2241 542 2317 anime
568 2246 654 2313 sunt
669 2230 705 2330 (²)
731 2243 909 2332 prompte
935 2237 981 2310 ad
1012 2239 1287 2313 transeundum.
1314 2241 1358 2313 llt
1381 2241 1485 2316 dicit:

316 2384 335 2434 e
354 2364 476 2454 prend
498 2380 587 2433 norw
612 2381 636 2432 a
662 2368 850 2451 trapam
875 2360 909 2428 to
933 2361 1005 2448 rio,
1023 2356 1114 2432 idest
1130 2358 1282 2431 lluvium
1300 2361 1487 2435 Acheron-

316 2481 369 2555 tis
395 2482 441 2554 lit
461 2499 552 2561 ecoe
576 2498 739 2571 causam,
756 2471 820 2550 elta*
833 2480 869 2550 te
892 2480 1013 2550 diune
1032 2478 1170 2551 instem
1186 2482 1212 2552 u
1229 2499 1376 2571 rpronq
1397 2480 1488 2554 idest

316 2601 465 2696 impellit
489 2607 527 2674 et
553 2605 673 2694 urget,
697 2591 729 2671 sl
752 2600 813 2670 clre
837 2601 873 2670 ta
898 2604 989 2670 uma
1013 2603 1046 2671 si
1074 2602 1174 2690 volpe
1203 2603 1241 2672 in
1268 2601 1371 2691 dano,
1396 2599 1488 2675 idest

317 2723 424 2796 timor
449 2721 610 2796 volvitur
627 2719 664 2792 in
681 2718 915 2812 desiderium,
932 2718 1009 2792 sive
1026 2718 1239 2812 appetitum,
1257 2719 1351 2794 siem
1369 2721 1487 2816 gratia

317 2840 473 2934 exempli
498 2839 666 2914 videmus
690 2836 886 2931 aliquando
915 2837 952 2910 in
982 2837 1121 2912 mundo
1152 2838 1221 2913 isto
1252 2841 1350 2932 quod
1376 2842 1488 2915 lromo

319 2965 488 3053 peccator
511 2965 593 3053 post
615 2963 808 3053 peecatum
836 2964 965 3051 sponte
990 2956 1087 3031 vadit
1103 2956 1149 3031 ad
1167 2964 1326 3032 mortem
1343 2966 1381 3032 et
1400 2980 1488 3054 sup-

319 3080 465 3174 plicium
485 3098 574 3153 cnm
589 3084 709 3173 posset
725 3078 895 3170 evadere,
913 3077 963 3151 ita
981 3084 1171 3171 peccatum
1189 3078 1352 3152 obcaecat
1367 3079 1486 3172 ipsum

320 3207 478 3296 urgente
501 3197 621 3272 divina
641 3197 798 3293 justicia.
822 3197 900 3271 lmo
926 3196 1048 3271 audivi
1073 3197 1119 3271 de
1144 3196 1313 3290 uno,‘qui
1329 3218 1415 3272 cnm
1433 3199 1490 3272 in·

320 3317 517 3395 terlecisset
554 3317 740 3392 hominem
775 3324 814 3391 et
847 3317 1030 3409 evasisset,
1067 3323 1147 3410 post
1179 3321 1325 3412 tempus
1361 3325 1489 3412 sponte

317 3438 468 3515 accersit
492 3438 538 3512 ad
559 3437 722 3534 judicem
748 3436 925 3512 confitens
953 3438 1125 3511 delictum
1156 3458 1266 3511 suum
1297 3444 1335 3512 et
1363 3446 1489 3533 petens

316 3558 524 3654 decapitari,
541 3557 629 3651 quia
655 3578 845 3650 nunquam
863 3563 1006 3651 poterat
1027 3557 1190 3632 dormire
1211 3558 1270 3631 vel
1287 3560 1487 3652 quiescere

319 3682 450 3769 Quam.
475 3677 542 3752 llic
566 3676 738 3772 Virgilius
763 3684 957 3770 postquam
984 3677 1168 3772 respondit
1187 3678 1234 3751 ad
1251 3678 1326 3752 duo
1347 3679 1489 3772 quesita

316 3820 381 3895 per
412 3805 599 3891 autorem,
625 3816 724 3871 nnnc
749 3798 944 3891 respondet
967 3797 1014 3871 ad
1039 3817 1157 3871 unum
1186 3818 1261 3872 non
1292 3799 1488 3892 quesitum,

317 3920 464 4012 scilieet,
488 3937 607 4011 quare
631 3917 801 4011 superius
826 3918 971 3992 Charon
996 3916 1136 3991 dederit
1152 3917 1219 3990 sibi
1239 3918 1436 4011 repulsam,
1452 3925 1490 3992 et

317 4037 476 4113 noluerit
499 4043 692 4131 acceptare
717 4037 837 4131 ipsum
871 4037 908 4109 in
940 4037 1035 4110 navi.
1068 4037 1236 4133 assignat
1267 4057 1358 4134 ergo
1393 4057 1490 4112 nunc

320 4158 496 4233 rationem
521 4157 667 4232 dicem:
694 4160 809 4250 ptum
832 4176 903 4230 non
922 4178 1035 4250 pusca
1060 4159 1131 4229 mei
1161 4161 1282 4230 anima
1306 4158 1409 4231 bona.
1435 4159 1490 4232 Ad

319 4277 590 4374 intelligentiam
615 4284 742 4352 nutem
768 4275 871 4350 istius
885 4267 922 4368 (³)
944 4284 1000 4352 eat
1019 4276 1200 4350 subtiliter
1222 4277 1488 4351 advertendum

317 4399 417 4494 qnod
441 4400 608 4475 homines
635 4398 827 4492 dupliciter
852 4397 991 4471 vadunt
1023 4398 1070 4471 ad
1103 4396 1303 4489 lniernnm,
1328 4397 1420 4471 idest
1443 4396 1489 4469 ad

316 4527 453 4595 statum
479 4520 684 4594 viciorum:
711 4519 824 4611 aliqui
849 4517 947 4592 enirn
975 4517 1112 4591 vadunt
1141 4523 1184 4589 ut
1214 4536 1404 4610 nunquam
1430 4536 1491 4590 re-

316 4646 520 4733 vertantur,
539 4638 675 4713 scilicet
695 4639 759 4731 qui
784 4658 975 4730 nunquam
993 4635 1187 4730 penitendo
1203 4635 1389 4710 dimittunt
1404 4656 1491 4731 pec-

379 4900 837 4963 (')li.‚lttes.rclsntiamsuam.
933 4899 959 4959 ζ’)
975 4898 1000 4948 S.
1017 4899 1075 4948 siut.
1170 4896 1463 4961 l'ltttlatlnslltaro.
