4154 6546
772 807 910 863 caurus
934 809 1092 864 oncruus
1117 808 1294 874 noturus.
1547 796 1618 863 485

449 971 604 1045 nomen3
629 949 761 1028 dicitur
786 950 885 1026 enim
911 950 962 1025 sic
988 950 1091 1045 quasi
1118 950 1273 1025 bulliens
1297 950 1408 1047 calor,
1431 954 1503 1045 obe,
1529 952 1621 1030 idest

448 1090 562 1165 quem
595 1068 769 1164 rivulum,
801 1071 832 1142 le
855 1072 1045 1162 matrici
1066 1076 1201 1161 parton
1227 1071 1290 1162 pot
1312 1071 1621 1164 ou1m05sicut

447 1208 538 1286 ergo
568 1209 666 1282 aqna
698 1187 873 1263 recedens
904 1208 926 1262 a
958 1188 1141 1263 bulicame
1173 1187 1307 1261 labitur
1336 1209 1403 1283 per
1434 1189 1619 1284 planitiem

447 1307 543 1382 iutra
574 1307 703 1382 domos
733 1307 985 1402 meretricum,
1011 1308 1060 1382 ita
1092 1328 1191 1403 aqua
1216 1307 1392 1383 recedens
1416 1329 1440 1383 a
1464 1308 1619 1405 Phlege-

448 1437 551 1504 tonte
566 1427 729 1502 bulieute
745 1427 824 1501 lluit
844 1448 910 1522 per
934 1448 1087 1503 arenam
1112 1428 1150 1501 in
1170 1427 1322 1502 modum
1341 1427 1410 1502 rivi
1426 1427 1522 1502 inter
1539 1427 1619 1502 loca

447 1545 658 1622 animarum
675 1546 945 1642 peccatricium.
968 1547 1063 1621 Vere
1088 1547 1185 1621 enim
1212 1546 1335 1621 anima
1352 1546 1536 1641 peccatrix
1552 1566 1620 1641 po·

448 1673 520 1744 test
547 1665 617 1742 dici
651 1666 840 1761 meretrix,
865 1686 950 1761 quae
963 1659 1000 1758 (¹)
1027 1666 1119 1762 fugit
1143 1687 1316 1761 sponsum
1342 1687 1452 1741 suum
1479 1676 1516 1743 et
1540 1666 1620 1761 pol·

446 1785 515 1863 luit
539 1787 718 1861 bonorem
744 1805 867 1859 suum.
894 1787 938 1859 ut
963 1785 1084 1859 subdit
1108 1792 1218 1860 autor
1244 1791 1416 1860 naturam
1433 1776 1469 1878 (¹)
1489 1791 1526 1859 et
1543 1784 1620 1858 lor-

448 1924 547 1978 mam
582 1905 686 1979 istius
715 1904 886 1998 llumiuis,
916 1904 1062 1980 dicens:
1099 1908 1133 1978 lo
1159 1907 1270 1998 [oudo
1301 1926 1365 1978 ruo
1395 1911 1428 1977 et
1460 1904 1564 1977 ambo
1589 1906 1620 1976 lc

441 2025 595 2117 mmet,
621 2018 713 2101 idest
737 2044 940 2120 aggeres,c
965 2026 979 2097 i
1002 2027 1158 2115 marmor
1180 2027 1230 2097 du
1254 2026 1339 2114 loto,
1361 2021 1451 2097 idest
1476 2029 1513 2097 et
1537 2042 1619 2096 am-

447 2143 505 2217 bae
529 2142 629 2238 ripae,
655 2163 745 2215 man
766 2148 853 2237 saue
871 2148 987 2234 petra
1014 2143 1085 2216 Per
1115 2143 1185 2217 boc
1210 2143 1357 2220 ridetur
1390 2151 1500 2219 autor
1525 2142 1621 2216 velle

445 2258 580 2354 dicere,
606 2260 705 2354 quod
731 2260 798 2334 ista
822 2280 922 2354 aqua
946 2260 991 2337 sit
1017 2271 1092 2336 tam
1120 2259 1221 2334 fortis
1237 2261 1494 2356 impressionis,
1520 2260 1619 2355 quod

447 2389 586 2456 terram
608 2397 807 2475 perquam
833 2376 1011 2454 transibat
1035 2377 1231 2456 indurabat
1248 2379 1285 2452 in
1305 2386 1466 2474 petram3
1484 2385 1522 2455 et
1539 2400 1620 2455 me-

447 2496 531 2592 rito,
556 2496 585 2571 si
611 2498 706 2573 bene
735 2496 1012 2573 considerantur
1036 2497 1100 2591 qui
1126 2497 1329 2593 puniuntur
1354 2498 1391 2571 in
1419 2504 1492 2573 tota
1518 2504 1620 2574 terra

447 2636 560 2711 qnam
586 2617 654 2691 ista
678 2637 776 2710 aqua
799 2616 924 2694 dividit
948 2637 1060 2691 cursu
1087 2638 1167 2711 suo,
1192 2617 1287 2692 bene
1321 2624 1375 2693 est
1409 2618 1455 2694 de
1484 2624 1620 2694 natura

447 2755 571 2830 saxea,
588 2736 663 2810 imo
688 2736 818 2829 ferrea,
837 2736 899 2830 qui
925 2757 999 2811 non
1025 2743 1176 2812 veretur
1201 2736 1324 2812 lacere
1348 2736 1558 2815 violentiam
1581 2736 1618 2809 iu

447 2853 548 2948 alins,
565 2854 602 2927 in
628 2875 680 2948 se,
706 2854 743 2927 iu
767 2854 898 2950 Deum,
917 2855 953 2927 in
979 2863 1150 2930 naturam
1177 2864 1214 2931 et
1238 2856 1367 2943 artem.
1385 2856 1430 2929 Et
1448 2856 1532 2930 dicit
1549 2876 1620 2930 au·

449 2978 527 3046 tor:
551 2974 710 3066 pcrcl'rb
726 2973 912 3047 m’accorsi
927 2976 987 3048 circ
1000 2977 1025 3048 'l
1035 2994 1143 3066 passo
1160 2995 1225 3046 ero
1245 2976 1313 3065 lr‘ci,
1326 2973 1418 3049 idest
1433 2994 1500 3069 per
1519 2973 1617 3047 viam
1753 3067 1755 3071 y

448 3090 595 3165 illorum
613 3112 813 3190 aggerum3
839 3092 918 3168 vult
942 3091 1065 3167 dicere
1090 3091 1189 3185 quod
1215 3112 1288 3165 non
1309 3099 1454 3186 poterat
1472 3091 1618 3167 transiri

448 3211 516 3285 ista
541 3231 656 3287 arena
681 3218 760 3287 tute
783 3232 850 3306 per
874 3211 983 3286 aliam
1001 3211 1112 3305 viam,
1126 3210 1193 3284 uisi
1210 3231 1277 3306 per
1294 3211 1391 3305 ripas
1407 3211 1499 3285 altas
1516 3209 1618 3283 istius

448 3330 621 3426 llumiuis,
634 3331 721 3426 quia
746 3352 861 3427 vapor
887 3331 1036 3406 exalans
1053 3351 1100 3405 ex
1117 3350 1214 3425 aqua
1228 3329 1498 3426 *extinguebat
1515 3331 1620 3403 llam·

448 3470 529 3524 mas
552 3449 710 3545 desuper
735 3449 916 3545 cadentes,
934 3449 1028 3524 sicut
1046 3455 1171 3545 postea
1191 3449 1345 3524 dicetur.
1358 3489 1409 3504 -
1427 3454 1498 3522 lro
1523 3455 1616 3523 tutto.

447 3569 512 3644 llic
537 3576 647 3644 autor
678 3569 771 3644 iacta
801 3569 1042 3665 descriptione
1069 3569 1178 3642 unius
1203 3568 1395 3642 llumiuis*
1419 3558 1469 3664 (⁸),
1483 3569 1619 3644 scilicet

447 3687 703 3785 Phlegetontis,
711 3688 823 3762 sumit
836 3686 1261 3763 materiamdescribendi
1275 3686 1375 3762 unde
1384 3694 1421 3761 et
1430 3686 1618 3782 quomodo

447 3808 646 3905 Phlegeton
661 3796 699 3901 (ἥ
719 3814 757 3883 et
777 3814 900 3883 cetera
918 3807 1069 3882 llumina
1095 3806 1283 3882 infernalia
1301 3807 1459 3882 babeant
1476 3813 1618 3902 ortum3

447 3932 485 4000 et
509 3946 583 4000 non
608 3933 663 4002 est
687 3926 862 4024 digressio
888 3927 1124 4022 impertinens
1156 3927 1351 4023 proposito,
1378 3926 1453 4000 imo
1478 3925 1619 4021 peruti-

447 4046 508 4141 lis3
534 4052 572 4120 et
595 4046 716 4143 primo
741 4046 843 4144 lingit
867 4048 965 4141 quod
983 4046 1153 4143 Virgilius
1179 4046 1263 4121 lacit
1287 4047 1408 4142 ipsum
1433 4045 1619 4122 attenctis-

447 4166 582 4239 simum
608 4165 655 4240 ad
679 4166 862 4241 difficilem
883 4173 921 4241 et
940 4166 1145 4239 mirabilem
1164 4165 1346 4241 fictionem
1365 4185 1477 4260 quam
1495 4164 1618 4239 lucere

445 4283 608 4360 intendit
635 4284 727 4360 uicit
752 4306 842 4382 ergo
860 4284 1030 4381 Virgilius
1055 4283 1181 4358 Danti:
1199 4304 1285 4357 cora
1310 4285 1460 4357 notoble
1483 4286 1620 4376 noupb

444 4411 563 4478 scorto
588 4407 638 4478 do
661 4408 712 4495 po·
736 4408 832 4479 omiti
856 4408 938 4496 noi,
965 4404 1056 4480 idest
1088 4423 1162 4477 non
1187 4402 1255 4477 luit
1279 4403 1356 4478 visa
1383 4409 1420 4478 et
1446 4408 1569 4479 notata
1593 4424 1617 4478 a

506 4593 533 4655 (¹)
548 4592 579 4643 B.
600 4593 661 4657 qun
681 4591 749 4656 sugit
768 4606 891 4656 spmsnm
912 4606 990 4642 snum
1012 4591 1154 4641 llomiuum
1175 4596 1294 4642 nostrum
1316 4591 1406 4641 lesum
1427 4589 1567 4650 Christum,
1592 4594 1620 4640 ct

445 4667 581 4806 Μιοῶιῑ.
596 4747 717 4795 buturum
732 4757 815 4806 snam,
831 4748 867 4795 et.

508 4820 537 4885 l')
551 4820 644 4872 blanca
659 4821 702 4871 uel
719 4820 812 4872 Codice
827 4821 936 4872 Εοίεπιο
951 4823 1049 4885 quanto
1065 4821 1080 4870 e
1096 4819 1135 4870 ba
1152 4819 1161 4870 l
1178 4820 1229 4871 dne
1245 4816 1386 4870 mhi.

509 4896 537 4960 (⁶)
551 4895 586 4957 8.,
602 4895 634 4948 B.
649 4909 665 4948 e
681 4900 736 4957 us,
752 4897 807 4961 lpse
821 4897 973 4962 Phlegeton.
