<?xml version="1.0" encoding="UTF-8"?>
<!DOCTYPE html PUBLIC "-//W3C//DTD XHTML 1.0 Transitional//EN"
    "http://www.w3.org/TR/xhtml1/DTD/xhtml1-transitional.dtd">
<html xmlns="http://www.w3.org/1999/xhtml" xml:lang="en" lang="en">
 <head>
  <title>
</title>
<meta http-equiv="Content-Type" content="text/html;charset=utf-8" />
  <meta name='ocr-system' content='tesseract 3.04.00' />
  <meta name='ocr-capabilities' content='ocr_page ocr_carea ocr_par ocr_line ocrx_word'/>
</head>
<body>
  <div class='ocr_page' id='page_1' title='image "./comentumsuperda00benvgoog_0326.png"; bbox 0 0 4154 6546; ppageno 0'>
   <div class='ocr_carea' id='block_1_1' title="bbox 498 816 1268 883">
    <p class='ocr_par' dir='ltr' id='par_1_1' title="bbox 498 816 1268 883">
     <span class='ocr_line' id='line_1_1' title="bbox 498 816 1268 883; baseline -0.008 0"><span class='ocrx_word' id='word_1_1' title='bbox 498 816 569 883; x_wconf 78' lang='grc'><strong>276</strong></span> <span class='ocrx_word' id='word_1_2' title='bbox 892 824 1095 882; x_wconf 68' lang='lat' dir='ltr'><strong>conburunt</strong></span> <span class='ocrx_word' id='word_1_3' title='bbox 1119 822 1268 878; x_wconf 73' lang='lat' dir='ltr'><strong>marram</strong></span> 
     </span>
    </p>
   </div>
   <div class='ocr_carea' id='block_1_2' title="bbox 495 959 1730 4151">
    <p class='ocr_par' dir='ltr' id='par_1_2' title="bbox 495 959 1730 4151">
     <span class='ocr_line' id='line_1_2' title="bbox 497 959 1660 1060; baseline -0.002 -18"><span class='ocrx_word' id='word_1_4' title='bbox 497 976 574 1043; x_wconf 89' lang='lat' dir='ltr'><strong>stro</strong></span> <span class='ocrx_word' id='word_1_5' title='bbox 589 959 626 1059; x_wconf 82' lang='lat'><strong>(⁸)</strong></span> <span class='ocrx_word' id='word_1_6' title='bbox 652 964 751 1060; x_wconf 86' lang='lat' dir='ltr'><strong>quod</strong></span> <span class='ocrx_word' id='word_1_7' title='bbox 775 966 906 1060; x_wconf 86' lang='lat' dir='ltr'><strong>aliquis</strong></span> <span class='ocrx_word' id='word_1_8' title='bbox 938 972 1036 1042; x_wconf 88' lang='lat' dir='ltr'><strong>stans</strong></span> <span class='ocrx_word' id='word_1_9' title='bbox 1060 966 1098 1040; x_wconf 90' lang='lat' dir='ltr'><strong>in</strong></span> <span class='ocrx_word' id='word_1_10' title='bbox 1123 965 1219 1040; x_wconf 88' lang='lat' dir='ltr'><strong>turri</strong></span> <span class='ocrx_word' id='word_1_11' title='bbox 1246 965 1293 1039; x_wconf 90' lang='lat' dir='ltr'><strong>ad</strong></span> <span class='ocrx_word' id='word_1_12' title='bbox 1322 965 1524 1040; x_wconf 83' lang='lat' dir='ltr'><strong>custodiam</strong></span> <span class='ocrx_word' id='word_1_13' title='bbox 1558 966 1660 1041; x_wconf 81' lang='lat' dir='ltr'><strong>fortis</strong></span> 
     </span>
     <span class='ocr_line' id='line_1_3' title="bbox 496 1083 1660 1182; baseline -0.001 -22"><span class='ocrx_word' id='word_1_14' title='bbox 496 1105 635 1181; x_wconf 83' lang='lat' dir='ltr'><strong>passus,</strong></span> <span class='ocrx_word' id='word_1_15' title='bbox 649 1084 774 1160; x_wconf 87' lang='lat' dir='ltr'><strong>videns</strong></span> <span class='ocrx_word' id='word_1_16' title='bbox 792 1105 926 1159; x_wconf 85' lang='lat' dir='ltr'><strong>novam</strong></span> <span class='ocrx_word' id='word_1_17' title='bbox 943 1093 1092 1182; x_wconf 82' lang='lat' dir='ltr'><strong>gentem</strong></span> <span class='ocrx_word' id='word_1_18' title='bbox 1105 1085 1165 1160; x_wconf 82' lang='lat' dir='ltr'><strong>rel</strong></span> <span class='ocrx_word' id='word_1_19' title='bbox 1176 1083 1344 1159; x_wconf 82' lang='lat' dir='ltr'><strong>hostilem</strong></span> <span class='ocrx_word' id='word_1_20' title='bbox 1356 1084 1660 1179; x_wconf 86' lang='lat' dir='ltr'><strong>appropinquare,</strong></span> 
     </span>
     <span class='ocr_line' id='line_1_4' title="bbox 497 1202 1663 1300; baseline -0.001 -22"><span class='ocrx_word' id='word_1_21' title='bbox 497 1205 580 1280; x_wconf 88' lang='lat' dir='ltr'><strong>lacit</strong></span> <span class='ocrx_word' id='word_1_22' title='bbox 603 1209 749 1279; x_wconf 85' lang='lat' dir='ltr'><strong>certum</strong></span> <span class='ocrx_word' id='word_1_23' title='bbox 773 1204 920 1300; x_wconf 79' lang='lat' dir='ltr'><strong>signum</strong></span> <span class='ocrx_word' id='word_1_24' title='bbox 952 1204 1087 1280; x_wconf 83' lang='lat' dir='ltr'><strong>civitati</strong></span> <span class='ocrx_word' id='word_1_25' title='bbox 1112 1209 1150 1279; x_wconf 90' lang='lat' dir='ltr'><strong>et</strong></span> <span class='ocrx_word' id='word_1_26' title='bbox 1173 1202 1295 1278; x_wconf 87' lang='lat' dir='ltr'><strong>statim</strong></span> <span class='ocrx_word' id='word_1_27' title='bbox 1322 1203 1448 1297; x_wconf 80' lang='lat' dir='ltr'><strong>recipit</strong></span> <span class='ocrx_word' id='word_1_28' title='bbox 1472 1202 1590 1279; x_wconf 91' lang='lat' dir='ltr'><strong>simile</strong></span> <span class='ocrx_word' id='word_1_29' title='bbox 1614 1204 1663 1277; x_wconf 88' lang='lat' dir='ltr'><strong>si·</strong></span> 
     </span>
     <span class='ocr_line' id='line_1_5' title="bbox 495 1321 1663 1420; baseline 0 -23"><span class='ocrx_word' id='word_1_30' title='bbox 495 1344 621 1419; x_wconf 82' lang='lat' dir='ltr'><strong>gnum.</strong></span> <span class='ocrx_word' id='word_1_31' title='bbox 649 1323 741 1397; x_wconf 86' lang='lat' dir='ltr'><strong>Dicit</strong></span> <span class='ocrx_word' id='word_1_32' title='bbox 765 1344 879 1420; x_wconf 79' lang='lat' dir='ltr'><strong>ergo:</strong></span> <span class='ocrx_word' id='word_1_33' title='bbox 905 1331 939 1398; x_wconf 87' lang='lat' dir='ltr'><strong>et</strong></span> <span class='ocrx_word' id='word_1_34' title='bbox 961 1327 1019 1398; x_wconf 69' lang='grc' dir='ltr'><strong>κη’</strong></span> <span class='ocrx_word' id='word_1_35' title='bbox 1032 1327 1141 1414; x_wconf 84' lang='lat' dir='ltr'><strong>altra,</strong></span> <span class='ocrx_word' id='word_1_36' title='bbox 1164 1323 1292 1397; x_wconf 89' lang='lat' dir='ltr'><strong>dicunt</strong></span> <span class='ocrx_word' id='word_1_37' title='bbox 1315 1322 1428 1415; x_wconf 86' lang='lat' dir='ltr'><strong>aliqui</strong></span> <span class='ocrx_word' id='word_1_38' title='bbox 1447 1321 1581 1398; x_wconf 89' lang='lat' dir='ltr'><strong>scilicet</strong></span> <span class='ocrx_word' id='word_1_39' title='bbox 1597 1324 1663 1397; x_wconf 88' lang='lat' dir='ltr'><strong>tla-</strong></span> 
     </span>
     <span class='ocr_line' id='line_1_6' title="bbox 498 1432 1662 1537; baseline -0.001 -22"><span class='ocrx_word' id='word_1_40' title='bbox 498 1442 656 1536; x_wconf 91' lang='lat' dir='ltr'><strong>mellam,</strong></span> <span class='ocrx_word' id='word_1_41' title='bbox 673 1441 737 1516; x_wconf 90' lang='lat' dir='ltr'><strong>sed</strong></span> <span class='ocrx_word' id='word_1_42' title='bbox 755 1443 825 1516; x_wconf 90' lang='lat' dir='ltr'><strong>boc</strong></span> <span class='ocrx_word' id='word_1_43' title='bbox 842 1449 897 1518; x_wconf 89' lang='lat' dir='ltr'><strong>est</strong></span> <span class='ocrx_word' id='word_1_44' title='bbox 913 1443 1056 1537; x_wconf 82' lang='lat' dir='ltr'><strong>falsum,</strong></span> <span class='ocrx_word' id='word_1_45' title='bbox 1074 1443 1150 1517; x_wconf 90' lang='lat' dir='ltr'><strong>imo</strong></span> <span class='ocrx_word' id='word_1_46' title='bbox 1168 1442 1278 1517; x_wconf 93' lang='lat' dir='ltr'><strong>aliam</strong></span> <span class='ocrx_word' id='word_1_47' title='bbox 1297 1440 1429 1515; x_wconf 89' lang='lat' dir='ltr'><strong>turrim</strong></span> <span class='ocrx_word' id='word_1_48' title='bbox 1450 1440 1604 1515; x_wconf 85' lang='lat' dir='ltr'><strong>civitatis</strong></span> <span class='ocrx_word' id='word_1_49' title='bbox 1613 1432 1662 1534; x_wconf 64' lang='grc' dir='ltr'><strong>ς’),</strong></span> 
     </span>
     <span class='ocr_line' id='line_1_7' title="bbox 496 1559 1663 1657; baseline 0 -24"><span class='ocrx_word' id='word_1_50' title='bbox 496 1561 625 1633; x_wconf 80' lang='lat' dir='ltr'><strong>render</strong></span> <span class='ocrx_word' id='word_1_51' title='bbox 649 1580 771 1651; x_wconf 77' lang='lat' dir='ltr'><strong>mano,</strong></span> <span class='ocrx_word' id='word_1_52' title='bbox 796 1560 887 1635; x_wconf 77' lang='lat' dir='ltr'><strong>idest</strong></span> <span class='ocrx_word' id='word_1_53' title='bbox 911 1561 1029 1636; x_wconf 90' lang='lat' dir='ltr'><strong>simile</strong></span> <span class='ocrx_word' id='word_1_54' title='bbox 1054 1561 1199 1657; x_wconf 79' lang='lat' dir='ltr'><strong>signum</strong></span> <span class='ocrx_word' id='word_1_55' title='bbox 1224 1560 1385 1634; x_wconf 89' lang='lat' dir='ltr'><strong>duarum</strong></span> <span class='ocrx_word' id='word_1_56' title='bbox 1416 1559 1663 1649; x_wconf 81' lang='lat' dir='ltr'><strong>flammarum,</strong></span> 
     </span>
     <span class='ocr_line' id='line_1_8' title="bbox 498 1678 1664 1777; baseline 0 -27"><span class='ocrx_word' id='word_1_57' title='bbox 498 1681 546 1750; x_wconf 82' lang='lat' dir='ltr'><strong>dc</strong></span> <span class='ocrx_word' id='word_1_58' title='bbox 571 1681 678 1769; x_wconf 78' lang='lat' dir='ltr'><strong>toapi,</strong></span> <span class='ocrx_word' id='word_1_59' title='bbox 695 1679 782 1772; x_wconf 85' lang='lat' dir='ltr'><strong>quia</strong></span> <span class='ocrx_word' id='word_1_60' title='bbox 798 1700 976 1777; x_wconf 85' lang='lat' dir='ltr'><strong>magnum</strong></span> <span class='ocrx_word' id='word_1_61' title='bbox 994 1679 1152 1774; x_wconf 91' lang='lat' dir='ltr'><strong>spatium</strong></span> <span class='ocrx_word' id='word_1_62' title='bbox 1170 1685 1250 1754; x_wconf 88' lang='lat' dir='ltr'><strong>orat</strong></span> <span class='ocrx_word' id='word_1_63' title='bbox 1266 1678 1361 1751; x_wconf 92' lang='lat' dir='ltr'><strong>inter</strong></span> <span class='ocrx_word' id='word_1_64' title='bbox 1377 1679 1509 1751; x_wconf 89' lang='lat' dir='ltr'><strong>turrim</strong></span> <span class='ocrx_word' id='word_1_65' title='bbox 1529 1685 1567 1753; x_wconf 89' lang='lat' dir='ltr'><strong>et</strong></span> <span class='ocrx_word' id='word_1_66' title='bbox 1583 1684 1664 1750; x_wconf 91' lang='lat' dir='ltr'><strong>tur·</strong></span> 
     </span>
     <span class='ocr_line' id='line_1_9' title="bbox 499 1797 1663 1892; baseline -0.001 -22"><span class='ocrx_word' id='word_1_67' title='bbox 499 1798 579 1891; x_wconf 91' lang='lat' dir='ltr'><strong>rim,</strong></span> <span class='ocrx_word' id='word_1_68' title='bbox 605 1797 685 1872; x_wconf 88' lang='lat' dir='ltr'><strong>ideo</strong></span> <span class='ocrx_word' id='word_1_69' title='bbox 709 1797 816 1872; x_wconf 91' lang='lat' dir='ltr'><strong>dicit:</strong></span> <span class='ocrx_word' id='word_1_70' title='bbox 844 1805 938 1873; x_wconf 81' lang='lat' dir='ltr'><strong>tuoto</strong></span> <span class='ocrx_word' id='word_1_71' title='bbox 967 1800 1053 1871; x_wconf 84' lang='lat' dir='ltr'><strong>clt’o</strong></span> <span class='ocrx_word' id='word_1_72' title='bbox 1071 1819 1168 1892; x_wconf 83' lang='lat' dir='ltr'><strong>peno</strong></span> <span class='ocrx_word' id='word_1_73' title='bbox 1191 1800 1341 1889; x_wconf 81' lang='lat' dir='ltr'><strong>itpotca</strong></span> <span class='ocrx_word' id='word_1_74' title='bbox 1374 1799 1396 1869; x_wconf 72' lang='grc' dir='ltr'><em>Γ</em></span> <span class='ocrx_word' id='word_1_75' title='bbox 1409 1799 1527 1871; x_wconf 80' lang='lat' dir='ltr'><strong>occltio</strong></span> <span class='ocrx_word' id='word_1_76' title='bbox 1555 1805 1663 1886; x_wconf 73' lang='lat' dir='ltr'><strong>torre,</strong></span> 
     </span>
     <span class='ocr_line' id='line_1_10' title="bbox 499 1912 1663 2010; baseline -0.001 -22"><span class='ocrx_word' id='word_1_77' title='bbox 499 1915 590 1990; x_wconf 88' lang='lat' dir='ltr'><strong>idest</strong></span> <span class='ocrx_word' id='word_1_78' title='bbox 618 1915 785 2010; x_wconf 88' lang='lat' dir='ltr'><strong>accipere</strong></span> <span class='ocrx_word' id='word_1_79' title='bbox 813 1917 871 1992; x_wconf 84' lang='lat' dir='ltr'><strong>vel</strong></span> <span class='ocrx_word' id='word_1_80' title='bbox 903 1912 1222 2010; x_wconf 80' lang='lat' dir='ltr'><strong>comprehendere</strong></span> <span class='ocrx_word' id='word_1_81' title='bbox 1244 1921 1392 2009; x_wconf 86' lang='lat' dir='ltr'><strong>propter</strong></span> <span class='ocrx_word' id='word_1_82' title='bbox 1423 1916 1574 1991; x_wconf 80' lang='lat' dir='ltr'><strong>nimiam</strong></span> <span class='ocrx_word' id='word_1_83' title='bbox 1609 1915 1663 1988; x_wconf 86' lang='lat' dir='ltr'><strong>di-</strong></span> 
     </span>
     <span class='ocr_line' id='line_1_11' title="bbox 500 2033 1730 2129; baseline 0 -22"><span class='ocrx_word' id='word_1_84' title='bbox 500 2034 679 2109; x_wconf 89' lang='lat' dir='ltr'><strong>stantiam.</strong></span> <span class='ocrx_word' id='word_1_85' title='bbox 705 2036 750 2109; x_wconf 85' lang='lat' dir='ltr'><strong>Et</strong></span> <span class='ocrx_word' id='word_1_86' title='bbox 773 2036 832 2109; x_wconf 93' lang='lat' dir='ltr'><strong>bic</strong></span> <span class='ocrx_word' id='word_1_87' title='bbox 858 2041 943 2110; x_wconf 88' lang='lat' dir='ltr'><strong>nota</strong></span> <span class='ocrx_word' id='word_1_88' title='bbox 966 2035 1066 2128; x_wconf 88' lang='lat' dir='ltr'><strong>quod</strong></span> <span class='ocrx_word' id='word_1_89' title='bbox 1090 2034 1158 2109; x_wconf 90' lang='lat' dir='ltr'><strong>ista</strong></span> <span class='ocrx_word' id='word_1_90' title='bbox 1182 2033 1287 2107; x_wconf 85' lang='lat' dir='ltr'><strong>litera</strong></span> <span class='ocrx_word' id='word_1_91' title='bbox 1312 2039 1430 2127; x_wconf 87' lang='lat' dir='ltr'><strong>potest</strong></span> <span class='ocrx_word' id='word_1_92' title='bbox 1454 2034 1663 2129; x_wconf 87' lang='lat' dir='ltr'><strong>simpliciter</strong></span> <span class='ocrx_word' id='word_1_93' title='bbox 1726 2058 1730 2065; x_wconf 91' lang='lat'>·</span> 
     </span>
     <span class='ocr_line' id='line_1_12' title="bbox 499 2152 1665 2251; baseline 0 -26"><span class='ocrx_word' id='word_1_94' title='bbox 499 2155 645 2251; x_wconf 81' lang='lat' dir='ltr'><strong>intelligi</strong></span> <span class='ocrx_word' id='word_1_95' title='bbox 671 2155 764 2230; x_wconf 90' lang='lat' dir='ltr'><strong>sicut</strong></span> <span class='ocrx_word' id='word_1_96' title='bbox 788 2155 995 2250; x_wconf 83' lang='lat' dir='ltr'><strong>expositum</strong></span> <span class='ocrx_word' id='word_1_97' title='bbox 1021 2160 1087 2247; x_wconf 86' lang='lat' dir='ltr'><strong>est,</strong></span> <span class='ocrx_word' id='word_1_98' title='bbox 1111 2159 1236 2228; x_wconf 89' lang='lat' dir='ltr'><strong>tamen</strong></span> <span class='ocrx_word' id='word_1_99' title='bbox 1255 2152 1445 2226; x_wconf 82' lang='lat' dir='ltr'><strong>moraliter</strong></span> <span class='ocrx_word' id='word_1_100' title='bbox 1464 2159 1582 2246; x_wconf 77' lang='lat' dir='ltr'><strong>potest</strong></span> <span class='ocrx_word' id='word_1_101' title='bbox 1598 2174 1665 2228; x_wconf 87' lang='lat' dir='ltr'><strong>ex·</strong></span> 
     </span>
     <span class='ocr_line' id='line_1_13' title="bbox 498 2268 1666 2370; baseline -0.001 -23"><span class='ocrx_word' id='word_1_102' title='bbox 498 2274 582 2370; x_wconf 93' lang='lat' dir='ltr'><strong>poni</strong></span> <span class='ocrx_word' id='word_1_103' title='bbox 601 2275 699 2368; x_wconf 85' lang='lat' dir='ltr'><strong>quod</strong></span> <span class='ocrx_word' id='word_1_104' title='bbox 723 2275 836 2348; x_wconf 90' lang='lat' dir='ltr'><strong>turris</strong></span> <span class='ocrx_word' id='word_1_105' title='bbox 860 2274 995 2370; x_wconf 77' lang='lat' dir='ltr'><strong>figurat</strong></span> <span class='ocrx_word' id='word_1_106' title='bbox 1018 2268 1134 2368; x_wconf 83' lang='lat' dir='ltr'><strong>ipsam</strong></span> <span class='ocrx_word' id='word_1_107' title='bbox 1159 2270 1368 2365; x_wconf 84' lang='lat' dir='ltr'><strong>superbiam</strong></span> <span class='ocrx_word' id='word_1_108' title='bbox 1393 2291 1478 2364; x_wconf 85' lang='lat' dir='ltr'><strong>quae</strong></span> <span class='ocrx_word' id='word_1_109' title='bbox 1502 2278 1557 2346; x_wconf 88' lang='lat' dir='ltr'><strong>est</strong></span> <span class='ocrx_word' id='word_1_110' title='bbox 1579 2272 1666 2365; x_wconf 89' lang='lat' dir='ltr'><strong>alta,</strong></span> 
     </span>
     <span class='ocr_line' id='line_1_14' title="bbox 499 2380 1662 2488; baseline -0.001 -23"><span class='ocrx_word' id='word_1_111' title='bbox 499 2399 537 2465; x_wconf 93' lang='lat' dir='ltr'><strong>et</strong></span> <span class='ocrx_word' id='word_1_112' title='bbox 559 2392 651 2488; x_wconf 69' lang='grc' dir='ltr'>ἰςιιίε</span> <span class='ocrx_word' id='word_1_113' title='bbox 676 2393 844 2466; x_wconf 92' lang='lat' dir='ltr'><strong>similiter</strong></span> <span class='ocrx_word' id='word_1_114' title='bbox 869 2392 933 2486; x_wconf 87' lang='lat' dir='ltr'><strong>qui</strong></span> <span class='ocrx_word' id='word_1_115' title='bbox 949 2383 985 2483; x_wconf 76' lang='lat'><strong>(³)</strong></span> <span class='ocrx_word' id='word_1_116' title='bbox 1005 2410 1150 2485; x_wconf 89' lang='lat' dir='ltr'><strong>semper</strong></span> <span class='ocrx_word' id='word_1_117' title='bbox 1167 2388 1280 2463; x_wconf 89' lang='lat' dir='ltr'><strong>tendit</strong></span> <span class='ocrx_word' id='word_1_118' title='bbox 1295 2389 1332 2461; x_wconf 90' lang='lat' dir='ltr'><strong>in</strong></span> <span class='ocrx_word' id='word_1_119' title='bbox 1352 2388 1480 2482; x_wconf 88' lang='lat' dir='ltr'><strong>altum,</strong></span> <span class='ocrx_word' id='word_1_120' title='bbox 1499 2411 1610 2484; x_wconf 87' lang='lat' dir='ltr'><strong>quern</strong></span> <span class='ocrx_word' id='word_1_121' title='bbox 1627 2380 1662 2480; x_wconf 45' lang='grc' dir='ltr'><strong>(ἢ,</strong></span> 
     </span>
     <span class='ocr_line' id='line_1_15' title="bbox 499 2499 1666 2605; baseline 0.001 -23"><span class='ocrx_word' id='word_1_122' title='bbox 499 2515 609 2583; x_wconf 93' lang='lat' dir='ltr'><strong>autor</strong></span> <span class='ocrx_word' id='word_1_123' title='bbox 632 2508 736 2605; x_wconf 79' lang='lat' dir='ltr'><strong>lingit</strong></span> <span class='ocrx_word' id='word_1_124' title='bbox 762 2531 801 2584; x_wconf 89' lang='lat' dir='ltr'><strong>se</strong></span> <span class='ocrx_word' id='word_1_125' title='bbox 826 2509 957 2584; x_wconf 88' lang='lat' dir='ltr'><strong>vidisse</strong></span> <span class='ocrx_word' id='word_1_126' title='bbox 980 2530 1004 2583; x_wconf 92' lang='lat' dir='ltr'><strong>a</strong></span> <span class='ocrx_word' id='word_1_127' title='bbox 1029 2509 1137 2604; x_wconf 83' lang='lat' dir='ltr'><strong>longe</strong></span> <span class='ocrx_word' id='word_1_128' title='bbox 1150 2499 1201 2600; x_wconf 79' lang='lat'>(⁵),</span> <span class='ocrx_word' id='word_1_129' title='bbox 1226 2507 1301 2580; x_wconf 93' lang='lat' dir='ltr'><strong>imo</strong></span> <span class='ocrx_word' id='word_1_130' title='bbox 1326 2507 1509 2581; x_wconf 86' lang='lat' dir='ltr'><strong>interdurn</strong></span> <span class='ocrx_word' id='word_1_131' title='bbox 1527 2530 1593 2604; x_wconf 90' lang='lat' dir='ltr'><strong>per</strong></span> <span class='ocrx_word' id='word_1_132' title='bbox 1608 2515 1666 2598; x_wconf 72' lang='grc' dir='ltr'><strong>ῑο-Δ</strong></span> 
     </span>
     <span class='ocr_line' id='line_1_16' title="bbox 501 2616 1666 2722; baseline 0.005 -25"><span class='ocrx_word' id='word_1_133' title='bbox 501 2633 581 2698; x_wconf 92' lang='lat' dir='ltr'><strong>tum</strong></span> <span class='ocrx_word' id='word_1_134' title='bbox 607 2626 788 2699; x_wconf 90' lang='lat' dir='ltr'><strong>mundum</strong></span> <span class='ocrx_word' id='word_1_135' title='bbox 813 2627 907 2700; x_wconf 91' lang='lat' dir='ltr'><strong>sicut</strong></span> <span class='ocrx_word' id='word_1_136' title='bbox 931 2627 1047 2721; x_wconf 90' lang='lat' dir='ltr'><strong>patuit</strong></span> <span class='ocrx_word' id='word_1_137' title='bbox 1071 2627 1108 2698; x_wconf 93' lang='lat' dir='ltr'><strong>in</strong></span> <span class='ocrx_word' id='word_1_138' title='bbox 1121 2616 1159 2716; x_wconf 77' lang='lat'><strong>(⁶)</strong></span> <span class='ocrx_word' id='word_1_139' title='bbox 1185 2625 1391 2700; x_wconf 74' lang='lat' dir='ltr'><strong>Menandro</strong></span> <span class='ocrx_word' id='word_1_140' title='bbox 1416 2646 1561 2722; x_wconf 82' lang='lat' dir='ltr'><strong>magno,</strong></span> <span class='ocrx_word' id='word_1_141' title='bbox 1588 2629 1666 2703; x_wconf 84' lang='lat' dir='ltr'><strong>Gae·</strong></span> 
     </span>
     <span class='ocr_line' id='line_1_17' title="bbox 502 2738 1666 2841; baseline -0.001 -20"><span class='ocrx_word' id='word_1_142' title='bbox 502 2768 584 2821; x_wconf 87' lang='lat' dir='ltr'><strong>sare</strong></span> <span class='ocrx_word' id='word_1_143' title='bbox 600 2755 638 2822; x_wconf 90' lang='lat' dir='ltr'><strong>et</strong></span> <span class='ocrx_word' id='word_1_144' title='bbox 650 2738 687 2838; x_wconf 81' lang='lat'><strong>(⁷)</strong></span> <span class='ocrx_word' id='word_1_145' title='bbox 706 2747 839 2820; x_wconf 90' lang='lat' dir='ltr'><strong>multis.</strong></span> <span class='ocrx_word' id='word_1_146' title='bbox 858 2748 902 2820; x_wconf 89' lang='lat' dir='ltr'><strong>Et</strong></span> <span class='ocrx_word' id='word_1_147' title='bbox 917 2747 1019 2841; x_wconf 89' lang='lat' dir='ltr'><strong>ponit</strong></span> <span class='ocrx_word' id='word_1_148' title='bbox 1035 2754 1145 2821; x_wconf 89' lang='lat' dir='ltr'><strong>autor</strong></span> <span class='ocrx_word' id='word_1_149' title='bbox 1161 2747 1253 2820; x_wconf 91' lang='lat' dir='ltr'><strong>duas</strong></span> <span class='ocrx_word' id='word_1_150' title='bbox 1267 2754 1389 2822; x_wconf 82' lang='lat' dir='ltr'><strong>turres</strong></span> <span class='ocrx_word' id='word_1_151' title='bbox 1405 2753 1443 2821; x_wconf 91' lang='lat' dir='ltr'><strong>et</strong></span> <span class='ocrx_word' id='word_1_152' title='bbox 1459 2746 1666 2841; x_wconf 86' lang='lat' dir='ltr'><strong>inutraque</strong></span> 
     </span>
     <span class='ocr_line' id='line_1_18' title="bbox 500 2865 1668 2961; baseline -0.001 -21"><span class='ocrx_word' id='word_1_153' title='bbox 500 2868 592 2940; x_wconf 80' lang='lat' dir='ltr'><strong>duas</strong></span> <span class='ocrx_word' id='word_1_154' title='bbox 616 2867 800 2961; x_wconf 66' lang='lat' dir='ltr'><strong>flammam</strong></span> <span class='ocrx_word' id='word_1_155' title='bbox 825 2865 972 2961; x_wconf 89' lang='lat' dir='ltr'><strong>*prima</strong></span> <span class='ocrx_word' id='word_1_156' title='bbox 997 2866 1110 2939; x_wconf 90' lang='lat' dir='ltr'><strong>turris</strong></span> <span class='ocrx_word' id='word_1_157' title='bbox 1135 2873 1190 2940; x_wconf 79' lang='lat' dir='ltr'><strong>est</strong></span> <span class='ocrx_word' id='word_1_158' title='bbox 1214 2865 1385 2961; x_wconf 90' lang='lat' dir='ltr'><strong>superbia</strong></span> <span class='ocrx_word' id='word_1_159' title='bbox 1406 2865 1609 2941; x_wconf 82' lang='lat' dir='ltr'><strong>extrinseca</strong></span> <span class='ocrx_word' id='word_1_160' title='bbox 1631 2874 1668 2941; x_wconf 89' lang='lat' dir='ltr'><strong>et</strong></span> 
     </span>
     <span class='ocr_line' id='line_1_19' title="bbox 500 2984 1666 3080; baseline -0.001 -22"><span class='ocrx_word' id='word_1_161' title='bbox 500 3005 678 3080; x_wconf 90' lang='lat' dir='ltr'><strong>apparens</strong></span> <span class='ocrx_word' id='word_1_162' title='bbox 703 2991 742 3059; x_wconf 91' lang='lat' dir='ltr'><strong>et</strong></span> <span class='ocrx_word' id='word_1_163' title='bbox 765 2984 846 3058; x_wconf 89' lang='lat' dir='ltr'><strong>ideo</strong></span> <span class='ocrx_word' id='word_1_164' title='bbox 870 2984 989 3079; x_wconf 89' lang='lat' dir='ltr'><strong>prima</strong></span> <span class='ocrx_word' id='word_1_165' title='bbox 1013 2984 1169 3059; x_wconf 87' lang='lat' dir='ltr'><strong>oliertur</strong></span> <span class='ocrx_word' id='word_1_166' title='bbox 1194 2984 1299 3077; x_wconf 84' lang='lat' dir='ltr'><strong>visui,</strong></span> <span class='ocrx_word' id='word_1_167' title='bbox 1318 2984 1410 3059; x_wconf 87' lang='lat' dir='ltr'><strong>idest</strong></span> <span class='ocrx_word' id='word_1_168' title='bbox 1432 2984 1666 3078; x_wconf 90' lang='lat' dir='ltr'><strong>speculationi</strong></span> 
     </span>
     <span class='ocr_line' id='line_1_20' title="bbox 501 3102 1666 3198; baseline 0 -21"><span class='ocrx_word' id='word_1_169' title='bbox 501 3104 651 3197; x_wconf 88' lang='lat' dir='ltr'><strong>autoris,</strong></span> <span class='ocrx_word' id='word_1_170' title='bbox 676 3110 715 3177; x_wconf 95' lang='lat' dir='ltr'><strong>et</strong></span> <span class='ocrx_word' id='word_1_171' title='bbox 738 3102 848 3177; x_wconf 87' lang='lat' dir='ltr'><strong>habet</strong></span> <span class='ocrx_word' id='word_1_172' title='bbox 872 3102 964 3176; x_wconf 90' lang='lat' dir='ltr'><strong>duas</strong></span> <span class='ocrx_word' id='word_1_173' title='bbox 989 3102 1127 3197; x_wconf 77' lang='lat' dir='ltr'><strong>species</strong></span> <span class='ocrx_word' id='word_1_174' title='bbox 1151 3123 1235 3196; x_wconf 79' lang='lat' dir='ltr'><strong>quae</strong></span> <span class='ocrx_word' id='word_1_175' title='bbox 1261 3102 1468 3198; x_wconf 77' lang='lat' dir='ltr'><strong>ligurantur</strong></span> <span class='ocrx_word' id='word_1_176' title='bbox 1493 3122 1560 3196; x_wconf 88' lang='lat' dir='ltr'><strong>per</strong></span> <span class='ocrx_word' id='word_1_177' title='bbox 1575 3103 1666 3177; x_wconf 82' lang='lat' dir='ltr'><strong>duas</strong></span> 
     </span>
     <span class='ocr_line' id='line_1_21' title="bbox 502 3211 1667 3316; baseline -0.001 -22"><span class='ocrx_word' id='word_1_178' title='bbox 502 3222 668 3296; x_wconf 91' lang='lat' dir='ltr'><strong>llammas</strong></span> <span class='ocrx_word' id='word_1_179' title='bbox 680 3211 747 3313; x_wconf 82' lang='lat'><strong>(⁸)*</strong></span> <span class='ocrx_word' id='word_1_180' title='bbox 772 3221 907 3296; x_wconf 90' lang='lat' dir='ltr'><strong>scilicet</strong></span> <span class='ocrx_word' id='word_1_181' title='bbox 923 3221 1134 3315; x_wconf 84' lang='lat' dir='ltr'><strong>superbiam</strong></span> <span class='ocrx_word' id='word_1_182' title='bbox 1158 3220 1196 3295; x_wconf 92' lang='lat' dir='ltr'><strong>iu</strong></span> <span class='ocrx_word' id='word_1_183' title='bbox 1209 3211 1246 3313; x_wconf 60' lang='lat'><strong>(⁹)</strong></span> <span class='ocrx_word' id='word_1_184' title='bbox 1272 3220 1468 3295; x_wconf 78' lang='lat' dir='ltr'><strong>benefactis</strong></span> <span class='ocrx_word' id='word_1_185' title='bbox 1484 3227 1521 3296; x_wconf 89' lang='lat' dir='ltr'><strong>et</strong></span> <span class='ocrx_word' id='word_1_186' title='bbox 1538 3241 1667 3316; x_wconf 88' lang='lat' dir='ltr'><strong>super-</strong></span> 
     </span>
     <span class='ocr_line' id='line_1_22' title="bbox 501 3339 1668 3432; baseline 0 -20"><span class='ocrx_word' id='word_1_187' title='bbox 501 3340 598 3414; x_wconf 91' lang='lat' dir='ltr'><strong>biam</strong></span> <span class='ocrx_word' id='word_1_188' title='bbox 624 3340 661 3411; x_wconf 95' lang='lat' dir='ltr'><strong>in</strong></span> <span class='ocrx_word' id='word_1_189' title='bbox 687 3339 901 3432; x_wconf 78' lang='lat' dir='ltr'><strong>malefactis3</strong></span> <span class='ocrx_word' id='word_1_190' title='bbox 927 3360 1013 3414; x_wconf 91' lang='lat' dir='ltr'><strong>narn</strong></span> <span class='ocrx_word' id='word_1_191' title='bbox 1039 3340 1134 3414; x_wconf 89' lang='lat' dir='ltr'><strong>istud</strong></span> <span class='ocrx_word' id='word_1_192' title='bbox 1159 3339 1289 3414; x_wconf 88' lang='lat' dir='ltr'><strong>vitium</strong></span> <span class='ocrx_word' id='word_1_193' title='bbox 1315 3359 1388 3413; x_wconf 94' lang='lat' dir='ltr'><strong>non</strong></span> <span class='ocrx_word' id='word_1_194' title='bbox 1412 3339 1533 3413; x_wconf 92' lang='lat' dir='ltr'><strong>solum</strong></span> <span class='ocrx_word' id='word_1_195' title='bbox 1559 3340 1668 3414; x_wconf 89' lang='lat' dir='ltr'><strong>babet</strong></span> 
     </span>
     <span class='ocr_line' id='line_1_23' title="bbox 502 3458 1668 3554; baseline 0.003 -24"><span class='ocrx_word' id='word_1_196' title='bbox 502 3460 623 3533; x_wconf 94' lang='lat' dir='ltr'><strong>locum</strong></span> <span class='ocrx_word' id='word_1_197' title='bbox 649 3458 744 3534; x_wconf 89' lang='lat' dir='ltr'><strong>inter</strong></span> <span class='ocrx_word' id='word_1_198' title='bbox 770 3459 877 3552; x_wconf 87' lang='lat' dir='ltr'><strong>mala,</strong></span> <span class='ocrx_word' id='word_1_199' title='bbox 903 3459 967 3534; x_wconf 89' lang='lat' dir='ltr'><strong>sed</strong></span> <span class='ocrx_word' id='word_1_200' title='bbox 1000 3460 1110 3534; x_wconf 88' lang='lat' dir='ltr'><strong>etiam</strong></span> <span class='ocrx_word' id='word_1_201' title='bbox 1139 3460 1235 3533; x_wconf 91' lang='lat' dir='ltr'><strong>inter</strong></span> <span class='ocrx_word' id='word_1_202' title='bbox 1263 3459 1379 3553; x_wconf 83' lang='lat' dir='ltr'><strong>bona3</strong></span> <span class='ocrx_word' id='word_1_203' title='bbox 1405 3467 1493 3554; x_wconf 92' lang='lat' dir='ltr'><strong>puta</strong></span> <span class='ocrx_word' id='word_1_204' title='bbox 1522 3462 1668 3554; x_wconf 86' lang='lat' dir='ltr'><strong>quando</strong></span> 
     </span>
     <span class='ocr_line' id='line_1_24' title="bbox 502 3576 1669 3672; baseline 0.003 -23"><span class='ocrx_word' id='word_1_205' title='bbox 502 3576 583 3670; x_wconf 88' lang='lat' dir='ltr'><strong>quis</strong></span> <span class='ocrx_word' id='word_1_206' title='bbox 615 3576 778 3671; x_wconf 87' lang='lat' dir='ltr'><strong>superbit</strong></span> <span class='ocrx_word' id='word_1_207' title='bbox 804 3577 1035 3669; x_wconf 85' lang='lat' dir='ltr'><strong>descientia,</strong></span> <span class='ocrx_word' id='word_1_208' title='bbox 1063 3577 1111 3652; x_wconf 89' lang='lat' dir='ltr'><strong>de</strong></span> <span class='ocrx_word' id='word_1_209' title='bbox 1138 3576 1284 3666; x_wconf 83' lang='lat' dir='ltr'><strong>virtute,</strong></span> <span class='ocrx_word' id='word_1_210' title='bbox 1317 3576 1364 3651; x_wconf 91' lang='lat' dir='ltr'><strong>de</strong></span> <span class='ocrx_word' id='word_1_211' title='bbox 1396 3579 1598 3672; x_wconf 83' lang='lat' dir='ltr'><strong>sanctitate,</strong></span> <span class='ocrx_word' id='word_1_212' title='bbox 1622 3580 1669 3652; x_wconf 89' lang='lat' dir='ltr'><strong>de</strong></span> 
     </span>
     <span class='ocr_line' id='line_1_25' title="bbox 504 3689 1668 3794; baseline 0 -22"><span class='ocrx_word' id='word_1_213' title='bbox 504 3698 665 3773; x_wconf 90' lang='lat' dir='ltr'><strong>bonitate</strong></span> <span class='ocrx_word' id='word_1_214' title='bbox 681 3695 799 3772; x_wconf 89' lang='lat' dir='ltr'><strong>dando</strong></span> <span class='ocrx_word' id='word_1_215' title='bbox 815 3697 969 3794; x_wconf 80' lang='lat' dir='ltr'><strong>gloriam</strong></span> <span class='ocrx_word' id='word_1_216' title='bbox 988 3696 1054 3770; x_wconf 90' lang='lat' dir='ltr'><strong>sibi</strong></span> <span class='ocrx_word' id='word_1_217' title='bbox 1071 3703 1109 3771; x_wconf 90' lang='lat' dir='ltr'><strong>et</strong></span> <span class='ocrx_word' id='word_1_218' title='bbox 1125 3716 1198 3771; x_wconf 92' lang='lat' dir='ltr'><strong>non</strong></span> <span class='ocrx_word' id='word_1_219' title='bbox 1215 3697 1311 3788; x_wconf 82' lang='lat' dir='ltr'><strong>Deo3</strong></span> <span class='ocrx_word' id='word_1_220' title='bbox 1328 3696 1376 3771; x_wconf 80' lang='lat' dir='ltr'><strong>(le</strong></span> <span class='ocrx_word' id='word_1_221' title='bbox 1389 3689 1442 3789; x_wconf 74' lang='lat'>(⁴⁰)</span> <span class='ocrx_word' id='word_1_222' title='bbox 1470 3699 1668 3773; x_wconf 78' lang='lat' dir='ltr'><strong>malefactis</strong></span> 
     </span>
     <span class='ocr_line' id='line_1_26' title="bbox 505 3815 1669 3912; baseline -0.002 -21"><span class='ocrx_word' id='word_1_223' title='bbox 505 3817 615 3891; x_wconf 89' lang='lat' dir='ltr'><strong>babet</strong></span> <span class='ocrx_word' id='word_1_224' title='bbox 639 3817 761 3891; x_wconf 91' lang='lat' dir='ltr'><strong>locum</strong></span> <span class='ocrx_word' id='word_1_225' title='bbox 787 3816 969 3910; x_wconf 84' lang='lat' dir='ltr'><strong>superbia,</strong></span> <span class='ocrx_word' id='word_1_226' title='bbox 995 3815 1142 3909; x_wconf 89' lang='lat' dir='ltr'><strong>quando</strong></span> <span class='ocrx_word' id='word_1_227' title='bbox 1167 3816 1248 3910; x_wconf 86' lang='lat' dir='ltr'><strong>quis</strong></span> <span class='ocrx_word' id='word_1_228' title='bbox 1277 3822 1495 3912; x_wconf 79' lang='lat' dir='ltr'><strong>arroganter</strong></span> <span class='ocrx_word' id='word_1_229' title='bbox 1522 3817 1669 3891; x_wconf 88' lang='lat' dir='ltr'><strong>ascribit</strong></span> 
     </span>
     <span class='ocr_line' id='line_1_27' title="bbox 502 3934 1670 4030; baseline 0.001 -22"><span class='ocrx_word' id='word_1_230' title='bbox 502 3937 569 4010; x_wconf 91' lang='lat' dir='ltr'><strong>sibi</strong></span> <span class='ocrx_word' id='word_1_231' title='bbox 593 3936 682 4010; x_wconf 91' lang='lat' dir='ltr'><strong>illud</strong></span> <span class='ocrx_word' id='word_1_232' title='bbox 705 3937 845 4010; x_wconf 90' lang='lat' dir='ltr'><strong>bonum</strong></span> <span class='ocrx_word' id='word_1_233' title='bbox 862 3934 961 4030; x_wconf 86' lang='lat' dir='ltr'><strong>quod</strong></span> <span class='ocrx_word' id='word_1_234' title='bbox 978 3949 1067 4011; x_wconf 84' lang='lat' dir='ltr'><strong>vere</strong></span> <span class='ocrx_word' id='word_1_235' title='bbox 1083 3954 1157 4009; x_wconf 90' lang='lat' dir='ltr'><strong>uon</strong></span> <span class='ocrx_word' id='word_1_236' title='bbox 1173 3943 1229 4010; x_wconf 92' lang='lat' dir='ltr'><strong>est</strong></span> <span class='ocrx_word' id='word_1_237' title='bbox 1245 3936 1282 4009; x_wconf 94' lang='lat' dir='ltr'><strong>in</strong></span> <span class='ocrx_word' id='word_1_238' title='bbox 1300 3955 1356 4010; x_wconf 90' lang='lat' dir='ltr'><strong>eo.</strong></span> <span class='ocrx_word' id='word_1_239' title='bbox 1374 3935 1541 4011; x_wconf 86' lang='lat' dir='ltr'><strong>Secunda</strong></span> <span class='ocrx_word' id='word_1_240' title='bbox 1558 3937 1670 4010; x_wconf 89' lang='lat' dir='ltr'><strong>turris</strong></span> 
     </span>
     <span class='ocr_line' id='line_1_28' title="bbox 503 4054 1669 4151; baseline -0.001 -23"><span class='ocrx_word' id='word_1_241' title='bbox 503 4062 558 4128; x_wconf 88' lang='lat' dir='ltr'><strong>est</strong></span> <span class='ocrx_word' id='word_1_242' title='bbox 582 4054 753 4149; x_wconf 90' lang='lat' dir='ltr'><strong>superbia</strong></span> <span class='ocrx_word' id='word_1_243' title='bbox 770 4054 964 4129; x_wconf 86' lang='lat' dir='ltr'><strong>intrinseca</strong></span> <span class='ocrx_word' id='word_1_244' title='bbox 980 4074 1065 4148; x_wconf 84' lang='lat' dir='ltr'><strong>quae</strong></span> <span class='ocrx_word' id='word_1_245' title='bbox 1080 4054 1264 4151; x_wconf 82' lang='lat' dir='ltr'><strong>detegitur</strong></span> <span class='ocrx_word' id='word_1_246' title='bbox 1280 4062 1318 4130; x_wconf 88' lang='lat' dir='ltr'><strong>et</strong></span> <span class='ocrx_word' id='word_1_247' title='bbox 1334 4054 1587 4130; x_wconf 87' lang='lat' dir='ltr'><strong>mamlestatur</strong></span> <span class='ocrx_word' id='word_1_248' title='bbox 1603 4075 1669 4150; x_wconf 92' lang='lat' dir='ltr'><strong>per</strong></span> 
     </span>
    </p>
   </div>
   <div class='ocr_carea' id='block_1_3' title="bbox 555 4303 1671 4976">
    <p class='ocr_par' dir='ltr' id='par_1_3' title="bbox 565 4303 857 4368">
     <span class='ocr_line' id='line_1_29' title="bbox 565 4303 857 4368; baseline 0.003 -14"><span class='ocrx_word' id='word_1_249' title='bbox 565 4305 592 4364; x_wconf 77' lang='lat'><strong>(¹)</strong></span> <span class='ocrx_word' id='word_1_250' title='bbox 608 4304 639 4354; x_wconf 81' lang='lat' dir='ltr'><strong>E.</strong></span> <span class='ocrx_word' id='word_1_251' title='bbox 657 4303 857 4368; x_wconf 66' lang='lat' dir='ltr'><strong>menumquam·</strong></span> 
     </span>
    </p>

    <p class='ocr_par' dir='ltr' id='par_1_4' title="bbox 564 4379 1210 4447">
     <span class='ocr_line' id='line_1_30' title="bbox 564 4379 1210 4447; baseline 0.002 -16"><span class='ocrx_word' id='word_1_252' title='bbox 564 4379 592 4443; x_wconf 85' lang='lat'><strong>(¹)</strong></span> <span class='ocrx_word' id='word_1_253' title='bbox 608 4381 639 4431; x_wconf 81' lang='lat' dir='ltr'><strong>E.</strong></span> <span class='ocrx_word' id='word_1_254' title='bbox 656 4380 774 4431; x_wconf 76' lang='lat' dir='ltr'><strong>civitatis.</strong></span> <span class='ocrx_word' id='word_1_255' title='bbox 789 4381 850 4431; x_wconf 74' lang='lat' dir='ltr'><strong>loeo</strong></span> <span class='ocrx_word' id='word_1_256' title='bbox 866 4379 941 4431; x_wconf 80' lang='lat' dir='ltr'><strong>dicit:</strong></span> <span class='ocrx_word' id='word_1_257' title='bbox 958 4387 1030 4431; x_wconf 80' lang='lat' dir='ltr'><strong>tmtto</strong></span> <span class='ocrx_word' id='word_1_258' title='bbox 1045 4383 1089 4432; x_wconf 79' lang='lat' dir='ltr'><strong>cite</strong></span> <span class='ocrx_word' id='word_1_259' title='bbox 1104 4397 1121 4432; x_wconf 84' lang='lat' dir='ltr'><strong>o</strong></span> <span class='ocrx_word' id='word_1_260' title='bbox 1134 4396 1210 4447; x_wconf 71' lang='grc' dir='ltr'><strong>μω.</strong></span> 
     </span>
    </p>

    <p class='ocr_par' dir='ltr' id='par_1_5' title="bbox 565 4450 1145 4519">
     <span class='ocr_line' id='line_1_31' title="bbox 565 4450 1145 4519; baseline 0.005 -15"><span class='ocrx_word' id='word_1_261' title='bbox 565 4458 592 4516; x_wconf 85' lang='grc'><strong>(·)</strong></span> <span class='ocrx_word' id='word_1_262' title='bbox 610 4458 664 4517; x_wconf 79' lang='lat' dir='ltr'><strong>lit,</strong></span> <span class='ocrx_word' id='word_1_263' title='bbox 679 4455 740 4519; x_wconf 85' lang='lat' dir='ltr'><strong>quia</strong></span> <span class='ocrx_word' id='word_1_264' title='bbox 757 4468 859 4519; x_wconf 82' lang='lat' dir='ltr'><strong>semper</strong></span> <span class='ocrx_word' id='word_1_265' title='bbox 875 4456 956 4506; x_wconf 82' lang='lat' dir='ltr'><strong>tandit</strong></span> <span class='ocrx_word' id='word_1_266' title='bbox 971 4456 1003 4506; x_wconf 79' lang='lat' dir='ltr'><strong>ad</strong></span> <span class='ocrx_word' id='word_1_267' title='bbox 1020 4456 1112 4507; x_wconf 80' lang='lat' dir='ltr'><strong>altum.</strong></span> <span class='ocrx_word' id='word_1_268' title='bbox 1144 4450 1145 4454; x_wconf 67' lang='grc'>’</span> 
     </span>
    </p>

    <p class='ocr_par' dir='ltr' id='par_1_6' title="bbox 566 4532 909 4596">
     <span class='ocr_line' id='line_1_32' title="bbox 566 4532 909 4596; baseline 0.003 -14"><span class='ocrx_word' id='word_1_269' title='bbox 566 4533 592 4592; x_wconf 76' lang='lat'><strong>(¹)</strong></span> <span class='ocrx_word' id='word_1_270' title='bbox 609 4536 654 4582; x_wconf 77' lang='lat' dir='ltr'><strong>llo</strong></span> <span class='ocrx_word' id='word_1_271' title='bbox 669 4545 685 4583; x_wconf 84' lang='lat' dir='ltr'><strong>e</strong></span> <span class='ocrx_word' id='word_1_272' title='bbox 702 4532 733 4582; x_wconf 78' lang='lat' dir='ltr'><strong>lt.</strong></span> <span class='ocrx_word' id='word_1_273' title='bbox 749 4546 808 4596; x_wconf 67' lang='lat' dir='ltr'><strong>qna</strong></span> <span class='ocrx_word' id='word_1_274' title='bbox 824 4537 909 4584; x_wconf 79' lang='lat' dir='ltr'><strong>autor.</strong></span> 
     </span>
    </p>

    <p class='ocr_par' dir='ltr' id='par_1_7' title="bbox 563 4606 1671 4825">
     <span class='ocr_line' id='line_1_33' title="bbox 563 4606 1671 4680; baseline -0.002 -21"><span class='ocrx_word' id='word_1_275' title='bbox 563 4609 591 4671; x_wconf 70' lang='grc' dir='ltr'><strong>ι’)</strong></span> <span class='ocrx_word' id='word_1_276' title='bbox 608 4606 1597 4680; x_wconf 59' lang='lat' dir='ltr'><strong>sicanmetmmensnumquoanpoeumarmrmatonm</strong></span> <span class='ocrx_word' id='word_1_277' title='bbox 1609 4608 1671 4658; x_wconf 82' lang='lat' dir='ltr'><strong>uno.</strong></span> 
     </span>
     <span class='ocr_line' id='line_1_34' title="bbox 564 4683 1472 4750; baseline 0.006 -16"><span class='ocrx_word' id='word_1_278' title='bbox 564 4683 590 4744; x_wconf 64' lang='grc' dir='ltr'><strong>ι’)</strong></span> <span class='ocrx_word' id='word_1_279' title='bbox 606 4685 637 4735; x_wconf 76' lang='lat' dir='ltr'><strong>lt</strong></span> <span class='ocrx_word' id='word_1_280' title='bbox 653 4684 686 4735; x_wconf 75' lang='lat' dir='ltr'><strong>tle</strong></span> <span class='ocrx_word' id='word_1_281' title='bbox 702 4683 861 4736; x_wconf 68' lang='lat' dir='ltr'><strong>Alexandro.</strong></span> <span class='ocrx_word' id='word_1_282' title='bbox 1096 4688 1123 4750; x_wconf 67' lang='lat'><strong>(¹)</strong></span> <span class='ocrx_word' id='word_1_283' title='bbox 1139 4688 1165 4741; x_wconf 87' lang='lat' dir='ltr'><strong>S.</strong></span> <span class='ocrx_word' id='word_1_284' title='bbox 1180 4702 1197 4740; x_wconf 86' lang='lat' dir='ltr'><strong>c</strong></span> <span class='ocrx_word' id='word_1_285' title='bbox 1212 4690 1243 4740; x_wconf 82' lang='lat' dir='ltr'><strong>u.</strong></span> <span class='ocrx_word' id='word_1_286' title='bbox 1259 4693 1285 4741; x_wconf 82' lang='lat' dir='ltr'><strong>ot</strong></span> <span class='ocrx_word' id='word_1_287' title='bbox 1303 4689 1360 4741; x_wconf 75' lang='lat' dir='ltr'><strong>allia</strong></span> <span class='ocrx_word' id='word_1_288' title='bbox 1374 4688 1472 4740; x_wconf 74' lang='lat' dir='ltr'><strong>uultis.</strong></span> 
     </span>
     <span class='ocr_line' id='line_1_35' title="bbox 564 4757 1484 4825; baseline 0.005 -15"><span class='ocrx_word' id='word_1_289' title='bbox 564 4757 1484 4825; x_wconf 67' lang='lat' dir='ltr'><strong>ctumoenonell&#39;ssmtapamlaoutuntnllnwtmurht</strong></span> 
     </span>
    </p>

    <p class='ocr_par' dir='ltr' id='par_1_8' title="bbox 565 4832 1446 4900">
     <span class='ocr_line' id='line_1_36' title="bbox 565 4832 1446 4900; baseline 0.012 -19"><span class='ocrx_word' id='word_1_290' title='bbox 565 4833 664 4894; x_wconf 66' lang='lat' dir='ltr'><strong>(tltlt.</strong></span> <span class='ocrx_word' id='word_1_291' title='bbox 684 4832 1446 4900; x_wconf 70' lang='lat' dir='ltr'><strong>lsastnnonumeruetmperbumtnmlutactls</strong></span> 
     </span>
    </p>

    <p class='ocr_par' dir='ltr' id='par_1_9' title="bbox 555 4907 1199 4976">
     <span class='ocr_line' id='line_1_37' title="bbox 555 4907 1199 4976; baseline 0.009 -18"><span class='ocrx_word' id='word_1_292' title='bbox 555 4908 591 4970; x_wconf 75' lang='lat'><strong>(¹⁹)</strong></span> <span class='ocrx_word' id='word_1_293' title='bbox 608 4908 633 4959; x_wconf 85' lang='lat' dir='ltr'><strong>S.</strong></span> <span class='ocrx_word' id='word_1_294' title='bbox 650 4909 677 4959; x_wconf 91' lang='lat' dir='ltr'><strong>ln</strong></span> <span class='ocrx_word' id='word_1_295' title='bbox 692 4907 843 4960; x_wconf 72' lang='lat' dir='ltr'><strong>malefactis.</strong></span> <span class='ocrx_word' id='word_1_296' title='bbox 853 4937 881 4947; x_wconf 94' lang='lat'><em>-</em></span> <span class='ocrx_word' id='word_1_297' title='bbox 894 4915 949 4976; x_wconf 63' lang='lat' dir='ltr'><strong>llo,</strong></span> <span class='ocrx_word' id='word_1_298' title='bbox 963 4915 993 4963; x_wconf 83' lang='lat' dir='ltr'><strong>ct</strong></span> <span class='ocrx_word' id='word_1_299' title='bbox 1007 4911 1035 4962; x_wconf 80' lang='lat' dir='ltr'><strong>lu</strong></span> <span class='ocrx_word' id='word_1_300' title='bbox 1049 4913 1199 4964; x_wconf 71' lang='lat' dir='ltr'><strong>malefactis.</strong></span> 
     </span>
    </p>
   </div>
   <div class='ocr_carea' id='block_1_4' title="bbox 0 0 2094 6546">
    <p class='ocr_par' dir='ltr' id='par_1_10' title="bbox 0 0 2094 6546">
     <span class='ocr_line' id='line_1_38' title="bbox 0 0 2094 6546; baseline 0 0"><span class='ocrx_word' id='word_1_301' title='bbox 0 0 2094 6546; x_wconf 95' lang='lat' dir='ltr'><strong> </strong></span> 
     </span>
    </p>
   </div>
  </div>
 </body>
</html>
