4154 6546
733 813 874 869 CANTUS
898 811 1091 869 SECUNDUS·
1426 804 1494 870 101

322 975 470 1050 vocure,
503 955 684 1051 dispersos
715 958 899 1055 colligere,
932 957 1135 1053 pertinaces
1168 956 1327 1052 flectcre,
1361 966 1400 1034 et
1426 960 1497 1036 uliu¹

322 1075 501 1151 mirohilia
526 1075 661 1170 lucere,
687 1076 734 1152 de
759 1077 892 1172 quihus
917 1077 1060 1152 dicetur
1083 1076 1178 1150 inira
1203 1076 1361 1172 capitulo
1387 1099 1497 1175 nono,

320 1201 359 1271 et
381 1194 467 1269 nlihi
491 1214 589 1290 sepe.
607 1196 652 1269 Et
676 1196 871 1272 benedicit
889 1199 1044 1287 tonso,
1061 1194 1152 1269 idest
1168 1196 1389 1291 honorabili3
1409 1218 1494 1272 nam

319 1317 516 1391 honestum
541 1315 674 1389 dicitur
698 1316 747 1390 ah
771 1317 924 1410 honore,
947 1322 990 1388 ut
1014 1334 1111 1410 saepe
1127 1315 1222 1410 cupit
1246 1315 1494 1411 Philosophus.

318 1434 422 1510 Unde
445 1434 554 1509 dicit:
579 1437 633 1506 cl’
643 1454 759 1507 cnoro
783 1441 827 1526 te,
853 1435 945 1509 idest
976 1433 1075 1527 qnod
1107 1433 1294 1527 eloquium
1326 1442 1495 1531 tunm,o

321 1552 460 1649 virgili,
484 1572 600 1625 cnoro
624 1559 668 1645 te,
693 1574 713 1626 e
736 1556 815 1647 quei
837 1555 989 1627 ch'udito
1014 1555 1180 1644 linono,
1205 1551 1297 1626 idest
1320 1559 1358 1628 et
1382 1554 1494 1629 etiam

319 1673 401 1747 illos
425 1672 489 1768 qni
518 1672 715 1748 audierunt
739 1692 825 1747 curn
856 1672 1053 1764 intellectu,
1084 1672 1178 1746 sicut
1203 1671 1358 1746 Statium
1390 1679 1494 1748 etto

320 1794 485 1868 llnntern.
512 1795 649 1867 Poscis.
675 1792 741 1866 llic
764 1791 934 1888 Virgilius
960 1792 1129 1866 describit
1145 1797 1269 1866 netum
1295 1792 1494 1887 compassi-

320 1932 409 1985 vum
434 1910 544 2006 ipsius
569 1911 757 2005 Bentricis
782 1917 820 1985 et
844 1917 949 1985 actus
973 1910 1172 1986 effectuum
1199 1911 1343 1985 dicens:
1370 1917 1408 1986 et
1431 1910 1492 1984 illa

318 2030 477 2126 Bcetrix,
494 2034 589 2105 volte
603 2034 656 2123 pli
670 2033 765 2104 ccclii
781 2034 916 2122 heom,
930 2030 993 2124 (pri
1011 2031 1134 2104 lucent
1149 2029 1229 2124 plus
1246 2050 1358 2123 quum
1376 2030 1491 2125 stella,

317 2155 359 2224 nt
383 2148 523 2225 dictum
548 2155 604 2225 est
628 2170 750 2244 supra.
773 2151 817 2223 Et
834 2149 931 2242 dicit,
951 2151 1189 2239 loprimoudo,
1206 2154 1244 2223 et
1269 2154 1322 2223 est
1347 2149 1490 2223 cautela

316 2269 570 2364 persuadendi,
595 2276 634 2344 et
657 2268 829 2343 movendi
853 2268 1019 2341 aurnum
1031 2260 1067 2359 (¹)
1086 2267 1262 2341 auditoris
1282 2267 1328 2341 nd
1349 2267 1492 2342 miscri-

316 2388 503 2483 cordiam3
528 2394 566 2463 et
589 2408 658 2484 per
681 2388 753 2462 hoe
777 2387 885 2462 tacite
909 2387 1028 2460 innuit
1051 2387 1151 2481 quod
1179 2408 1285 2461 sacra
1309 2388 1489 2482 scriptura

314 2508 500 2609 potissime
519 2513 675 2582 conetur
699 2507 737 2579 in
762 2506 969 2580 revocando
986 2511 1152 2581 errantes
1169 2506 1215 2579 ad
1233 2506 1331 2580 viam
1349 2513 1489 2581 rectum
1549 2561 1556 2573 .

315 2628 470 2722 virtutis,
486 2627 569 2702 ideo
586 2627 682 2702 hone
697 2625 800 2722 fingit
811 2617 847 2716 (²)
867 2626 981 2720 ipsam
998 2626 1046 2699 ite
1065 2625 1348 2701 misericorditer
1362 2648 1486 2724 egere.

317 2750 441 2822 Porcio
457 2749 518 2820 che
531 2749 579 2820 m'
591 2748 671 2819 eche
685 2748 876 2837 rogiorcoto
891 2753 1022 2842 questu
1039 2752 1076 2820 ct
1093 2764 1179 2820 cccc
1196 2745 1369 2820 effectum
1386 2767 1489 2822 com-

315 2867 490 2962 passionis
514 2872 552 2942 ct
576 2865 835 2941 lacrimationis
860 2886 946 2939 curn
976 2866 1083 2940 dicit:
1109 2858 1240 2958 percle*
1259 2870 1309 2939 mi
1329 2870 1404 2960 seeo
1430 2870 1488 2940 del

314 2988 413 3059 cord
434 2981 496 3078 pel
514 2993 645 3080 presto.
672 2984 775 3060 Unde
799 2985 942 3058 suhdit:
968 3007 987 3057 e
1011 2988 1114 3058 ocuti
1137 3006 1162 3056 o
1187 2977 1309 3058 tecosl
1324 2989 1487 3059 corn'ello

315 3105 654 3197 congruendum
679 3104 738 3178 illa
762 3104 909 3179 Bcetrix
934 3104 1119 3178 mandavit
1153 3104 1254 3197 mihi,
1280 3109 1317 3178 et
1345 3108 1488 3178 duranci

313 3246 338 3298 o
363 3226 479 3316 mello
498 3226 588 3316 lietu
613 3230 644 3296 te
669 3225 771 3314 uoci,
792 3223 884 3297 idest
908 3222 1049 3297 removi
1074 3227 1112 3295 et
1130 3221 1281 3296 liberari
1298 3229 1335 3296 te
1354 3242 1377 3295 s
1393 3222 1486 3298 facie

312 3342 407 3417 illius
430 3342 597 3438 pessimo
620 3342 729 3438 lupre,
755 3362 840 3435 quae
863 3341 987 3416 omnia
1012 3345 1128 3415 vorat.
1159 3342 1204 3414 Et
1232 3340 1339 3415 dicit:
1372 3344 1431 3413 ele
1461 3345 1488 3414 c·

312 3465 397 3536 tolse
418 3465 447 3536 il
468 3469 566 3535 corto
591 3464 752 3553 audnr05
768 3462 838 3535 hoc
862 3462 947 3535 dicit
973 3461 1061 3554 quia
1080 3481 1212 3555 parum
1233 3466 1343 3535 autor
1365 3461 1484 3535 iverat

310 3601 378 3678 per
400 3586 578 3676 montom,
599 3601 685 3655 narn
712 3586 794 3654 erut
818 3600 937 3674 nuper
962 3581 999 3653 in
1024 3600 1178 3654 amemur
1198 3579 1345 3673 quaudo
1364 3579 1486 3678 Virgi-

310 3702 379 3775 lius
403 3700 566 3775 occurrit
591 3698 682 3791 sihi3
707 3701 765 3772 del
787 3698 842 3770 bel
864 3706 991 3791 ntorue,
1016 3700 1151 3774 scilicet
1183 3699 1316 3773 montis
1341 3699 1485 3772 vinutis

309 3819 480 3895 luminosi
505 3825 544 3894 et
571 3818 754 3912 delectosi,
787 3825 829 3891 ut
857 3819 975 3913 putuit
1003 3819 1039 3891 in
1072 3817 1281 3914 precedenti
1315 3819 1483 3912 capitulo.

311 3938 429 4034 hhqui
453 3946 580 4013 tamen
605 3938 730 4013 dicunt
754 3939 855 4033 quod
878 3938 975 4032 dicit,
995 3941 1024 4010 il
1046 3945 1143 4011 corto
1164 3941 1295 4029 omo,
1312 3939 1399 4031 quie
1424 3938 1484 4014 vin

310 4058 490 4133 virtutum
507 4064 562 4134 est
578 4058 757 4154 expedita,
775 4059 955 4134 viciorum
973 4076 1063 4132 vero
1079 4056 1264 4150 intricatn3
1284 4056 1348 4131 sed
1364 4057 1483 4152 primu

311 4177 485 4274 expositio
510 4184 565 4253 est
588 4179 731 4273 melior,
756 4199 843 4252 nem
869 4178 928 4252 vin
953 4176 1132 4251 virtutum
1165 4196 1239 4249 non
1269 4182 1325 4251 est
1349 4176 1482 4270 brevis,

310 4296 386 4371 imo
409 4298 531 4396 longa,
555 4304 594 4373 ct
617 4298 729 4372 hahet
753 4318 898 4393 semper
922 4316 1058 4392 magna
1074 4294 1269 4387 contrariu,
1286 4299 1327 4367 ut
1344 4294 1481 4368 dictum

310 4423 367 4492 est
385 4417 465 4513 jnnr
489 4419 585 4493 satis.
615 4424 773 4511 hocque
804 4418 870 4492 llic
901 4415 1069 4512 Virgilius
1099 4413 1318 4489 concludens
1346 4413 1484 4488 inducit

309 4544 478 4612 autorem
503 4558 570 4633 pcr
594 4557 723 4612 cauus
748 4537 938 4631 predictas
955 4534 1062 4609 utiles
1083 4540 1120 4609 et
1140 4535 1310 4608 honestas
1326 4531 1373 4606 ed
1397 4552 1485 4627 pro-

369 4840 400 4902 (¹)
415 4841 446 4890 ll.
462 4842 577 4892 rnhnum
593 4844 715 4894 rncwrls.

368 4914 445 4977 (Ὴί.
460 4916 542 4980 tuph
558 4917 650 4982 lpum,
665 4918 701 4969 ltu
717 4917 787 4981 quod
801 4917 1005 4968 misericorditer
1021 4922 1117 4981 cgeret.
