4154 6546
865 797 1004 853 CANTUS
1028 795 1198 851 oenlvus.
1545 790 1614 856 289

448 941 662 1016 Valerianus
678 948 802 1016 autem
821 942 1020 1037 imperator
1035 933 1071 1034 (¹)
1091 941 1281 1016 consenuit
1298 941 1335 1013 in
1352 961 1502 1018 carcere
1520 946 1618 1041 regis

450 1065 646 1137 Persarum
671 1082 758 1136 cum
775 1061 845 1135 hac
862 1062 1102 1157 ignominiosa
1119 1068 1294 1156 perpetua
1312 1063 1499 1157 servitute,
1520 1063 1618 1158 quod

448 1203 595 1277 semper
620 1201 748 1277 regem
764 1200 1005 1256 ascensurum
1024 1201 1164 1274 equum
1181 1180 1396 1255 sublevabat
1412 1188 1517 1278 tergo
1538 1205 1617 1279 suo,

446 1300 541 1375 sicut
566 1300 691 1373 scribit
714 1299 831 1372 AElius
855 1300 1072 1393 spartianus,
1099 1300 1180 1374 licet
1204 1320 1276 1373 non
1295 1308 1461 1394 oporteat
1478 1302 1532 1378 ire
1552 1324 1619 1397 per

449 1420 618 1513 exempla
631 1423 813 1512 veterum,
827 1417 913 1512 quia
927 1418 1087 1511 quotidie
1104 1418 1283 1491 habemus
1300 1421 1468 1514 exempla
1486 1441 1562 1514 prae
1578 1414 1614 1513 (²)

448 1538 585 1630 oculos
603 1542 641 1611 et
662 1537 743 1610 ideo
768 1537 862 1611 bene
887 1535 991 1609 dicit:
1009 1539 1047 1609 di
1061 1558 1098 1608 se
1115 1539 1282 1609 lassando
1299 1539 1436 1611 ombus·
1450 1541 1617 1631 nomem,

449 1656 536 1748 quia
562 1655 765 1730 redduntur
790 1655 1076 1750 contemptibiles
1101 1656 1198 1751 apud
1225 1663 1476 1730 omnes—Et
1490 1661 1535 1730 io.
1554 1659 1617 1732 llic

446 1781 558 1849 autor
583 1774 739 1850 ostendit
763 1772 860 1868 quod
876 1765 912 1866 (³)
941 1795 1014 1848 non
1039 1781 1230 1851 contentus
1255 1775 1317 1848 tali
1337 1775 1620 1869 exprobratione

449 1895 650 1969 verborum
677 1894 855 1988 optaverit
881 1893 947 1967 sibi
973 1893 1098 1968 videre
1123 1892 1215 1967 lacta
1235 1894 1372 1988 peiora,
1393 1896 1491 1970 unde
1509 1896 1617 1970 dicit:

447 2022 481 2086 ct
503 2017 551 2104 io,
577 2014 705 2108 supple
729 2013 803 2087 dixi
827 2013 999 2108 Virgilio:
1027 2034 1048 2085 o
1074 2018 1242 2104 Monstro,
1267 2017 1372 2087 occlto
1401 2020 1502 2089 sorio
1529 2022 1620 2106 copo

451 2136 654 2208 di'ocderlo
678 2138 825 2226 otoffor,
849 2133 941 2206 idest
965 2133 1165 2228 submergi,
1182 2136 1220 2205 io
1236 2141 1356 2224 questo
1376 2136 1503 2228 brodo,
1529 2137 1619 2211 idest

452 2254 621 2349 paludem
648 2253 823 2348 pinguem
849 2259 997 2327 unctam
1023 2251 1070 2326 ad
1097 2251 1248 2326 modum
1274 2254 1391 2348 brodi,
1410 2258 1532 2348 primo
1561 2259 1620 2328 cle

452 2376 513 2447 noi
544 2375 721 2446 usca'ssimo
751 2374 810 2444 del
838 2374 933 2462 lopo,
972 2370 1107 2445 scilicet
1137 2370 1184 2446 de
1216 2371 1327 2468 Styge
1358 2373 1425 2447 ista
1457 2375 1618 2448 marcida

450 2495 592 2584 lacuna,
609 2491 668 2564 vel
683 2477 719 2581 (⁸)
740 2489 905 2582 sequitur
929 2497 1039 2564 autor
1064 2490 1269 2563 humanum
1286 2492 1485 2585 appetitum
1512 2493 1615 2587 quasi

449 2612 561 2686 dicat:
587 2611 680 2684 sicut
696 2600 731 2701 (⁶)
759 2607 1009 2682 delectabatur
1033 2607 1245 2682 distraciare
1262 2615 1299 2683 et
1319 2610 1496 2685 ludificari
1516 2612 1616 2705 alios,

448 2732 497 2806 ita
523 2732 655 2806 vellem
681 2735 880 2822 antequam
907 2727 1077 2802 recedam
1107 2727 1191 2801 hinc
1220 2728 1299 2802 lieri
1332 2729 1552 2805 destracium
1580 2737 1617 2804 et

449 2850 647 2925 ludibrium
664 2848 710 2923 de
727 2868 783 2922 eo.
801 2848 845 2920 Et
865 2847 985 2921 subdit
1007 2847 1278 2942 responsionem
1298 2849 1434 2945 Virgilii
1452 2851 1515 2945 qui
1532 2851 1616 2925 dicit

448 2969 547 3063 qnod
572 2978 681 3044 autor
706 2966 840 3042 videbit
864 2966 964 3060 quod
995 2977 1096 3062 opmt
1125 2978 1323 3061 antequam
1353 2970 1542 3064 perveniat
1569 2971 1614 3043 ad

449 3089 562 3163 finem
588 3087 724 3181 circuli,
753 3084 849 3160 unde
870 3083 978 3162 dicit:
1004 3094 1037 3159 et
1061 3089 1128 3178 epti
1151 3108 1175 3159 α
1200 3108 1289 3159 ntes·
1302 3090 1429 3182 supple
1446 3089 1616 3186 Virgilius

452 3207 657 3303 respondit:
685 3214 720 3280 to
744 3210 840 3279 serat
863 3209 964 3280 sozio
980 3207 1018 3280 di
1034 3210 1086 3280 tol
1098 3209 1188 3279 demo
1208 3228 1372 3279 ecooocn
1392 3210 1452 3280 ebe
1469 3212 1618 3300 cipedo,

452 3328 554 3423 quasi
580 3327 687 3419 dicat,
713 3325 786 3401 eris
803 3337 906 3403 satur
923 3335 961 3402 et
976 3327 1081 3402 laetus
1098 3325 1158 3401 tali
1176 3324 1331 3402 vindicta
1348 3348 1461 3421 quam
1482 3329 1619 3423 appetis

450 3459 525 3524 tam
551 3445 668 3540 avide,
694 3449 816 3519 aconti
838 3448 898 3518 clo
922 3447 959 3518 la
978 3447 1113 3536 prodo,
1145 3444 1236 3520 idest
1265 3455 1464 3540 antequam
1497 3457 1620 3524 entre-

450 3568 555 3643 mitns
581 3566 679 3660 ripae,
705 3569 732 3638 ti
753 3567 786 3637 si
809 3567 895 3638 lassi
917 3567 1052 3654 vedere,
1079 3563 1184 3656 quasi
1200 3563 1317 3640 dicat:
1335 3576 1534 3662 antequam
1553 3589 1618 3663 ap-

448 3687 557 3782 plices
581 3685 628 3759 ad
652 3684 769 3778 ripam
795 3684 949 3761 civitatis
975 3684 1038 3758 ubi
1063 3683 1178 3757 exibis
1203 3681 1249 3757 de
1275 3685 1375 3778 navi3
1402 3696 1438 3762 et
1463 3688 1513 3761 sic
1538 3688 1619 3760 vide

449 3804 548 3900 quod
572 3804 693 3878 adbuc
718 3813 823 3878 erant
840 3813 915 3879 tam
931 3792 968 3894 (θ)
995 3823 1017 3877 a
1043 3802 1152 3898 longe
1171 3802 1269 3895 quod
1288 3824 1361 3877 non
1378 3813 1547 3898 poterant
1563 3804 1618 3878 vi-

449 3926 537 4000 dere
561 3925 730 3999 ultimam
757 3922 885 4017 ripam.
911 3923 956 3998 Et
980 3922 1038 3996 hic
1059 3933 1143 3998 nota
1162 3922 1260 4015 quod
1277 3923 1373 3999 istud
1394 3923 1491 4016 quod
1509 3935 1618 4000 autor

451 4046 508 4119 hic
535 4045 647 4140 lingit,
673 4041 868 4136 aliquando
883 4039 1012 4117 accidit
1037 4041 1083 4115 de
1107 4041 1202 4117 lacto
1218 4041 1254 4114 in
1274 4039 1411 4116 mundo
1434 4043 1513 4139 isto,
1532 4044 1617 4138 quia

449 4162 534 4239 dicit
545 4162 742 4256 aliquando
754 4162 811 4234 vir
823 4161 965 4257 sapiens
979 4159 1104 4235 videns
1117 4161 1302 4235 rabiosam
1316 4161 1490 4235 binariam
1507 4163 1617 4236 unius

448 4283 615 4377 superbi:
643 4283 709 4358 iste
726 4283 836 4358 ducet
852 4280 972 4356 adbuc
996 4280 1168 4354 miseram
1196 4281 1327 4375 vitam3
1352 4280 1447 4356 diret
1462 4271 1498 4372 U)
1525 4282 1618 4356 alius

449 4424 520 4500 ego
544 4405 676 4478 vellem
702 4402 828 4478 videre
844 4401 939 4492 cito;
961 4398 1154 4494 respondet
1169 4388 1205 4490 (⁸)
1224 4400 1389 4493 sapiens:
1408 4398 1504 4474 istud
1522 4400 1616 4474 lorte

509 4604 536 4664 (¹)
553 4606 606 4662 tro,
622 4602 765 4666 imperator
780 4613 912 4652 mmanus.
1170 4594 1196 4656 t')
1213 4599 1260 4646 trs
1276 4608 1291 4645 e
1307 4597 1337 4647 ll.
1355 4610 1409 4660 prm
1425 4597 1517 4648 oculls.

509 4679 535 4742 (⁸)
552 4680 583 4730 E.
598 4680 669 4744 qnod
681 4680 713 4730 ad
724 4682 903 4741 contemptum
912 4675 956 4726 tall
969 4671 1168 4737 exprobratione
1178 4671 1317 4723 verborum
1327 4673 1443 4735 oportuit
1458 4673 1506 4724 sibl
1520 4674 1617 4725 ridere.

509 4756 537 4817 (¹)
554 4760 600 4808 lto
615 4770 631 4807 e
647 4757 678 4806 R
693 4757 795 4807 lacuna.
812 4755 846 4806 llt
861 4754 985 4819 munitur.
1168 4747 1195 4810 (¹)
1212 4752 1266 4810 tlt,
1282 4750 1350 4801 slent
1365 4750 1411 4801 llla
1426 4751 1539 4815 splrltus.

509 4828 537 4893 (¹)
552 4832 578 4882 S.
594 4846 610 4883 a
626 4833 657 4882 ll.
674 4839 727 4883 tun
743 4831 829 4896 longe.

507 4904 535 4970 Ὀ)
552 4911 605 4968 lto,
621 4909 684 4960 diclt
698 4909 772 4960 ullus.
790 4936 818 4945 -
834 4907 866 4959 E.
882 4907 951 4958 dicet
967 4904 1065 4970 aliquis
1164 4900 1191 4966 (⁸)
1208 4905 1262 4964 ua,
1279 4903 1418 4968 respondit

580 5017 599 5060 1.
1459 5014 1485 5056 lo
