4154 6546
462 782 531 847 416
857 793 1059 852 COMENTUM
1084 797 1236 852 llll'EltNl

460 939 618 1033 Viterbii,
653 942 712 1014 ubi
749 948 836 1015 tunc
873 943 1028 1017 vacabat
1059 943 1170 1017 Sedes
1200 944 1352 1038 papalis,
1385 945 1630 1037 olfacerem,

459 1060 558 1151 quod
583 1061 801 1155 cardinales,
823 1064 886 1156 qui
910 1071 1015 1138 erant
1032 1064 1068 1137 in
1086 1064 1274 1159 discordia,
1293 1064 1469 1159 eligerent
1489 1086 1629 1139 novum

457 1179 604 1274 Papam.
623 1182 724 1255 Tunc
749 1189 999 1277 perpetratum
1026 1184 1094 1257 luit
1119 1184 1226 1256 nimis
1250 1191 1356 1257 atrox
1383 1183 1533 1278 lacinus,
1557 1184 1629 1258 sub

459 1300 621 1374 custodia
660 1303 757 1395 regis
795 1304 938 1396 Caroli3
977 1324 1062 1377 nam
1099 1325 1185 1378 cum
1221 1303 1399 1377 Henricus
1432 1304 1628 1398 praedictus

459 1428 553 1495 esset
578 1422 614 1494 in
642 1445 714 1496 una
747 1424 897 1497 ecclesia
924 1424 1084 1518 viterbii,
1111 1425 1199 1497 dum
1214 1417 1251 1516 (¹)
1278 1425 1464 1498 levaretur
1495 1445 1629 1518 corpus

457 1542 611 1636 Domini,
638 1544 755 1618 Guitlo
787 1565 911 1618 comes
936 1545 1178 1639 Montislortis,
1204 1552 1292 1618 tunc
1321 1545 1481 1618 vicarius
1509 1546 1627 1620 Caroli

458 1662 493 1733 in
520 1663 660 1758 Tuscia,
688 1686 800 1738 manu
828 1666 972 1759 propria
999 1688 1084 1739 cum
1112 1685 1291 1739 mucrone
1311 1665 1422 1759 impie
1448 1667 1627 1740 transfixit

456 1783 653 1857 Henricum
678 1786 904 1879 praedictum,
922 1793 960 1860 et
977 1787 1141 1860 munitus
1158 1794 1268 1883 gente
1285 1786 1441 1879 pedestri
1458 1793 1496 1860 et
1511 1807 1627 1881 eque-

456 1903 531 1995 stri,
558 1903 640 1977 lecit
665 1905 777 1998 peius.
805 1907 897 1979 Nam
923 1907 1012 1980 dum
1037 1929 1131 1980 unus
1154 1929 1199 1981 ex
1219 1907 1391 1980 militibus
1415 1906 1490 1980 suis
1516 1907 1625 2002 petis-

455 2029 532 2095 set:
563 2027 653 2111 Ouid
674 2028 813 2118 fecisti?
845 2027 921 2120 ipse
953 2029 1155 2121 respondit:
1183 2031 1261 2099 Feri
1284 2048 1398 2099 meum
1422 2030 1620 2100 nuceum.

455 2143 498 2213 Et
528 2142 588 2215 illo
623 2144 735 2219 milite
769 2146 986 2240 replicante:
1018 2151 1196 2236 Quomodo
1218 2150 1344 2240 secbtis
1371 2155 1523 2220 oestrum
1549 2149 1625 2219 oin-

457 2267 596 2355 dictum,
614 2287 690 2337 curn
704 2275 807 2357 puter
832 2275 941 2340 aester·
958 2271 1066 2361 suerit
1089 2276 1219 2341 tructus
1232 2259 1294 2357 Pl?
1312 2267 1491 2340 Continuo
1508 2265 1627 2339 Guido

457 2405 628 2457 reversus
660 2386 697 2457 in
723 2387 926 2480 ecclesiam,
953 2388 1046 2482 cepit
1075 2388 1212 2461 dictum
1243 2387 1441 2461 Henricum
1472 2406 1538 2481 per
1562 2406 1627 2460 ca-

456 2504 569 2597 pillos,
596 2512 633 2577 et
660 2507 813 2599 turpiter
840 2507 949 2580 traxit
974 2529 1092 2600 usque
1112 2514 1216 2581 extra
1239 2508 1447 2600 ecclesiam3
1470 2513 1508 2580 et
1524 2527 1628 2580 com·

460 2625 571 2697 misso
595 2635 668 2700 tam
688 2627 871 2699 horrendo
888 2628 1077 2722 sacrilegio
1095 2635 1131 2702 et
1148 2628 1351 2722 homicidio,
1369 2628 1484 2702 evasit
1503 2646 1627 2721 sospes

458 2744 495 2816 in
520 2743 736 2817 Maritimam
763 2745 799 2817 in
826 2747 931 2820 terris
954 2747 1095 2820 comitis
1120 2749 1225 2820 Russi
1251 2748 1368 2821 soceri
1394 2747 1460 2821 sui.
1482 2747 1534 2819 Ex
1557 2748 1627 2821 boc

455 2863 550 2936 lacto
576 2870 649 2937 tota
675 2864 784 2937 Curia
811 2865 878 2937 luit
904 2867 1009 2940 valde
1034 2868 1198 2941 turbata:
1221 2868 1437 2941 infamantes
1462 2873 1500 2941 et
1525 2866 1622 2941 vitu·

452 2989 621 3078 perantes
647 2985 830 3079 Carolum‚
856 2987 1061 3081 arguebant
1090 2986 1159 3060 sic:
1191 2988 1220 3061 si
1253 2987 1405 3060 Carolus
1438 2985 1504 3058 luit
1532 3005 1621 3060 con-

451 3105 547 3179 scius
580 3105 673 3200 lacti,
704 3107 925 3200 nequissime
957 3107 1059 3200 lecit3
1091 3116 1128 3181 et
1159 3108 1187 3180 si
1217 3108 1407 3203 ignoravit,
1442 3128 1509 3180 cur
1543 3112 1618 3179 tam

450 3226 719 3300 abhominabile
750 3228 868 3300 scelus
903 3228 1035 3299 dimisit
1072 3228 1320 3322 impunitum?
1346 3229 1486 3321 Corpus
1499 3216 1537 3317 (³)
1562 3224 1619 3297 sui

450 3354 690 3439 portaverunt
717 3347 752 3419 in
786 3347 963 3442 Angliam,
998 3348 1059 3420 ubi
1088 3350 1271 3442 sepultum
1306 3347 1373 3420 luit
1404 3347 1442 3419 in
1473 3345 1619 3419 civitate

449 3468 602 3541 Lomlrae
628 3467 662 3539 in
689 3467 847 3559 quodam
875 3468 1096 3541 monasterio
1121 3469 1395 3559 llonacborum‚
1414 3471 1544 3539 vocato
1568 3463 1617 3537 ibi

449 3588 674 3663 Guamiscier
688 3577 738 3680 (⁸),
765 3588 801 3660 in
827 3610 901 3660 una
927 3589 1075 3683 capella,
1094 3590 1129 3661 in
1150 3610 1223 3683 qua
1243 3588 1469 3681 sepeliuntur
1489 3605 1617 3659 omnes

451 3730 556 3804 reges
581 3709 728 3804 Anglim
755 3716 791 3783 et
821 3708 1037 3782 incircuitu
1063 3711 1211 3803 capellae
1235 3715 1320 3781 sunt
1354 3706 1531 3801 imagines
1556 3727 1617 3780 re·

449 3851 559 3924 gum;
579 3828 639 3901 ubi
665 3850 775 3922 supra
793 3830 1002 3922 sepulcrum
1021 3830 1164 3904 ilenrici
1181 3830 1295 3924 posita
1316 3828 1384 3901 luit
1401 3848 1473 3901 una
1496 3834 1616 3900 statua

449 3949 628 4041 inaurata,
655 3969 738 4042 qum
764 3949 799 4020 in
825 3970 938 4022 manu
963 3949 1092 4023 <lextra
1120 3956 1217 4023 tenet
1241 3949 1393 4023 calicem
1427 3949 1504 4021 sire
1533 3967 1617 4020 cra-

450 4076 565 4143 terem
592 4090 763 4163 aureum,
789 4068 825 4142 in
860 4091 935 4162 quo
964 4078 1018 4143 est
1047 4090 1111 4143 cor
1144 4069 1227 4143 dicti
1260 4068 1403 4142 Henrici
1435 4067 1616 4140 balsema-

425 4196 527 4271 ,tum
549 4183 599 4285 (⁵),
633 4198 670 4265 et
699 4212 808 4285 supra
844 4211 908 4264 cor
940 4197 1009 4264 stat
1038 4191 1183 4285 gladius
1214 4190 1344 4282 nudus,
1377 4189 1477 4262 testis
1506 4188 1616 4261 buius

447 4312 555 4385 necis.
574 4313 614 4384 ln
633 4332 745 4385 manu
764 4331 853 4385 vero
869 4310 1012 4383 sinistra
1031 4316 1129 4385 tenet
1153 4313 1318 4384 chartam
1339 4329 1432 4382 cum.
1445 4308 1511 4383 isto
1529 4329 1616 4382 ver-

446 4431 580 4506 siculo:
611 4437 681 4504 Cor
699 4435 819 4522 plodio
839 4434 996 4521 scissum,
1014 4434 1060 4503 do
1077 4435 1132 4504 cui
1146 4435 1421 4521 consanguineus
1436 4451 1526 4520 sum,
1543 4429 1614 4502 sci-

446 4550 529 4624 licet
541 4551 754 4644 Adduanl03
772 4557 809 4624 et
826 4551 1016 4624 adoardus
1036 4573 1226 4644 nunquam
1244 4557 1367 4645 postea
1385 4550 1452 4622 luit
1471 4549 1613 4622 amicus

506 4770 534 4831 (¹)
545 4771 642 4820 Eoum
651 4771 799 4822 elevaretur
808 4786 903 4835 corpus
913 4771 1131 4835 pretiosissimum
1142 4771 1244 4822 bomini
1252 4738 1334 4821 nosiri
1341 4770 1402 4820 iem
1411 4768 1514 4830 Cbrisll,
1520 4769 1609 4820 Gallio.

506 4845 574 4908 l'lli·
591 4854 685 4897 tractor
698 4862 745 4911 por
759 4850 881 4913 captum?
1125 4847 1152 4908 (⁸)
1169 4849 1199 4898 E.
1215 4848 1313 4911 (orpus
1328 4847 1416 4897 fratri·
1432 4847 1480 4896 ml.

509 4924 536 4984 (⁸)
546 4923 576 4973 Ε·
593 4925 745 4974 Guamirter.
1125 4925 1152 4985 l'l
1168 4925 1199 4975 E.
1214 4924 1393 4976 Munatium.
