4154 6546
803 799 1060 854 muaonucurc.
1474 789 1519 858 19

340 945 500 1021 Ovidius.
536 943 641 1019 uodo
678 950 734 1017 est
758 943 817 1016 hic
841 949 980 1018 attente
1005 942 1205 1017 notandum
1226 935 1263 1035 (¹)
1289 946 1401 1039 quud,
1427 946 1522 1020 sicut

341 1067 377 1140 in
415 1065 484 1139 isto
521 1064 614 1138 libre
652 1070 708 1138 est
745 1062 864 1138 omnis
901 1084 986 1158 pars
1023 1064 1268 1160 philosophiae,
1304 1073 1346 1139 ut
1382 1067 1521 1141 dictum

341 1195 407 1281 est,
433 1187 483 1261 ita
508 1191 565 1260 est
588 1183 709 1259 omnis
734 1204 819 1278 pars
844 1184 1004 1278 poetriae.
1030 1184 1134 1259 Unde
1158 1185 1187 1258 si
1213 1185 1295 1281 quis
1321 1187 1407 1261 velit
1431 1187 1521 1262 sub-

341 1306 451 1387 tiliter
476 1304 710 1401 investigare,
733 1303 790 1377 hic
804 1294 842 1394 (¹)
860 1308 916 1378 est
946 1303 1135 1400 tragoedia,
1166 1311 1301 1403 satyra,
1319 1313 1357 1380 et
1381 1326 1521 1382 comoe-

340 1427 410 1503 dia.
441 1424 635 1523 Tragoedia
660 1422 821 1518 quidem,
848 1423 934 1516 quia
959 1423 1130 1500 describit
1153 1431 1256 1521 gesta
1288 1426 1518 1521 Pontificum,

341 1546 563 1642 Principum,
589 1546 745 1640 Regum,
771 1543 970 1638 Beronum,
993 1549 1031 1618 et
1054 1544 1212 1618 aliorum
1239 1554 1454 1642 magnatum
1480 1553 1519 1621 et

342 1665 532 1759 nobilium,
563 1663 657 1738 sicut
694 1668 794 1757 patet
826 1661 863 1734 in
899 1668 975 1736 totn
1013 1661 1116 1736 libro.
1151 1662 1292 1759 Satyra,
1327 1665 1420 1740 idest
1456 1686 1517 1741 rc-

342 1783 601 1881 prehensoria3
635 1781 867 1878 reprehendit
896 1781 995 1856 enim
1021 1782 1235 1859 mirabiliter
1268 1790 1306 1859 et
1340 1785 1517 1860 audacter

341 1904 466 1979 omnia
495 1923 634 2000 genera
666 1901 859 1996 viciorum,
885 1921 954 1976 nec
986 1903 1102 1997 parcit
1131 1902 1306 2000 dignitati,
1336 1905 1517 2000 potestati,

341 2024 400 2099 vel
425 2022 602 2098 nobilitati
630 2022 797 2118 adcttjus.
823 2020 909 2096 ideo
937 2021 1212 2096 convenientius
1241 2029 1363 2117 posset
1393 2023 1518 2098 intitu-

339 2143 406 2218 lari
424 2149 560 2237 satyra,
578 2162 692 2236 quam
713 2140 903 2239 tragedia,
921 2141 980 2216 vel
1002 2141 1192 2215 comoedia.
1212 2143 1335 2218 Potest
1349 2133 1387 2235 (³)
1406 2143 1517 2218 etiam

339 2262 408 2338 dici
421 2262 521 2357 quod
534 2261 581 2336 sit
596 2261 777 2337 comoedia
787 2249 837 2356 (⁸),
852 2281 938 2335 nam
958 2261 1161 2335 secundum
1174 2261 1353 2337 Isidorum
1370 2263 1515 2339 Gomoe·

338 2380 397 2457 dia
421 2380 546 2477 incipit
576 2401 600 2455 a
632 2380 796 2455 tristibus
820 2385 859 2454 et
888 2378 1107 2453 terminatur
1131 2379 1179 2454 ad
1204 2380 1297 2455 laeta.
1330 2382 1375 2455 Et
1399 2382 1448 2457 ita
1474 2383 1517 2456 li-

339 2501 407 2575 ber
431 2501 500 2576 iste
528 2498 652 2595 incipit
680 2519 704 2573 a
733 2498 826 2573 tristi
856 2498 1022 2593 materia,
1052 2498 1189 2574 scilicet
1218 2500 1266 2574 ab
1296 2500 1452 2596 interne,
1479 2509 1517 2578 et

340 2620 561 2696 terminatur
576 2618 623 2694 ad
643 2602 765 2693 lectam
782 2610 833 2712 (ὅ),
847 2617 983 2693 scilicet
1000 2618 1047 2693 ad
1069 2618 1296 2714 Paradisum,
1310 2620 1388 2696 sive
1403 2619 1450 2695 ad
1463 2620 1517 2697 di·

339 2739 462 2815 vinam
478 2728 515 2832 (⁰)
535 2737 742 2814 essentiam.
763 2736 834 2812 Sed
851 2737 949 2812 dices
969 2737 1102 2833 forsan,
1121 2738 1256 2813 lectur:
1275 2740 1410 2815 curvis
1427 2740 1517 2815 mihi

339 2859 525 2955 baptizare
538 2857 674 2932 librum
688 2856 734 2931 de
746 2875 855 2949 nevo,
866 2875 952 2930 cum
967 2863 1077 2930 autor
1093 2857 1337 2933 nominaverit
1345 2847 1382 2952 (²)
1396 2858 1515 2954 ipsum

339 2978 588 3055 Gomoediamt
611 2976 700 3052 Dico
724 2976 824 3070 qued
848 2983 958 3051 autor
982 2975 1103 3071 potius
1127 2977 1244 3051 voluit
1262 2998 1397 3054 vocare
1410 2970 1448 3071 (⁸)
1472 2979 1516 3054 li·

340 3101 452 3174 brum
475 3095 701 3173 Gomoediarn
726 3116 749 3171 a
772 3095 867 3191 stylo
891 3093 1018 3169 infimo
1037 3101 1076 3170 et
1096 3096 1251 3191 vulgari,
1277 3096 1364 3192 quia
1389 3098 1436 3173 de
1461 3099 1517 3174 rei

341 3219 496 3296 veritate
512 3223 569 3293 est
583 3216 731 3291 humilis
747 3221 916 3312 respectu
933 3214 1108 3308 litteralis,
1126 3215 1294 3307 quamvis
1315 3216 1351 3288 in
1376 3236 1518 3312 genere,
1551 3236 1556 3244 ·

341 3360 410 3416 suo
439 3339 485 3414 sit
513 3337 677 3414 sublimis
706 3343 744 3412 et
768 3336 962 3412 excellens.
983 3333 1133 3435 ‚nonde
1159 3334 1321 3431 tangitur
1346 3336 1383 3410 in
1410 3336 1514 3412 titulo

340 3481 454 3537 causa
478 3459 652 3555 efficiens,
678 3478 765 3534 cum
791 3456 922 3533 dicitur
947 3453 1072 3529 Dentis
1096 3453 1309 3551 Aldigherii3
1335 3461 1373 3529 et
1397 3463 1515 3533 mate·

341 3581 408 3677 ria,
435 3600 523 3656 cum
552 3578 697 3672 dicitur,
721 3577 760 3651 in
789 3596 862 3672 qua
892 3574 1015 3672 agitur
1043 3572 1090 3649 de
1117 3573 1274 3668 Iniemo,
1299 3572 1377 3650 sive
1401 3596 1513 3652 causa

340 3698 540 3776 materialis
563 3704 602 3773 et
625 3697 833 3792 subjectum
858 3694 939 3768 libri
964 3692 1082 3788 primi.

403 3940 433 4003 (¹)
448 3939 475 3991 8.
491 3938 640 3991 videndum.
650 3964 682 3977 -
692 3936 723 3988 E.
739 3941 780 3988 att
795 3936 838 3987 hic
854 3934 1047 3986 attendendum.

402 4012 433 4078 (Ἴ
449 4015 480 4066 li.
495 4014 539 4066 hta
554 4013 716 4079 modim
732 4018 855 4076 satyram,
872 4010 1026 4062 eomoedtam
1041 4009 1161 4061 inveniet.

404 4091 434 4155 ι’)
451 4096 505 4153 tre.
521 4090 611 4142 nom
625 4089 696 4140 enm
712 4089 799 4140 auam.
1065 4086 1093 4150 υ)
1109 4086 1136 4138 a.
1152 4086 1278 4137 commun
1293 4098 1352 4151 quo
1368 4085 1466 4149 nupta

403 4168 434 4232 (¹)
449 4167 476 4219 S.
491 4167 553 4232 quin
568 4166 601 4217 ud
615 4164 776 4217 cunum.
1067 4162 1096 4226 ζ’)
1111 4161 1141 4212 E.
1158 4161 1303 4212 divinarum
1318 4161 1463 4212 amenum.

403 4242 433 4305 t')
450 4248 505 4305 ut,
521 4239 813 4295 &nummarii-E.
828 4239 977 4292 nommant
1068 4237 1095 4302 (¹)
1110 4237 1137 4289 S.
1153 4238 1238 4302 ipsum
1253 4237 1415 4289 cumdium.
