3990 6540
822 822 959 876 caurus
984 819 1160 886 coluros.
1510 806 1577 870 143

409 997 516 1051 ueros
542 972 642 1068 prius
668 969 796 1064 nuptui
825 967 1068 1041 traderentur.
1091 964 1227 1038 Deinde
1243 963 1341 1037 dedit
1357 962 1424 1035 sibi
1445 962 1579 1035 Rachel

407 1102 567 1171 amatam
594 1112 679 1166 cum
706 1095 812 1185 pacto
838 1089 935 1182 quod
962 1086 1116 1159 serviret
1141 1085 1208 1157 sibi
1234 1105 1299 1179 per
1320 1083 1419 1156 alind
1437 1090 1580 1177 septen-

409 1217 521 1289 nium.
548 1214 661 1287 Jacob
691 1230 793 1305 ergo,
825 1208 946 1280 habita
972 1207 1117 1298 Rachel,
1148 1204 1307 1300 praetulit
1330 1223 1497 1277 amorem
1523 1222 1581 1276 se-

407 1335 537 1408 cundae
554 1331 676 1426 priori.
695 1329 765 1403 Sed
782 1328 959 1400 Dominus
979 1326 1102 1400 videns
1122 1325 1220 1418 quod
1233 1323 1345 1397 Jacob
1361 1323 1580 1416 despiciebat

408 1455 533 1549 Lyam,
560 1450 643 1524 lecit
668 1470 751 1523 eam
778 1446 982 1520 loecundam
1011 1446 1124 1538 prole,
1149 1445 1284 1518 Rachel
1300 1436 1336 1535 (¹)
1359 1463 1448 1516 vero
1475 1441 1581 1515 steri-

408 1576 492 1648 lem.
524 1573 599 1667 Lya
629 1590 719 1665 ergo
752 1566 891 1662 peperit
917 1567 961 1637 lll
987 1566 1088 1658 lilim,
1112 1585 1270 1656 quorum
1299 1563 1439 1657 primns
1463 1561 1581 1635 dictus

409 1699 463 1766 esl
481 1691 622 1781 Ruben,
640 1687 822 1761 secundus
840 1686 1010 1780 Symeon,
1031 1685 1158 1758 tertius
1176 1683 1273 1776 Levi,
1287 1689 1442 1774 quartus
1458 1680 1580 1771 tudae,

411 1812 561 1905 quintus
588 1810 745 1900 isachar,
770 1814 896 1880 sextus
928 1806 1099 1877 Zabulon.
1126 1805 1260 1878 Rachel
1287 1803 1413 1876 habuit
1439 1808 1580 1875 tantum

411 1933 504 2025 duos
525 1930 626 2022 filios,
645 1930 805 2023 primum
826 1927 971 2020 loseph,
989 1925 1191 1999 secundum
1210 1924 1410 2017 Beniamin,
1424 1923 1459 1995 in
1476 1923 1582 1996 cuius

412 2058 518 2145 prartu
548 2057 696 2122 mortua
728 2054 792 2122 est.
826 2047 909 2120 ldeo
942 2046 1034 2120 bene
1064 2046 1150 2118 dicit
1178 2044 1426 2141 Augustinus:
1458 2047 1585 2117 Rachel

409 2173 580 2262 pulcrabr,
594 2173 657 2242 sed
677 2174 751 2260 Lyc
766 2170 959 2261 secundior.
982 2167 1093 2239 lacob
1111 2165 1220 2239 etiam
1239 2165 1367 2260 gennit
1383 2165 1475 2237 duos
1492 2163 1583 2237 lilios

412 2313 457 2364 er
485 2291 571 2362 Bala
597 2289 727 2362 ancilla
758 2286 934 2378 Rachelis,
968 2287 1102 2358 scilicet
1132 2286 1209 2358 Dan
1240 2292 1278 2358 et
1307 2286 1522 2380 Nepthalim,
1548 2290 1583 2356 et

411 2412 500 2483 alios
525 2411 617 2483 dnos
642 2430 686 2483 ox
715 2409 847 2502 Cclpha
873 2407 1002 2479 ancilla
1028 2406 1124 2500 Lyae,
1142 2405 1277 2479 scilicet
1300 2405 1377 2480 Gad
1402 2414 1440 2481 et
1464 2407 1581 2480 hsser.

414 2533 464 2604 Er
492 2531 566 2603 istis
591 2536 715 2603 autem
744 2528 805 2600 llll
832 2527 911 2599 filiis
931 2533 1025 2599 natae
1042 2532 1127 2599 sunt
1144 2526 1208 2599 Xll
1225 2526 1341 2599 tribus
1361 2528 1482 2620 lsrael,
1501 2548 1583 2621 qua*

414 2658 537 2746 postca
564 2654 809 2723 excreverunt
825 2639 861 2738 (²)
884 2647 920 2719 in
947 2653 1084 2719 tantam
1103 2646 1371 2721 multitudinem
1390 2647 1427 2720 in
1444 2647 1582 2743 Rgiplo,

415 2770 513 2864 quod
530 2777 702 2843 sexcenta
722 2769 817 2841 milia
837 2767 1024 2840 hominum
1038 2767 1235 2841 exiverunt
1252 2789 1338 2841 cum
1353 2769 1474 2863 Moyse
1492 2774 1584 2842 tem-

420 2911 508 2983 pore
533 2889 741 2962 Pharaonis.
762 2889 805 2960 Et
830 2890 898 2961 hoc
919 2894 974 2960 est
991 2909 1059 2960 cur
1078 2895 1188 2961 autor
1205 2888 1288 2962 lecit
1301 2879 1338 2979 (³)
1360 2890 1582 2964 mentionem

416 3029 625 3103 expressam
652 3009 698 3081 dc
725 3008 816 3080 natis
842 3010 963 3099 lsrael,
989 3015 1025 3081 ct
1051 3009 1214 3082 nominat
1243 3009 1447 3103 specialiter
1472 3031 1582 3084 unam

415 3151 461 3202 cr
488 3128 666 3200 uxoribus
691 3127 770 3200 eius
794 3127 1059 3219 amabiliorem,
1084 3127 1218 3201 scilicet
1244 3129 1389 3202 Rachel.
1410 3128 1511 3202 Unde
1531 3129 1586 3202 di-

415 3248 485 3320 cit:
517 3267 629 3318 econ
661 3248 800 3336 Rachel,
825 3267 892 3337 per
920 3249 975 3318 cni
1007 3254 1102 3319 muto
1131 3251 1213 3338 see5
1243 3246 1329 3340 quia
1362 3248 1496 3322 scilicet
1521 3268 1587 3341 per

416 3367 492 3440 xlv
518 3386 633 3439 anuos
658 3365 806 3438 servivit
831 3366 954 3438 Laban
980 3386 1108 3440 socero
1134 3387 1202 3440 suo
1228 3367 1264 3439 in
1290 3368 1476 3460 pascendis
1501 3388 1587 3463 gre-

415 3486 531 3577 gibus.
560 3484 664 3558 Stetit
690 3491 813 3558 tamen
840 3505 905 3578 per
931 3486 996 3558 xx
1022 3507 1138 3560 annos
1163 3487 1258 3580 apud
1286 3508 1385 3581 eum,
1404 3494 1440 3561 et
1464 3488 1588 3562 Laban

417 3628 502 3701 sepe
527 3604 734 3698 deceptorie
760 3605 916 3678 mutavit
941 3607 1006 3679 sibi
1033 3613 1147 3699 pacta.
1167 3608 1326 3681 Tandem
1347 3627 1518 3682 reversus
1534 3614 1589 3683 est

415 3727 565 3800 domum
594 3725 714 3797 lralris
728 3713 765 3817 (⁸)
784 3726 839 3799 sui
859 3727 975 3800 lactus
992 3727 1104 3820 dives,
1125 3749 1211 3801 cum
1231 3729 1420 3822 uxoribus,
1439 3728 1587 3822 ancillis,

417 3846 604 3938 armentiS,
625 3846 810 3941 gregibus,
832 3853 868 3920 et
887 3855 1120 3942 prosperatus
1137 3855 1193 3921 est
1209 3848 1402 3922 ambulans
1418 3847 1454 3921 in
1471 3849 1537 3923 viis
1550 3840 1588 3941 (⁶)

417 3966 572 4059 homini,
598 3972 640 4038 ut
664 3966 747 4038 alibi
774 3988 860 4061 sepe
884 3967 1036 4041 dicetur.
1063 3968 1106 4040 Et
1131 3969 1189 4042 hic
1216 3976 1312 4062 nota,
1338 3969 1463 4063 lector,
1491 3969 1588 4064 quod

418 4088 495 4159 haec
513 4086 695 4158 habentur
711 4106 757 4158 er
776 4086 869 4159 libro
881 4087 1047 4180 Genesis;
1065 4094 1103 4162 et
1119 4088 1206 4182 quia
1220 4088 1382 4181 quotidie
1394 4079 1432 4182 (⁶)
1446 4089 1590 4185 publice

419 4203 672 4297 predicantur,
699 4212 736 4278 et
762 4212 845 4279 nota
872 4213 968 4299 sunt,
994 4207 1076 4281 ideo
1101 4209 1217 4282 levius
1247 4216 1472 4304 pertranseo,
1503 4212 1589 4304 quia

418 4320 487 4394 aha
515 4323 630 4394 multa
658 4324 778 4396 minus
809 4331 894 4399 nota
926 4333 1062 4400 restant
1088 4328 1240 4402 dicenda
1266 4329 1303 4402 in
1325 4329 1393 4403 isto
1418 4330 1587 4424 capitulo.

420 4445 526 4512 -nt
548 4443 640 4511 altri.
669 4442 732 4516 llic
758 4444 928 4539 Virgilius
958 4447 1140 4520 concludit
1159 4449 1381 4539 generaliter
1405 4449 1589 4524 Christum

419 4560 546 4634 iecisse
571 4559 665 4632 idem
685 4560 731 4633 dc
757 4563 880 4636 multis
897 4564 985 4657 aliis,
1007 4587 1100 4658 quos
1120 4567 1265 4663 omittit,
1282 4569 1368 4662 quia
1385 4569 1493 4644 nimis
1512 4570 1592 4645 lon·

432 4720 554 4728 ——-

1116 4730 1284 4740 ---—.-..-

481 4790 509 4847 (¹)
526 4789 555 4838 lt
574 4789 722 4839 Rarbclem.
851 4790 880 4853 (¹)
896 4792 927 4843 lt
943 4804 1121 4847 excreverant.

482 4865 509 4925 ζ’)
528 4870 581 4925 lle,
598 4865 669 4916 lucil.
855 4867 882 4929 ι’)
899 4874 953 4930 lit,
970 4872 1051 4934 petris
1066 4873 1113 4923 rui.
1300 4874 1400 4938 0¹¹⁸·
1415 4876 1443 4927 ln
1460 4877 1508 4928 vlt.

483 4940 509 4999 (⁸)
525 4940 550 4991 R
566 4941 682 5006 querulo
698 4943 881 5007 predicantur.
892 4973 920 4983 -
931 4944 961 4996 R
976 4947 1093 5012 quottdte
1109 4947 1201 5013 pulcra
1217 4950 1399 5014 mmm.

554 5049 571 5093 l.
1430 5056 1456 5100 re
