3990 6540
1392 799 1463 866 273

295 1149 459 1217 CANTUS
483 1147 685 1228 oeranS,
708 1150 744 1214 in
765 1166 825 1232 ntro
847 1152 1004 1214 tractetur
1030 1147 1068 1213 de
1089 1147 1257 1214 iramndio
1284 1149 1316 1213 is
1340 1149 1463 1217 moto

363 1263 400 1326 in
414 1260 536 1343 palude
557 1280 580 1325 o
599 1259 716 1344 Styyrs
732 1263 762 1325 el
778 1259 859 1325 meat
872 1256 1025 1342 Pniceis-s
1040 1257 1161 1323 mon
1182 1258 1332 1325 lrmuivil
1352 1278 1404 1325 cos
1419 1262 1462 1357 ‘in

365 1391 446 1437 nave
473 1391 533 1439 sara
560 1371 617 1436 sod
648 1369 738 1436 titudo
764 1368 932 1435 mediorum
958 1368 1052 1435 radus
1072 1368 1151 1446 vitii,
1174 1373 1204 1433 et
1225 1369 1360 1435 maxum
1382 1370 1462 1436 Po·-

366 1482 447 1564 lippi
475 1480 612 1566 Ardenti
637 1480 675 1546 dc
705 1479 890 1561 Mareotim
917 1484 947 1546 el
973 1481 1009 1545 in
1034 1479 1098 1561 fine
1129 1480 1462 1566 appropinquaverunt

366 1595 521 1660 dodona
541 1591 679 1673 Inferni,
702 1596 732 1657 et
752 1611 816 1658 non
837 1590 968 1673 fuerunt
989 1589 1114 1657 (limosi
1134 1591 1268 1662 intrare.

368 1916 445 2083 Io
465 2025 556 2077 orco
570 2006 784 2095 sequendo.
799 2005 996 2100 Postquam
1014 2005 1052 2078 in
1068 2003 1285 2100 praecedenti
1302 2003 1459 2100 capitulo
1537 1987 1540 1992 ’

294 2129 391 2202 circa
415 2126 526 2201 flnem
551 2130 660 2198 autor
683 2131 807 2198 noster
824 2125 994 2201 tractavit
1009 2124 1056 2199 de
1071 2145 1179 2218 poena
1197 2124 1455 2200 iracundorum

293 2255 330 2321 et
353 2246 617 2321 accidiosornm
645 2243 709 2336 qui
733 2243 937 2337 puniuntur
966 2243 1003 2316 in
1034 2243 1161 2336 quinto
1186 2243 1325 2318 circulo
1348 2244 1460 2319 inler-

293 2365 363 2438 nali
378 2357 427 2458 (l),
454 2382 552 2437 nunc
577 2367 844 2454 consequenter
865 2361 901 2433 in
921 2361 989 2435 isto
1012 2360 1087 2434 vlll
1106 2362 1264 2457 capitulo
1289 2363 1458 2457 praesenti

292 2482 368 2578 agit
392 2488 430 2556 et
454 2485 587 2555 tractat
609 2477 657 2552 de
673 2477 766 2551 vicio
791 2485 829 2552 et
854 2479 1027 2573 supplicio
1044 2481 1287 2575 superborum
1306 2480 1371 2576 qui
1387 2501 1458 2575 pu-

292 2601 444 2675 niuntur
468 2600 504 2673 in
530 2597 660 2673 eedem
686 2597 824 2672 circulo
848 2597 1020 2692 predicto
1035 2590 1071 2691 (³)
1099 2620 1211 2694 quem
1237 2600 1321 2675 lacit
1345 2601 1457 2698 Stigia

291 2721 413 2815 palus3
430 2728 468 2794 et
489 2725 607 2792 totum
624 2717 720 2791 istud
744 2718 943 2813 capitulum
970 2725 1088 2813 potest
1111 2720 1219 2794 dividi
1239 2720 1276 2793 in
1293 2728 1454 2815 quatuor

290 2847 413 2932 partes
437 2835 639 2933 generales
665 2837 701 2909 in
727 2856 887 2930 quarum
912 2837 1029 2932 prima
1058 2839 1227 2914 describit
1254 2839 1455 2915 custodiam

291 2977 375 3049 quae
389 2947 425 3046 (³)
454 2955 493 3027 lit
518 2955 555 3027 in
581 2954 653 3029 line
675 2955 777 3028 istius
793 2955 931 3049 circuli,
949 2963 987 3030 et
1005 2964 1156 3031 nautam
1183 2958 1246 3051 qui
1271 2966 1458 3054 transpor-

293 3083 344 3150 tat
360 3062 545 3165 animasl‘)
560 3093 627 3167 per
638 3074 838 3182 aquamlad
855 3074 1039 3149 civitatem
1056 3074 1281 3170 infernalem,
1294 3097 1407 3170 quam
1417 3070 1453 3169 (⁵)

290 3199 399 3268 autor
425 3197 532 3266 vocat
556 3192 740 3267 civitatem
765 3191 864 3265 Ditis.
895 3191 935 3264 ln
966 3191 1125 3266 secunda
1154 3198 1287 3268 tractat
1310 3193 1357 3269 de
1381 3214 1456 3268 uno

291 3312 417 3408 spiritu
443 3311 651 3405 particulari
665 3301 703 3401 (⁶)
729 3309 989 3405 superbissimo
1014 3309 1078 3403 qui
1109 3310 1168 3384 hic
1196 3311 1357 3406 punitur,
1383 3313 1454 3387 ihi:

290 3439 424 3506 nenne
448 3434 518 3505 noi.
544 3433 583 3504 ln
609 3430 715 3505 tertia
740 3435 872 3504 tractat
897 3429 943 3504 de
967 3428 1078 3525 signis
1103 3448 1186 3522 quae
1216 3450 1238 3504 a
1268 3431 1376 3527 longe
1401 3429 1458 3504 in·

147 3586 150 3591 >
289 3553 410 3626 dicant
435 3551 680 3626 infelicitatem
710 3549 821 3624 huius
851 3548 1015 3642 civitatis,
1041 3547 1113 3621 ibi:
1143 3551 1209 3637 Qui
1237 3552 1265 3623 u
1291 3553 1454 3625 (ωιαιιιο.

288 3673 328 3746 ln
350 3678 483 3766 quarta
499 3679 537 3746 et
556 3670 684 3744 ultima
701 3677 811 3744 autor
827 3668 997 3744 describit
1015 3667 1260 3743 resistendam
1283 3689 1455 3766 magnam

289 3812 402 3884 quam
431 3791 642 3865 habuerunt
673 3789 837 3864 volentes
865 3788 1003 3863 intrare
1033 3787 1167 3862 dictam
1199 3796 1351 3884 terram,
1382 3790 1455 3864 ibi:

290 3914 330 3982 lo
355 3913 428 3984 vidi
446 3905 509 4002 pil
534 3912 572 3983 di
596 3911 695 3983 mille.
722 3908 775 3981 dd
800 3907 962 4003 primum
979 3906 1059 3982 dico
1076 3906 1174 4000 quod
1196 3914 1307 3983 auter
1324 3915 1455 3985 tractat

289 4028 335 4101 de
359 4028 523 4102 custodia
548 4047 632 4122 quae
657 4027 698 4101 flt
710 4016 747 4118 (⁷)
775 4027 812 4100 in
840 4027 933 4100 turri
965 4025 1003 4099 in
1028 4024 1100 4100 line
1125 4026 1226 4100 istius
1255 4027 1393 4124 circuli,
1418 4037 1455 4105 et

289 4147 504 4221 continuans
528 4147 622 4222 arcu
647 4145 817 4238 arcenus,
843 4144 950 4220 ucri:
976 4149 1017 4217 ιο
1041 4147 1119 4217 ano
1142 4147 1355 4235 sennenn.
1383 4122 1468 4222 sed

289 4272 487 4360 antequam
512 4264 729 4342 descendam
753 4264 800 4338 ad
825 4263 1085 4358 expositionem
1113 4264 1236 4358 litera,
1253 4264 1301 4340 ad
1316 4266 1453 4340 claram

288 4384 561 4481 intelligentiam
575 4384 676 4458 istius
693 4382 972 4457 continuationis
989 4388 1045 4458 est
1061 4383 1337 4479 praesciendum,
1355 4385 1453 4479 quod

349 4673 375 4733 (¹)
392 4676 447 4730 ns,
463 4670 570 4721 luterni.
875 4671 903 4732 (¹)
919 4672 950 4722 E.
965 4672 1067 4722 circulo
1082 4672 1275 4736 producam

350 4748 377 4810 (’)
394 4751 448 4809 lis,
465 4759 523 4812 qun
538 4746 568 4797 ot
583 4747 610 4797 in
625 4747 692 4797 turri
709 4747 736 4797 ln
751 4745 810 4798 ms
877 4747 903 4808 (⁸)
924 4749 950 4798 S.
966 4749 1064 4800 animas
1080 4749 1113 4799 ml
1129 4748 1268 4803 dautem

350 4824 377 4887 (¹)
392 4824 418 4876 S.
435 4838 513 4889 qnam
529 4828 630 4875 vocnt.
877 4823 905 4887 (·)
921 4825 952 4875 Ε.
970 4826 997 4876 ln
1013 4824 1172 4890 paniculum.

348 4900 374 4961 (⁷)
390 4900 421 4951 E.
437 4900 467 4952 ut
482 4901 509 4951 in
525 4899 635 4952 circuilu
651 4900 678 4950 el
693 4899 723 4951 l·
736 4898 788 4951 flue
803 4897 881 4953 holus
895 4899 996 4951 elrcnli.

420 5005 437 5050 1.
1295 5009 1323 5052 10
