4154 6546
458 796 529 862 492
854 805 1059 862 COMENTUH
1083 806 1237 861 numum

457 961 553 1048 gatae
577 952 684 1024 simul
709 956 901 1046 penetrant
926 955 1063 1026 terram
1098 957 1135 1026 et
1166 949 1304 1024 iaciunt
1336 949 1488 1023 flumina
1519 948 1633 1026 inier-

457 1070 564 1144 nalia.
582 1071 653 1145 Per
670 1071 740 1144 hoc
757 1080 883 1146 autern
902 1070 980 1145 vult
996 1070 1119 1146 dicere
1135 1077 1255 1164 autor,
1274 1069 1373 1164 quod
1391 1069 1439 1144 ab
1458 1068 1632 1144 omnibus

457 1189 624 1263 aetatihus
640 1188 769 1263 mundi
785 1189 978 1284 corruptis,
995 1197 1130 1285 prceter
1148 1209 1261 1283 quam
1279 1188 1438 1284 aprima
1455 1206 1540 1282 quae
1556 1207 1631 1262 non

458 1309 525 1383 iuit
551 1310 601 1383 ita
625 1314 810 1404 corrupta,
828 1315 1001 1383 emanant
1018 1310 1142 1384 omnia
1162 1309 1259 1403 vitia,
1277 1314 1437 1405 peccata,
1451 1308 1633 1406 cupidita·

458 1435 513 1503 tes
538 1436 575 1503 et
600 1430 709 1522 mala,
729 1449 814 1522 quae
838 1435 923 1502 sunt
948 1448 1059 1503 causa
1086 1435 1297 1503 nostrarum
1325 1448 1519 1523 poeuarum
1548 1427 1632 1523 qut·

457 1547 527 1622 bus
544 1549 755 1622 cruciamur
772 1548 809 1621 in
826 1548 981 1622 lniemo.
1003 1548 1095 1625 Dicit
1112 1567 1221 1645 ergo:
1247 1550 1411 1621 dascunu
1427 1554 1533 1640 purte
1545 1551 1632 1641 licor

451 1669 518 1740 cte
534 1671 626 1741 t’oro
643 1664 680 1741 de
695 1674 802 1759 rottc,
819 1667 910 1743 idest
934 1668 1033 1761 quod
1056 1668 1175 1742 omnis
1201 1675 1289 1742 aetas
1314 1673 1448 1762 praeter
1473 1686 1629 1743 auream

458 1793 513 1861 cst
538 1787 673 1861 vitiata.
700 1788 743 1859 Et
767 1787 826 1860 hic
852 1793 938 1861 uota
963 1787 1062 1880 quod
1088 1806 1154 1881 per
1180 1787 1285 1860 istam
1313 1787 1456 1861 literam
1480 1785 1631 1861 eviden-

458 1915 515 1981 ter
539 1906 754 2000 ostenditur,
780 1906 879 2000 quod
911 1917 1021 1983 autor
1054 1928 1128 1980 non
1153 1906 1316 2000 loquitur
1341 1905 1400 1980 hic
1424 1903 1471 1980 de
1497 1912 1630 2001 statua,

459 2045 570 2118 quam
602 2025 690 2099 vidit
721 2025 1056 2100 Nabuchodonosor
1082 2025 1118 2098 iu
1144 2046 1286 2119 somno,
1311 2024 1358 2100 de
1388 2046 1463 2120 qua
1489 2026 1632 2100 dicetur

458 2142 620 2218 Paradisi
646 2144 804 2239 capituto
829 2145 886 2237 lv,
901 2142 984 2219 licet
1002 2143 1170 2220 videatur
1194 2144 1334 2219 habere
1350 2165 1525 2240 magnam
1543 2164 1633 2219 cou-

458 2262 681 2338 sormitatem
708 2283 794 2338 cum
820 2264 898 2358 ista,
922 2263 1008 2357 quia
1040 2264 1100 2338 illa
1135 2269 1255 2337 statua
1286 2263 1355 2339 fuit
1387 2270 1568 2360 prostrata
1593 2270 1632 2338 et

458 2383 577 2457 omnis
601 2404 686 2479 pars
711 2385 791 2458 eius
817 2384 943 2478 fracta,
961 2389 998 2457 et
1022 2382 1144 2477 primo
1168 2402 1324 2477 aurum3
1342 2388 1380 2458 ct
1395 2381 1504 2459 dicit:
1523 2385 1632 2457 duta

457 2505 597 2594 secono
621 2505 681 2575 cte
705 2504 854 2593 tumme
873 2507 1008 2593 nocco,
1022 2501 1112 2575 idest
1130 2502 1262 2575 emittit
1279 2507 1426 2596 peccata
1443 2521 1528 2594 quae
1545 2507 1633 2576 suut

459 2639 571 2694 causa
586 2621 835 2715 lacrymarum
849 2627 887 2695 et
898 2621 1132 2694 miseriarum
1147 2627 1358 2695 nostrarum
1368 2620 1404 2693 in
1413 2618 1480 2694 isto
1490 2619 1631 2694 mundo

462 2745 499 2813 et
523 2739 607 2832 alio,
633 2743 664 2811 te
687 2742 784 2832 quoti
807 2741 949 2829 occoltc,
967 2739 1061 2814 bene
1085 2738 1180 2834 dicit,
1199 2738 1285 2834 quia
1308 2761 1383 2814 una
1400 2739 1495 2814 actio
1514 2759 1630 2834 parva

460 2857 518 2933 vel
544 2876 671 2952 paucae
705 2878 777 2932 non
809 2858 946 2935 iaciunt
980 2859 1145 2952 fluvium,
1172 2859 1263 2933 idest
1288 2858 1494 2933 cruciatum
1519 2857 1633 2933 inier-

463 2977 603 3070 nalem;
617 2977 680 3051 scd
694 2978 820 3051 multae
833 2978 941 3051 simui
951 2971 987 3071 (¹)
1003 2983 1236 3074 congregate
1250 2981 1361 3070 soron
1372 2979 1486 3069 quello
1498 2982 1631 3068 motu,

460 3096 550 3170 idest
575 3103 809 3170 montaneam
836 3096 919 3191 ldae,
945 3120 964 3170 e
988 3101 1045 3170 tor
1069 3118 1172 3170 corso
1197 3118 1234 3170 se
1259 3099 1428 3188 ddocda,
1449 3095 1541 3170 idest
1566 3095 1633 3171 do·

460 3215 554 3289 rivat
578 3236 644 3310 per
669 3215 831 3290 diversos
862 3218 998 3309 alveos,
1023 3221 1059 3290 in
1087 3223 1205 3308 qtccstc
1230 3219 1333 3307 notk,
1359 3215 1493 3290 scilicet
1520 3216 1633 3291 inser-

461 3338 593 3430 ualem,
611 3328 751 3427 sicut(²)
779 3337 986 3411 comuniter
1006 3337 1158 3410 flumina
1184 3343 1411 3432 generantur
1436 3336 1472 3410 in
1499 3335 1635 3411 monti-

460 3456 529 3529 hus
554 3474 600 3529 ex
626 3455 777 3529 diversis
804 3455 930 3529 rivulis
956 3454 1019 3548 qni
1045 3455 1181 3529 cadunt
1198 3455 1234 3528 iu
1255 3456 1400 3530 vallem.
1416 3456 1460 3528 Et
1478 3455 1635 3551 explicat

461 3573 686 3666 nominatim,
712 3595 795 3667 quae
821 3581 905 3647 sunt
931 3575 1082 3648 flumina
1108 3574 1179 3669 illa,
1205 3574 1351 3650 dicens:
1382 3580 1496 3670 sunno
1523 3578 1633 3650 Acte·

460 3701 561 3767 rente
586 3691 745 3787 primum
773 3693 926 3767 fluvium
946 3694 1090 3788 Inferni,
1104 3694 1168 3787 qui
1179 3685 1216 3786 (³)
1235 3700 1290 3768 est
1306 3695 1488 3791 generalis
1504 3714 1632 3791 passus

460 3813 608 3907 luterni5
635 3816 739 3904 stine,
765 3814 968 3887 secuudum
999 3813 1151 3888 durium
1168 3803 1204 3906 (⁸)
1237 3814 1300 3907 qui
1333 3821 1388 3890 est
1416 3816 1452 3888 iu
1479 3814 1631 3889 modum

460 3934 612 4032 paludis,
637 3955 656 4005 e
681 3935 894 4024 Fteoetontu,
917 3931 1007 4006 idest
1032 3932 1142 4006 istum
1158 3924 1195 4026 (⁶)
1224 3933 1373 4009 tertium
1395 3935 1474 4030 jam
1494 3932 1633 4008 descri-

461 4062 577 4151 ptum,
592 4056 655 4146 poi
669 4074 730 4125 sm
748 4074 793 4126 oo
810 4047 883 4144 ott,
900 4053 1036 4129 scilicet
1055 4052 1101 4127 de
1123 4054 1260 4128 circulo
1278 4055 1315 4128 in
1332 4054 1525 4149 circulum,
1545 4054 1632 4148 quia

460 4176 659 4271 phlegeton
685 4173 804 4247 currit
820 4193 886 4268 per
903 4173 1043 4270 sylvam
1061 4179 1099 4248 et
1115 4194 1280 4268 arenam,
1293 4195 1361 4267 per
1378 4183 1497 4267 questa
1512 4181 1634 4249 strettu

460 4298 595 4386 doccia,
612 4292 703 4368 idest
728 4293 893 4367 strictum
913 4293 1051 4386 canale,
1070 4301 1107 4367 et
1124 4292 1240 4367 currit
1258 4294 1439 4389 usquead
1457 4293 1612 4368 fundum
1622 4317 1633 4390 ;

461 4423 498 4492 ct
522 4413 628 4488 dicit:
654 4416 692 4484 in
713 4415 765 4505 fio
790 4402 827 4484 ld
851 4415 939 4485 dove
961 4408 1022 4504 piri
1047 4433 1119 4485 non
1143 4415 1175 4485 si
1195 4416 1381 4506 dt'smuntu,
1402 4413 1494 4489 idest
1513 4432 1634 4508 usque

445 4535 506 4609 'ad
532 4540 714 4625 centrum,
741 4532 803 4605 ubi
830 4553 903 4607 non
928 4539 1080 4627 possunt
1103 4534 1185 4628 plus
1210 4533 1443 4628 descendere,
1462 4533 1550 4627 quia
1566 4553 1635 4608 na-

524 4747 552 4810 (')
570 4748 600 4796 Ε.
617 4747 695 4797 simui
712 4755 864 4814 aggregate.
874 4776 904 4787 -
916 4753 970 4809 rm,
987 4749 1065 4800 dmui
1081 4749 1234 4812 conjuncte.

525 4823 551 4884 (¹)
567 4823 598 4872 E.
614 4824 681 4873 sicut
698 4825 805 4876 numina
823 4832 986 4890 generantur.
1138 4826 1164 4886 (ἢ
1181 4826 1212 4876 E.
1229 4827 1288 4890 quia
1304 4829 1351 4877 cst.

524 4898 553 4962 θ)
568 4899 599 4949 E.
615 4899 713 4950 flumen
729 4902 798 4967 quod
814 4907 861 4952 cst.
1136 4901 1163 4966 (⁸)
1181 4906 1234 4963 rm,
1253 4902 1331 4953 istum
1347 4900 1456 4954 nauum
1472 4899 1587 4952 tertium.
