4154 6546
451 804 521 870 illd
782 891 790 902 ‚
848 816 1052 871 coururuu
1078 815 1229 870 laruam

447 960 514 1032 der
538 958 646 1034 debet
671 958 818 1054 intelligi
848 979 914 1054 per
943 961 1197 1036 excellentiam
1230 960 1277 1034 de
1305 958 1512 1033 Alexandro
1544 959 1621 1031 lla·

446 1098 538 1173 gn0;
564 1078 726 1152 secundo
751 1079 838 1172 quia
863 1079 930 1154 iste
955 1079 1022 1152 fuit
1053 1080 1334 1154 violentissimus
1349 1073 1384 1170 (¹)
1413 1079 1619 1153 bominum.

448 1198 552 1290 Nam,
568 1208 608 1273 ut
620 1197 861 1293 perstringam
889 1200 994 1293 plura
1010 1190 1046 1290 (²)
1074 1199 1143 1272 sub
1168 1199 1293 1295 paucis
1310 1199 1443 1290 verbis,
1461 1198 1621 1272 Alexan-

448 1318 513 1391 der
540 1337 627 1390 usus
652 1324 707 1390 est
732 1317 902 1391 violentia
929 1319 965 1391 in
991 1319 1121 1412 Deum,
1147 1319 1184 1391 in
1209 1309 1314 1411 sel³),
1339 1319 1377 1391 in
1394 1318 1620 1413 proximum,

448 1444 486 1511 et
509 1437 613 1530 peius
638 1435 675 1508 in
701 1457 787 1510 suos
812 1458 926 1530 quam
953 1438 989 1511 in
1015 1444 1228 1512 extraneos:
1256 1438 1293 1510 in
1318 1438 1435 1512 Deum
1453 1437 1522 1510 luit
1541 1437 1621 1511 vin-

449 1559 579 1649 lentuS,
610 1555 697 1647 quia
732 1556 846 1629 voluit
874 1556 944 1630 dici
979 1563 1017 1631 et
1049 1556 1148 1630 credi
1182 1547 1277 1630 lilius
1305 1556 1370 1630 Ilei
1384 1543 1434 1649 (⁸),
1462 1557 1565 1631 velut
1589 1555 1619 1628 si

448 1683 567 1770 posset
592 1676 722 1751 animis
748 1681 784 1750 et
810 1676 942 1771 linguis
968 1677 1159 1750 bominum
1186 1677 1385 1771 imperare3
1407 1675 1538 1751 deinde
1554 1677 1619 1751 de-

449 1795 548 1871 venit
572 1797 610 1870 in
624 1788 660 1889 (⁵)
688 1802 763 1869 tam
791 1817 924 1871 vanam
950 1797 1159 1891 superbiam
1190 1803 1231 1869 ut
1261 1797 1376 1871 victer
1407 1798 1616 1892 Persarum,

448 1936 579 1990 eorum
607 1915 771 1989 moribus
796 1916 924 2008 victus,
951 1916 1107 1990 voluerit
1133 1936 1199 2010 pro
1216 1916 1292 1991 Deo
1309 1916 1466 1990 adorari.
1485 1918 1530 1990 lit
1546 1919 1617 1992 Ca·

448 2036 625 2129 listencm,
652 2035 938 2130 condiscipulum
965 2058 1075 2110 suum
1110 2036 1179 2108 sub
1206 2035 1400 2129 Aristotile,
1432 2038 1519 2130 quia
1551 2059 1617 2111 vo-

447 2155 514 2228 luit
547 2176 723 2231 revocare
753 2156 872 2250 ipsum
902 2155 950 2229 ab
983 2157 1050 2230 ista
1084 2155 1278 2249 dementia,
1309 2156 1393 2230 lecit
1421 2157 1619 2233 crudeliter

448 2275 542 2347 mori
569 2274 661 2349 inter
689 2282 881 2367 tormenta,
909 2275 1106 2348 ludibrium
1134 2282 1240 2370 turpe
1256 2274 1391 2350 iaciens
1412 2276 1457 2350 de
1475 2298 1532 2367 eo,
1549 2298 1619 2351 au-

449 2394 561 2486 ribus,
587 2395 747 2487 naribus,
766 2395 868 2468 labiis
884 2395 1125 2487 detruncatis;
1152 2395 1249 2468 male
1263 2384 1300 2486 (Β)
1327 2395 1523 2470 Calistenes
1540 2417 1619 2471 ser-

449 2522 598 2588 vaverat
623 2523 846 2610 praeceptum
865 2515 1064 2589 Aristotelis
1085 2516 1149 2607 qui
1167 2514 1404 2589 mandaverat
1424 2516 1490 2589 sibi
1505 2506 1556 2611 (⁷),
1575 2524 1618 2591 ut

446 2641 512 2706 aut
537 2655 727 2727 nunquam
756 2636 970 2727 loqueretur
990 2636 1026 2707 in
1044 2641 1238 2728 conspectu
1256 2635 1461 2728 Alexandri,
1479 2644 1545 2710 aut
1561 2638 1617 2712 di-

447 2763 549 2831 ceret
566 2755 632 2829 sibi
657 2762 772 2849 grata.
800 2757 898 2829 Bene
912 2745 949 2847 (⁸)
976 2755 1217 2850 cognoscebat
1234 2756 1518 2850 sapientissimus
1536 2759 1616 2852 pbi-

448 2876 617 2969 losapbus
642 2881 812 2948 naturam
841 2874 1004 2969 discipuli
1030 2875 1098 2968 sui,
1124 2875 1239 2949 immo
1265 2876 1413 2951 iufamia
1430 2877 1498 2951 luit
1515 2879 1613 2971 qued

446 2997 655 3070 Aristoteles
681 3002 951 3089 temperaverat
976 2995 1063 3068 illud
1090 3016 1273 3070 venenum
1297 2998 1615 3091 terribilissimam,

447 3136 521 3209 quo
546 3123 671 3208 postea
696 3114 900 3188 Alexander
925 3115 1106 3189 extinctus
1123 3115 1200 3208 luit,
1219 3115 1312 3188 sicut
1331 3116 1455 3189 scribit
1480 3118 1615 3191 Plinius

447 3239 483 3310 in
509 3236 664 3310 naturali
691 3235 849 3309 historia.
877 3236 959 3308 Fuit
985 3243 1021 3309 et
1046 3236 1227 3309 violentus
1252 3236 1288 3309 in
1314 3256 1365 3329 se,
1388 3237 1474 3329 quia
1500 3238 1616 3312 voluit

446 3377 486 3431 se
514 3356 633 3449 ipsum
665 3354 831 3428 occidere
846 3347 883 3446 (⁹)
909 3375 994 3428 cum
1030 3354 1267 3429 interfecisset
1297 3355 1429 3429 Clitum
1463 3356 1615 3431 iratrem

446 3476 596 3550 nutricis
605 3495 682 3549 suae
691 3475 907 3548 familiarem
917 3467 1247 3565 (⁴⁰)dilectissimum
1262 3496 1327 3569 per
1339 3475 1433 3548 iram
1445 3482 1482 3550 et
1495 3476 1616 3551 ebrie·

446 3602 570 3689 tatem,
602 3596 688 3688 quia
722 3595 1013 3689 reprehendebat
1026 3587 1078 3686 (Η)
1107 3616 1193 3668 eum
1227 3595 1325 3688 quod
1350 3597 1549 3670 extollebat
1572 3618 1614 3672 se

446 3737 557 3811 supra
583 3714 785 3809 Philippum
812 3720 967 3808 patrem,
992 3735 1015 3787 a
1042 3735 1115 3808 qua
1140 3714 1392 3808 desperatione
1417 3715 1615 3792 Calistenes

446 3835 638 3931 praedictus
664 3834 816 3907 retraxit
841 3854 940 3908 eum.
968 3835 1007 3905 ln
1034 3841 1110 3907 toto
1135 3834 1276 3908 oriente
1293 3836 1459 3909 exercuit
1476 3836 1615 3911 violen-

446 3954 533 4028 tiam
548 3959 585 4027 et
598 3953 773 4026 saevitiam
787 3973 911 4046 suam3
923 3974 1020 4046 nam,
1031 3960 1073 4025 ut
1086 3953 1207 4057 rerbis
1220 3954 1336 4027 Orosii
1352 3961 1446 4048 utar,
1456 3954 1615 4029 Alexan·

445 4073 511 4147 der
540 4073 771 4146 miseriarum
803 4092 951 4168 gurges,
984 4073 1092 4146 totius
1122 4073 1271 4146 orientis
1310 4075 1430 4167 turbo,
1462 4075 1615 4149 humaui

445 4192 630 4288 sanguinis
659 4192 877 4285 insatiabilis,
909 4199 1096 4267 recentem
1131 4213 1275 4287 semper
1306 4200 1373 4268 aut
1406 4195 1611 4270 alienorum

506 4460 533 4521 (¹)
549 4461 574 4510 S.
592 4459 789 4510 violentissimus
805 4460 932 4509 omnium.
1043 4459 1069 4521 (¹)
1085 4459 1111 4509 S.
1129 4460 1203 4522 plur·
1221 4461 1308 4523 prucis
1323 4461 1416 4511 verbis.

505 4536 533 4597 (¹)
549 4537 579 4587 ll.
596 4537 621 4586 in
638 4549 672 4595 se,
691 4541 716 4585 ct
733 4537 760 4585 in
777 4537 932 4598 proximum.
1042 4537 1067 4596 (·)
1085 4537 1114 4585 Ε.
1133 4537 1195 4596 llni;
1218 4536 1308 4596 voluit,
1325 4537 1346 4586 ri
1363 4536 1496 4599 potuisset,
1514 4537 1612 4590 mimir.

505 4614 533 4674 (·)
548 4614 573 4662 S.
590 4614 616 4663 ln
633 4618 728 4662 tantam
745 4612 892 4676 snperbiam
909 4613 978 4676 quod
995 4613 1086 4663 victor.
1099 4642 1127 4650 -
1139 4613 1169 4662 Ε.
1187 4613 1264 4663 venit.

505 4688 532 4748 (⁸)
548 4688 578 4737 E.
596 4688 664 4736 male
679 4689 756 4737 enim.
1041 4686 1070 4750 (Ἰ)
1087 4688 1117 4738 ll.
1134 4689 1181 4737 sibi
1197 4688 1266 4751 quod
1283 4693 1493 4753 nonnunqum

505 4763 532 4822 (¹)
549 4764 578 4812 li.
595 4763 775 4813 Redeuntem.
1040 4764 1066 4824 (·)
1084 4769 1138 4824 llll,
1156 4764 1310 4814 interlicere.

494 4838 532 4902 (“·)
549 4840 579 4889 lb
596 4839 749 4890 familiarem
763 4841 811 4890 ribi
826 4841 1027 4891 ddectimimum.
1037 4868 1064 4877 -
1075 4845 1128 4897 tlt.
1146 4840 1300 4891 fumantem
1317 4840 1503 4893 fidelissimum.

496 4914 534 4978 (··)
550 4915 580 4965 Ε.
598 4915 808 4978 reprehendant.
