3990 6540
765 808 904 865 caurus
930 809 1086 866 necteus
1111 809 1254 865 enisus.
1522 797 1593 868 365

423 955 618 1030 dinandem
650 955 756 1030 istam
790 955 985 1048 civitatem,
1018 955 1081 1029 ubi
1108 955 1229 1028 nullus
1259 961 1314 1028 est
1339 956 1450 1049 ordo;
1477 957 1540 1050 qui
1556 951 1594 1048 (¹)

421 1075 582 1150 breviter
607 1076 691 1150 dicit
716 1076 815 1169 quod
841 1076 936 1150 intra
962 1077 1066 1149 istam
1094 1082 1231 1150 terram
1258 1081 1344 1148 suut
1370 1081 1443 1150 tres
1470 1078 1593 1173 magni

421 1194 549 1270 circuli
574 1195 811 1289 particulares
822 1187 872 1289 (²),
895 1216 1054 1288 quorum
1074 1194 1224 1289 quilibet
1248 1195 1408 1269 continet
1433 1196 1528 1272 intra
1554 1217 1594 1271 se

420 1314 511 1388 alios
543 1315 699 1390 circulos
733 1315 983 1409 particulares.
1015 1315 1105 1389 Dicit
1139 1334 1253 1409 ergo:
1279 1317 1344 1405 poi
1376 1309 1591 1390 comoeda

420 1436 512 1526 dire,
545 1425 731 1527 scilicetl³i
757 1435 816 1511 ille
849 1435 924 1529 ipse
959 1434 1127 1531 Virgilius
1159 1434 1268 1528 coepit
1302 1435 1400 1528 loqui
1435 1435 1536 1511 iuxta
1552 1425 1589 1529 (ὗ)

419 1556 653 1650 promissum,
679 1561 716 1630 et
747 1555 891 1631 dicere:
920 1558 1069 1646 liptiool
1097 1558 1166 1628 snio
1195 1563 1248 1628 tre
1275 1558 1457 1647 cercbt'etti,
1487 1555 1589 1651 idest,

420 1680 495 1750 tres
528 1675 654 1750 circuli
687 1676 889 1770 generales,
917 1697 983 1747 son
1012 1678 1135 1748 deratro
1160 1677 1208 1747 do
1232 1678 1348 1746 coteste·
1371 1678 1474 1766 sossi,
1500 1675 1591 1750 idest

420 1794 515 1869 intra
535 1794 647 1869 'istam
673 1795 787 1888 ripam
817 1815 928 1887 quam
954 1794 1092 1867 iaciunt
1111 1815 1199 1867 saxa
1216 1793 1253 1867 in
1270 1794 1438 1887 circuitu,
1456 1804 1498 1871 ut
1516 1795 1589 1868 iam

419 1915 557 1989 dictum
583 1921 637 1990 est
662 1914 698 1987 in
724 1914 898 2008 principio
924 1914 1083 2008 capituli,
1108 1917 1147 1986 di
1161 1917 1279 2005 prado
1295 1918 1333 1988 ia
1350 1918 1481 2006 modo,
1500 1915 1591 1990 idest

419 2036 585 2111 ordinate
610 2057 706 2109 unus
731 2034 800 2108 sub
825 2035 907 2128 alio,
934 2038 1213 2128 consequente
1239 2039 1335 2126 lessi,
1362 2036 1448 2130 quia
1466 2056 1510 2110 eo
1528 2056 1590 2109 or-

417 2156 501 2232 dine
526 2156 712 2250 quomodo
725 2147 762 2245 (⁵)
790 2155 1009 2249 superiores,
1032 2176 1125 2248 quos
1142 2176 1270 2230 omnes
1287 2162 1325 2229 tu
1345 2156 1416 2229 iam
1436 2176 1591 2251 percur-

418 2277 507 2372 risti,
532 2283 617 2350 sunt
643 2276 788 2350 rotundi
815 2282 852 2350 et
876 2275 1035 2350 contenti
1062 2296 1158 2349 unus
1184 2276 1278 2349 intra
1295 2276 1429 2370 alium;
1450 2283 1486 2351 et
1502 2276 1587 2350 dicit

417 2396 480 2489 qui
501 2403 586 2470 sunt
601 2396 824 2470 habitatores
849 2395 1004 2468 istorum
1031 2395 1197 2469 vicorum
1223 2402 1259 2470 et
1276 2395 1512 2490 circulorum,
1529 2396 1584 2470 di·

416 2537 526 2591 cens:
552 2519 626 2590 tutti
643 2537 709 2589 son
730 2519 812 2608 plen
836 2518 874 2588 di
897 2519 998 2607 spirtt‘
1023 2519 1205 2606 malocelli,
1231 2516 1365 2591 scilicet
1383 2537 1583 2611 pravorum

416 2641 673 2731 peccatorum3
694 2642 731 2709 et
756 2655 829 2708 nou
847 2635 1024 2730 intelligas
1041 2635 1139 2729 quod
1157 2656 1229 2709 nou
1247 2635 1317 2708 sint
1334 2656 1485 2730 capaces
1502 2637 1585 2730 plu-

417 2758 527 2849 rium,
558 2755 621 2830 sed
651 2762 705 2830 est
730 2755 861 2829 modus
886 2756 1057 2849 loquendi
1083 2755 1173 2849 talis,
1199 2757 1293 2830 sicut
1317 2779 1340 2830 a
1365 2756 1471 2830 simili
1497 2756 1586 2830 dici-

416 2897 517 2950 mus:
532 2883 606 2952 tota
623 2876 749 2951 civitas
774 2885 829 2951 est
853 2876 959 2970 plena
984 2877 1128 2951 vitiosis.
1147 2877 1191 2949 Et
1208 2877 1335 2950 invitat
1351 2884 1521 2952 autorem
1538 2879 1584 2952 ad

416 2997 715 3072 considerandam
732 2996 868 3070 claram
886 2996 1149 3073 distinctionem
1168 2997 1323 3071 istorum
1345 2998 1583 3091 circulorum,

416 3119 561 3193 diceus:
591 3139 652 3191 nso
679 3121 809 3191 intendi
834 3113 963 3208 pereto
996 3139 1016 3191 e
1051 3139 1146 3190 corne
1181 3122 1445 3211 coacescant,
1480 3120 1584 3214 quasi

416 3237 533 3312 dicat:
559 3237 747 3312 considera
772 3257 921 3312 causam
950 3243 987 3310 et
1012 3237 1237 3331 qualitatem,
1267 3258 1385 3331 quare
1421 3243 1459 3312 et
1489 3259 1582 3332 quo-

412 3357 521 3433 modo
553 3357 611 3431 isti
639 3356 786 3452 spiritus
817 3363 902 3430 sunt
933 3355 983 3429 ita
1014 3356 1141 3430 inclusi
1171 3357 1231 3431 vel
1260 3357 1450 3451 carcerati,
1475 3358 1580 3450 quasi

411 3477 518 3571 dicat,
535 3482 684 3573 propter
705 3496 817 3569 quam
834 3476 980 3571 culpam
1006 3483 1043 3551 et
1056 3466 1095 3567 (θ)
1121 3497 1194 3570 qua
1211 3497 1338 3570 poena3
1357 3483 1394 3551 et
1411 3479 1480 3550 boc
1497 3478 1581 3552 volo

411 3602 510 3697 quod
535 3601 656 3694 lacius,
679 3597 807 3692 percle*
824 3604 888 3693 poi
913 3608 944 3674 te
967 3601 1057 3673 besti
1074 3622 1148 3692 por
1173 3603 1210 3673 lo
1227 3604 1328 3690 vett,
1347 3600 1450 3694 quasi
1467 3600 1581 3674 dicat:

410 3729 452 3797 ut
477 3743 524 3798 ex
549 3722 626 3797 sola
654 3722 792 3797 visione
817 3742 1014 3817 cognoscas
1039 3721 1106 3795 ista
1133 3721 1209 3795 loca
1235 3722 1296 3795 vel
1319 3722 1471 3815 scelera,
1498 3742 1582 3816 quae

408 3843 612 3937 puniuntur
628 3842 665 3916 in
683 3842 746 3935 eis,
764 3842 904 3936 absque
930 3863 1014 3916 mea
1038 3842 1293 3935 declaratione,
1320 3843 1467 3936 quando
1492 3862 1577 3937 per-

408 3964 601 4037 veniemus
629 3962 676 4036 ad
705 3983 761 4036 ea.
775 3965 882 4035 -D’
894 3965 988 4054 eqni.
1021 3963 1126 4035 Nunc
1152 3962 1321 4058 Virgilius
1345 3963 1392 4037 ad
1416 3962 1581 4036 declara-

408 4082 546 4157 tionem
580 4081 815 4159 distinctionis
847 4082 950 4156 iactae
982 4082 1105 4177 incipit
1137 4083 1320 4157 modicum
1347 4104 1368 4156 a
1396 4083 1516 4178 longe,
1542 4090 1580 4157 et

410 4202 596 4296 praemittit
609 4222 721 4276 unam
739 4200 951 4276 divisionem
969 4202 1226 4296 bimembrem,
1239 4223 1324 4295 quae
1336 4203 1498 4277 breviter
1509 4209 1580 4276 stat

409 4322 446 4395 in
472 4323 553 4416 boc,
570 4322 669 4415 quod
694 4340 805 4395 omne
829 4328 1020 4416 peccatum
1047 4343 1123 4415 quo
1148 4324 1259 4396 bomo
1284 4321 1432 4397 offendit
1448 4323 1578 4416 Deum,

407 4441 648 4518 committitur
679 4443 797 4517 altero
833 4442 992 4517 duorum
1028 4443 1221 4517 modorum
1258 4449 1412 4537 tantum,
1446 4443 1579 4518 scilicet

468 4618 495 4680 (¹)
511 4619 537 4670 8.
553 4620 613 4683 qula
629 4619 750 4671 bresller.
999 4619 1027 4684 Γ)
1043 4620 1078 4682 8.,
1095 4621 1126 4671 E.
1143 4633 1158 4670 e
1175 4625 1229 4681 tlt,
1246 4619 1409 4684 principales.

469 4695 495 4756 (¹)
511 4695 536 4745 8.
553 4696 651 4747 scilicet
667 4698 768 4760 ipse·
778 4698 810 4748 Ε.
827 4698 878 4750 boc
893 4704 932 4749 est
949 4699 1011 4761 ipsc·
1031 4743 1037 4755 .

468 4772 494 4832 (⁸)
511 4772 537 4820 8.
553 4771 622 4822 circs
638 4774 804 4836 promissum.

468 4849 496 4911 (⁸)
511 4847 537 4899 8.
553 4861 569 4899 s
584 4847 615 4898 ll.
631 4863 684 4915 quo
699 4851 853 4915 superiores,
869 4865 934 4916 quos
950 4853 1001 4902 ism
1017 4855 1045 4901 tu
1064 4849 1224 4913 percurristi.

469 4926 854 4994 sinemurum
