4154 6546
777 825 912 880 cimus
938 824 1092 879 nucmus
1117 823 1310 879 secundus.
1555 809 1625 877 397

459 981 496 1048 et
520 978 620 1065 optat
645 976 682 1044 et
706 969 814 1044 vellet
839 988 967 1043 omnes
992 990 1071 1043 esse
1100 969 1137 1042 in
1169 968 1274 1041 simili
1305 967 1412 1062 culpa
1438 975 1476 1042 et
1506 987 1626 1061 poena.

457 1092 542 1166 ldeo
571 1091 666 1165 benc
689 1096 799 1164 111101
824 1088 1019 1163 introducit
1052 1109 1167 1162 unum
1198 1095 1417 1162 centaurum
1443 1087 1629 1161 violentis-

457 1212 591 1286 simum
616 1211 662 1286 ad
693 1210 929 1304 loquendum,
952 1209 1096 1283 dicens:
1126 1232 1145 1282 e
1173 1211 1269 1299 run,
1301 1207 1436 1282 scilicet
1469 1207 1625 1282 istorum

457 1332 581 1425 trium,
607 1330 743 1404 scilicet
766 1330 901 1403 Nessus
929 1330 976 1403 de
1005 1350 1080 1422 quo
1109 1329 1231 1403 statim
1256 1328 1409 1416 dicetur,
1439 1320 1545 1419 pnild
1576 1331 1625 1401 du

456 1456 563 1546 10001,
596 1471 682 1526 cum
713 1471 805 1525 voce
836 1449 1008 1524 terribili:
1036 1471 1058 1521 0
1090 1452 1148 1522 voi
1176 1452 1237 1523 cte
1267 1452 1421 1522 scendet
1452 1452 1489 1522 la
1516 1456 1626 1539 costa,

456 1592 586 1647 versus
610 1572 743 1644 vallem
770 1576 946 1663 nostram,
971 1591 996 1642 a
1020 1573 1105 1662 pout
1126 1573 1277 1642 martiro
1302 1573 1440 1642 1011101
1464 1568 1555 1643 idest
1579 1570 1624 1643 ad

456 1690 555 1784 quod
579 1710 697 1786 genus
722 1689 914 1784 supplicii?
939 1691 1021 1762 ditet
1043 1693 1196 1780 costincr',
1215 1688 1350 1765 scilicet
1374 1689 1496 1762 statim
1521 1698 1626 1764 ante·

456 1831 569 1905 quarn
587 1810 741 1885 ulterius
757 1809 971 1905 procedatis²
997 1832 1034 1882 se
1052 1831 1124 1883 non
1140 1812 1264 1883 turco
1282 1812 1365 1901 liro,
1383 1808 1487 1903 quasi
1506 1809 1624 1884 dicat:

456 1932 485 2005 si
522 1952 596 2006 non
634 1931 808 2023 dixeritis,
834 1931 955 2007 statim
995 1930 1172 2028 sagittaho
1203 1952 1287 2004 vos:
1314 1949 1401 2004 ecce
1438 1930 1625 2023 quomodo

455 2058 646 2147 promptus
664 2062 720 2127 est
739 2050 785 2124 ad
810 2051 1031 2125 violentiam.
1050 2052 1094 2124 Et
1110 2050 1230 2124 subdit
1252 2050 1525 2145 responsionem
1543 2050 1625 2122 Vir·
1772 2091 1781 2109 ι

453 2174 528 2270 gilii
553 2174 705 2246 brevem
731 2178 768 2245 et
792 2172 971 2266 pulcram,
996 2172 1142 2247 dicens:
1169 2174 1204 2243 lo
1229 2175 1297 2244 mio
1322 2177 1478 2244 Maestro
1507 2173 1623 2243 disse:

454 2298 644 2389 incisorem
660 2297 697 2366 lo
712 2295 865 2385 rr'sposto
882 2314 907 2365 a
927 2295 1055 2365 cleon
1070 2295 1108 2365 di
1127 2283 1224 2365 costd
1236 2313 1373 2384 pressu,
1391 2290 1495 2385 quasi
1512 2291 1624 2367 dicat:

456 2415 627 2489 nolumus
653 2413 775 2487 iacere
801 2411 862 2485 tibi
893 2418 1035 2485 tanturn
1066 2412 1226 2506 honoris,
1252 2419 1295 2485 ut
1320 2412 1541 2507 respondere
1569 2411 1625 2484 di-

454 2554 614 2631 gnemur
649 2533 710 2607 tibi
744 2532 807 2626 qui
829 2525 866 2624 (¹)
898 2552 938 2607 es
971 2552 1069 2605 unus
1102 2532 1262 2626 insanus,
1294 2531 1357 2606 sed
1392 2529 1625 2626 respondebi-

455 2676 538 2729 mus
563 2654 625 2728 uni
643 2653 805 2747 sapienti,
823 2652 958 2726 scilicet
973 2652 1131 2745 Chironi,
1148 2651 1194 2726 de
1219 2672 1294 2746 quo
1319 2650 1438 2726 statim
1469 2650 1622 2724 dicetur.

454 2775 497 2847 Et
523 2774 608 2868 quia
634 2773 767 2847 Nessus
793 2771 953 2845 minatus
977 2772 1097 2845 suerat
1121 2792 1161 2845 se
1186 2771 1457 2866 sagittaturum,
1483 2771 1564 2843 ideo
1580 2761 1616 2861 (¹)

454 2895 549 2968 bene
568 2893 738 2987 Virgilius
764 2890 879 2965 reddit
904 2891 969 2965 sibi
999 2892 1129 2985 ricem,
1152 2899 1189 2966 el
1214 2892 1437 2985 improperat
1462 2897 1620 2965 mortem

454 3034 560 3088 suam
585 3014 707 3087 datam
734 3011 800 3086 sibi
825 3033 848 3086 1
873 3011 1013 3086 fortiori
1037 3012 1168 3108 sagitta
1189 3011 1366 3104 Herculis,
1384 3011 1488 3105 quasi
1506 3012 1621 3087 dicat:

455 3135 565 3227 salue,
590 3132 678 3225 quid
704 3131 854 3204 minaris
878 3130 1019 3226 sagitta,
1045 3131 1107 3224 qui
1133 3131 1263 3225 sagitta
1289 3151 1484 3225 percussus
1508 3131 1621 3205 iecisti

451 3252 562 3326 linem
586 3250 765 3325 violentiis
789 3250 891 3324 tuis?
908 3250 999 3324 Dicit
1024 3270 1115 3346 ergo
1140 3249 1258 3324 bene:
1283 3253 1358 3322 nrol
1376 3253 1418 3344 su
1443 3253 1479 3322 lu
1505 3253 1622 3341 ooplio

449 3379 510 3444 lua
524 3362 704 3462 conpresl
731 3377 832 3460 tosto,
852 3369 944 3444 idest
961 3375 1114 3463 testans,
1133 3368 1237 3463 quasi
1253 3369 1366 3444 dicat:
1387 3372 1484 3445 malo
1501 3377 1566 3445 tuo
1585 3381 1622 3447 et

449 3491 585 3565 damno
610 3497 674 3564 tuo
700 3490 869 3564 voluntas
893 3496 957 3563 tua
983 3490 1050 3563 luit
1074 3510 1221 3583 semper
1244 3489 1295 3563 ita
1318 3510 1480 3584 praeceps
1500 3490 1547 3564 ad
1564 3491 1621 3564 in·

449 3609 635 3685 ferendam
669 3608 839 3683 iniuriam
865 3609 983 3704 alteri,
1009 3608 1281 3703 propterquod
1312 3620 1352 3686 tu
1383 3610 1477 3683 luisti
1508 3611 1621 3684 inter-

448 3730 577 3825 iectus,
610 3737 651 3803 ut
680 3730 801 3804 statim
836 3729 1013 3823 sequitur.
1040 3730 1084 3802 ut
1112 3728 1163 3803 sic
1188 3727 1271 3804 vide
1296 3729 1482 3822 quomodo
1511 3740 1620 3807 autor

448 3852 543 3926 bene
567 3850 752 3925 interserit
776 3850 834 3924 hic
859 3850 1069 3925 violentiam
1095 3850 1208 3944 Nessi,
1234 3851 1321 3943 quia
1350 3850 1509 3923 multum
1536 3851 1620 3926 lacit

447 3971 494 4045 ad
519 3970 752 4066 principalem
781 3969 973 4045 materiam
1003 3970 1262 4065 violentorum,
1292 3972 1350 4045 vel
1366 3961 1402 4062 (³)
1431 3981 1472 4048 ut
1496 3977 1619 4046 osteu-

446 4091 510 4165 dat
533 4091 631 4184 quod
658 4092 780 4165 nullus
805 4097 923 4186 potest
947 4091 1069 4165 lacere
1093 4090 1130 4165 in
1155 4091 1268 4165 alium
1301 4091 1389 4165 illud
1419 4090 1518 4185 quod
1543 4092 1619 4187 ipse

448 4230 521 4284 non
545 4210 656 4305 possit
685 4210 848 4305 recipere
879 4209 926 4283 ab
955 4211 1037 4284 alio.
1052 4213 1190 4283 -Pot
1226 4211 1291 4284 Hic
1324 4217 1433 4284 autor
1464 4211 1619 4286 ostendit

448 4331 634 4424 quomodo
659 4331 831 4426 Virgilius
855 4330 1141 4405 manifestaverit
1157 4329 1223 4404 sibi
1244 4330 1434 4424 praedictos
1460 4342 1535 4408 tres
1554 4332 1618 4406 de·

446 4452 637 4526 scribendo
667 4452 828 4548 singulos
859 4472 882 4526 a
916 4452 1024 4527 certis
1039 4441 1075 4546 (⁸)
1110 4451 1408 4546 proprietatibus3
1435 4459 1472 4526 et
1501 4452 1620 4548 primo

446 4573 600 4647 Nessum
628 4578 817 4666 tamquam
839 4572 1103 4647 violentiorem.
1122 4572 1176 4646 Ad
1196 4572 1303 4646 cuius
1318 4564 1353 4665 (⁸)
1373 4572 1618 4668 cognitionem

507 4793 537 4858 (¹)
556 4795 581 4845 S.
597 4796 657 4860 qula
673 4807 709 4847 cs.
834 4793 863 4860 Ρ)
879 4797 909 4847 rt
925 4796 994 4847 unde
1009 4797 1076 4848 1111110
1092 4796 1217 4861 Virgilius
1232 4796 1363 4860 rospondlt
1379 4795 1489 4847 reddens
1504 4797 1561 4849 11111.

508 4870 536 4933 ω
552 4872 582 4922 lt
598 4875 625 4922 et
641 4875 679 4922 ut.
833 4873 907 4937 (1111.
923 4887 937 4923 a
953 4874 1032 4925 cortis
1046 4886 1140 4925 corum
1156 4873 1364 4938 proprietatibus.

509 4947 537 5011 (¹)
553 4947 584 4999 B.
601 4946 642 4997 Ad
659 4948 734 4999 culus
748 4949 944 5015 lutolllgnnlicm
959 4954 1007 5001 ert.
