4154 6546
457 802 528 870 388
854 819 1057 874 counnruu
1082 818 1232 872 menam

456 968 585 1036 taurus
611 983 724 1035 morse
747 985 784 1035 se
807 971 927 1054 stesso,
951 965 1043 1039 idest
1069 963 1264 1038 momordit
1288 983 1329 1037 se
1353 984 1398 1036 ex
1433 962 1535 1037 rabie
1558 962 1626 1037 irre

454 1082 531 1156 viso
556 1089 686 1157 autore
710 1083 795 1159 vivo
819 1105 905 1157 cum
931 1084 1091 1180 Virgilio,
1116 1086 1178 1178 qni
1195 1076 1231 1176 (⁴)
1252 1083 1364 1158 ambo
1381 1081 1623 1171 moralissimi,

454 1202 735 1297 clementissimi,
749 1212 854 1278 erant
867 1204 999 1278 inimici
1015 1205 1110 1299 eius;
1129 1215 1167 1282 et
1181 1204 1288 1278 dicit:
1306 1196 1337 1277 sl
1352 1225 1448 1277 come
1465 1205 1555 1296 quei,
1567 1205 1625 1275 coi

453 1325 476 1393 l
487 1326 546 1394 tra
570 1325 694 1397 dentro
716 1328 841 1416 limen,
860 1325 951 1400 idest
978 1325 1125 1419 rumpit,
1140 1324 1243 1418 quasi
1262 1324 1375 1398 dicat:
1395 1323 1489 1400 sicut
1509 1324 1622 1397 homo

453 1442 664 1516 accenditur
690 1443 744 1518 ira
770 1445 917 1538 quando
942 1444 1228 1539 parvipenditur,
1255 1443 1304 1517 ita
1329 1464 1427 1517 nunc
1443 1441 1625 1518 Minotau-

454 1584 528 1636 rus.
554 1564 599 1636 Et
622 1564 744 1641 subdit
758 1555 794 1656 (²)
819 1571 929 1639 autor
949 1564 1105 1660 qualiter
1121 1564 1292 1660 Virgilius
1309 1546 1500 1660 magnifiee
1516 1562 1624 1637 seda-

453 1683 548 1757 verit
572 1684 665 1757 iram
691 1685 895 1778 Minotauri,
920 1685 1063 1761 dioens:
1084 1688 1117 1758 to
1141 1687 1241 1758 sorno
1266 1687 1336 1758 mro
1358 1676 1476 1775 qrtdd,
1493 1688 1622 1757 contra

453 1804 554 1877 illum
582 1804 844 1900 improperiose
859 1796 920 1898 (³):
947 1813 982 1878 tu
1006 1809 1104 1879 credi
1124 1809 1223 1900 forse
1245 1806 1305 1878 cte
1329 1807 1389 1896 qni
1403 1806 1458 1877 sto
1482 1807 1508 1877 't
1530 1807 1623 1878 duco

450 1926 604 2016 d'Atene,
638 1926 773 2001 scilicet
804 1928 974 2019 Theseus,
1012 1928 1071 1998 che
1099 1929 1125 1999 ti
1152 1946 1261 2017 porse
1292 1927 1329 2028 to
1358 1931 1468 1998 morte
1497 1945 1539 1998 su
1563 1927 1624 1997 aet

452 2047 593 2136 nwrrdo,
627 2045 761 2120 scilicet
791 2045 1004 2140 viventium,
1036 2045 1099 2120 sed
1130 2066 1203 2120 non
1229 2051 1283 2119 est
1311 2044 1379 2138 sic;
1406 2044 1487 2118 ideo
1511 2043 1619 2119 dicit:

449 2169 583 2256 partiti,
608 2166 727 2257 bestia,
753 2160 824 2258 clre',
850 2166 942 2243 idest
965 2165 1062 2259 qnia,
1089 2169 1208 2257 questi,
1226 2165 1360 2240 scilicet
1383 2164 1528 2256 Dentes,
1548 2184 1621 2237 non

451 2288 547 2358 otene
575 2293 788 2358 omoestrato
821 2289 870 2359 do
899 2288 936 2358 to
968 2293 1028 2357 tna
1061 2287 1202 2376 sorello,
1232 2284 1368 2359 scilicet
1396 2283 1553 2358 Adriano
1568 2270 1620 2379 (⁸),

453 2406 547 2479 sicut
564 2407 691 2481 doctus
708 2407 776 2481 init
792 2407 964 2500 Theseus,
981 2406 1084 2499 quasi
1101 2405 1214 2480 dicat:
1240 2406 1307 2479 iste
1324 2426 1398 2480 non
1415 2404 1513 2480 venit
1537 2404 1619 2479 vin-

453 2546 538 2600 cere
564 2533 599 2600 te
626 2526 808 2600 mediante
832 2526 961 2600 fraude
986 2525 1160 2619 mulieris,
1186 2525 1280 2598 sicut
1308 2527 1481 2618 Theseus,
1506 2524 1621 2599 immo

455 2647 635 2721 mediante
662 2648 796 2722 virtute
828 2667 906 2740 sua,
940 2647 1026 2740 quia
1060 2647 1158 2721 venit
1190 2656 1231 2722 ut
1257 2646 1383 2741 discat,
1400 2644 1567 2741 expensis
1581 2636 1618 2735 (⁸)

454 2768 525 2842 tuis
560 2768 618 2841 vel
649 2767 807 2842 aliorum
839 2765 1095 2860 violentorum,
1122 2766 1307 2860 quomodo
1340 2767 1472 2843 debeat
1502 2765 1619 2840 vitare

451 2887 538 2961 vitia
564 2886 743 2961 violentia
768 2885 805 2959 in
830 2906 870 2960 se
895 2892 931 2960 et
956 2887 993 2959 in
1018 2886 1106 2980 aliis,
1133 2908 1180 2962 ne
1199 2889 1311 2961 homo
1330 2875 1507 2978 lundatl⁶l
1534 2905 1619 2959 san·

450 3007 600 3103 guinem
627 3008 843 3099 humanum,
869 3013 934 3080 aut
967 3006 1083 3100 rapiat
1110 3026 1161 3080 aas
1191 3007 1372 3101 alienum3
1402 3004 1617 3079 insonteis:

449 3150 509 3200 mn
534 3131 629 3202 vassi
653 3150 722 3220 per
747 3130 850 3200 veder
875 3130 906 3200 te
930 3135 1045 3200 nostre
1063 3148 1166 3219 perse,
1192 3134 1233 3200 ut
1257 3127 1337 3200 illas
1365 3125 1545 3201 describat
1568 3123 1614 3198 ad

449 3258 629 3323 terrorem
656 3255 692 3322 et
718 3249 927 3342 exemplum
953 3247 1186 3321 aliorum-
1202 3249 1320 3334 Quale.
1339 3246 1403 3319 llic
1428 3241 1618 3318 autorde-

449 3369 571 3442 scribit
595 3367 845 3443 conlusionem
863 3367 1055 3441 Minotauri
1073 3388 1118 3441 ex
1136 3367 1258 3441 verbis
1275 3366 1412 3462 Virgilii
1429 3386 1495 3462 per
1515 3384 1620 3439 com-

448 3488 674 3584 parationem
701 3488 796 3561 tauri
822 3488 1006 3582 propriam
1033 3499 1069 3564 et
1094 3487 1346 3581 manilestam3
1365 3497 1402 3562 et
1425 3485 1510 3559 dicit
1534 3486 1621 3560 bre-

448 3609 542 3683 viter
570 3607 668 3702 qnod
698 3607 924 3681 Minotaurus
954 3607 1070 3683 iactus
1104 3614 1158 3681 est
1197 3607 1356 3681 furiosus
1384 3606 1431 3681 ad
1461 3606 1617 3680 verbum

448 3726 597 3824 Virgilii,
610 3726 704 3803 sicut
717 3734 845 3801 taurus
861 3727 907 3801 ad
921 3726 1032 3800 ictum
1051 3717 1297 3819 mactantisd).
1311 3727 1402 3801 Dicit
1413 3746 1524 3822 ergo:
1545 3727 1622 3800 Vidi

448 3852 483 3922 lo
509 3852 708 3921 Minotauro
730 3851 794 3940 sor
817 3851 939 3938 cotole,
957 3850 1058 3938 quate
1082 3850 1161 3939 quel
1184 3855 1275 3937 toro,
1292 3847 1419 3942 supple
1432 3836 1468 3939 (⁸)
1491 3846 1543 3940 hl,
1559 3848 1620 3919 che

447 3971 479 4041 π’
510 3971 653 4057 staec-io,
686 3966 777 4041 idest
805 3966 1036 4068 dilaqneatur
1065 3978 1102 4044 et
1131 3959 1404 4061 dissolviturlb,
1429 3970 1467 4039 tn
1491 3968 1617 4058 quello,

446 4087 581 4163 scilicet
601 4086 692 4180 vice,
708 4075 797 4159 ch’d
820 4088 971 4159 riccardo
988 4089 1128 4179 tlcolpo
1145 4091 1305 4179 mortale,
1326 4087 1461 4161 scilicet
1477 4086 1617 4161 securis

446 4206 483 4281 in
508 4207 636 4302 capite,
661 4229 680 4279 e
703 4210 762 4298 pir
785 4228 856 4279 non
881 4228 937 4299 so,
967 4229 986 4279 e
1015 4229 1085 4298 quo
1109 4230 1128 4280 e
1153 4198 1189 4280 td
1213 4211 1357 4281 sotello.
1385 4208 1427 4280 ut
1458 4206 1509 4281 sic
1533 4206 1617 4283 vide

445 4335 625 4422 quantum
649 4320 701 4420 (¹⁰)
729 4328 954 4421 comparatio
972 4329 1066 4402 bene
1083 4329 1275 4403 conveniat
1291 4321 1342 4420 (Η)
1366 4329 1412 4402 de
1438 4335 1546 4404 tauro
1570 4329 1617 4404 ad

506 4545 533 4608 (¹)
550 4546 580 4597 E.
596 4547 656 4610 quia
672 4547 748 4597 ambo
764 4548 928 4598 moralissimi
945 4554 971 4599 et
988 4551 1186 4600 clementissimi.

505 4622 531 4683 ρ)
547 4622 572 4672 S.
589 4622 622 4672 111
638 4623 724 4673 subdit
739 4624 859 4687 qualiter.
948 4624 974 4685 (¹)
990 4626 1020 4676 Ε.
1036 4628 1187 4689 impetuose.

504 4699 531 4759 (⁸)
548 4699 578 4748 E.
596 4699 718 4759 Ariadna,
735 4701 802 4750 sicut
818 4702 910 4752 doctus
926 4701 976 4751 suit
991 4703 1023 4752 ab
1039 4715 1069 4752 es
1087 4703 1209 4753 Theseus.

505 4774 531 4835 (⁸)
549 4775 579 4824 F..
591 4789 623 4824 ex
639 4777 720 4838 paenis
736 4778 788 4828 luis
802 4784 829 4829 et
846 4779 965 4831 altorum.

506 4850 532 4910 (⁸)
547 4851 572 4901 S.
588 4851 711 4903 eliundat.
944 4857 970 4918 (Ἴ)
987 4857 1018 4906 Ε.
1034 4856 1214 4908 macellatoris.
1347 4857 1375 4919 θ)
1389 4859 1415 4910 S
1432 4859 1524 4924 supple
1540 4858 1611 4912 iacit.

505 4928 532 4992 (⁸)
547 4928 574 4979 S.
589 4928 736 4979 resolvitur.
932 4931 971 4995 (¹⁸)
988 4937 1041 4992 llo,
1058 4934 1176 4996 qualiter.
1338 4936 1374 4996 (¹⁸)
1391 4940 1446 4995 lit,
1462 4937 1590 4988 comunt
