4154 6546
861 781 998 838 CANTUS
1023 781 1204 837 slll'l'llllis.
1542 773 1612 839 245

446 929 547 1002 racio
571 926 690 1016 uestit,
719 922 810 998 idest
839 925 968 999 nobilis
999 927 1111 1001 Poeta
1140 923 1320 1022 Virgilius,
1350 926 1414 1020 qui
1444 928 1615 1020 quamvis

448 1052 542 1121 esset
568 1040 735 1140 ignobilis
765 1062 903 1139 genere
916 1038 954 1136 (¹)
986 1043 1053 1118 luit
1083 1050 1207 1118 tamen
1241 1042 1369 1118 nobilis
1397 1045 1547 1121 scientia
1578 1054 1616 1121 et

446 1166 603 1258 virtutc3
628 1163 688 1237 vel
717 1166 836 1255 nectit,
861 1163 953 1238 idest
981 1183 1158 1259 paganus,
1187 1165 1248 1237 cte
1275 1171 1359 1239 mtto
1387 1187 1503 1259 cappe,
1529 1167 1614 1261 quia

446 1281 617 1379 Virgilius
627 1272 664 1374 (¹)
692 1282 793 1356 novit
823 1281 871 1356 de
900 1281 1072 1357 omnibus
1101 1281 1258 1358 scientiis
1287 1282 1434 1378 aliquid,
1459 1285 1553 1359 sicut
1577 1294 1615 1361 et

447 1403 523 1498 ipse
541 1401 702 1498 *Dantes5
727 1401 827 1478 unde
851 1402 956 1476 litera
981 1407 1099 1496 potest
1124 1421 1205 1477 esse
1229 1420 1318 1476 vera
1342 1402 1389 1478 de
1418 1404 1615 1500 generibus

448 1520 690 1617 singulorum,
716 1526 753 1595 ct
777 1540 852 1595 non
876 1520 923 1596 de
947 1519 1098 1617 siugulis
1121 1539 1314 1616 generum.
1344 1524 1461 1596 lutor
1490 1531 1613 1600 tamen

448 1639 612 1733 loquitur
626 1628 664 1730 (³)
682 1638 901 1734 yperbolice,
919 1639 1011 1714 idest
1027 1639 1267 1734 superlative:
1285 1643 1377 1715 disse
1385 1663 1455 1735 per
1474 1648 1616 1737 consor-

449 1761 650 1849 tarmi,n0n
666 1761 692 1831 a·
706 1761 829 1831 nocua
844 1761 883 1831 lu
898 1766 958 1831 tau
968 1779 1111 1850 pucra5
1128 1760 1199 1832 hoc
1215 1756 1271 1835 est
1289 1759 1430 1833 clarum
1447 1761 1615 1857 inprime

450 1876 620 1971 capitulo,
655 1876 718 1951 ubi
748 1883 859 1952 autur
892 1876 1048 1952 ostendit
1078 1896 1119 1952 se
1147 1878 1229 1972 plus
1259 1877 1391 1953 timere
1417 1880 1614 1955 avariciam

450 2016 564 2090 quam
588 1994 687 2072 aliud
711 1995 859 2090 vicium,
885 2002 923 2070 et
947 1995 997 2070 ibi
1020 1995 1203 2092 assignavi
1218 1985 1254 2088 (⁸)
1273 2018 1422 2092 causas3
1443 2000 1541 2075 unde
1557 2020 1617 2075 as·

450 2117 569 2213 signat
592 2135 742 2190 causam
768 2134 886 2209 quare
910 2135 984 2190 non
1008 2115 1138 2191 debeat
1163 2116 1304 2212 timere
1330 2120 1389 2192 cie
1419 2122 1531 2212 pcdev
1558 2123 1618 2194 rloe

449 2237 598 2327 fatua,
622 2235 713 2311 idest
738 2235 906 2330 quamvis
919 2226 958 2328 (⁵)
982 2235 1142 2310 avaricia
1166 2235 1211 2309 sit
1240 2244 1380 2332 potens,
1401 2239 1494 2315 adeo
1518 2241 1617 2334 quod

451 2355 561 2431 vincit
584 2356 793 2431 sacerdotes
811 2361 849 2431 et
865 2355 1071 2449 prophetas,
1089 2359 1214 2429 tamen
1231 2375 1304 2430 non
1321 2357 1454 2451 poterit
1470 2357 1617 2433 vincere

448 2482 497 2571 te,
512 2479 634 2551 maci
658 2465 761 2549 torrd
784 2478 820 2549 lo
842 2477 988 2549 scender
1004 2480 1124 2566 questa
1141 2477 1274 2567 νοσσία,
1291 2475 1384 2550 idest
1398 2496 1472 2551 uon
1489 2478 1617 2572 cripiet

449 2596 552 2671 nobis
584 2596 802 2671 descensum
831 2594 880 2669 ad
909 2594 1022 2668 istum
1052 2592 1233 2668 circulum
1266 2600 1454 2687 quartum.
1485 2596 1617 2672 Roccia

448 2717 559 2811 euim,
577 2715 669 2791 idest
694 2716 784 2810 ripa,
809 2713 1012 2810 appellatur
1025 2704 1063 2806 (⁶)
1089 2712 1299 2809 superficies
1323 2715 1538 2810 scrupulosa
1563 2717 1617 2790 rei

450 2836 544 2909 sicut
567 2833 657 2927 sari,
683 2841 720 2910 et
743 2833 839 2909 benc
868 2832 964 2927 dicit7
991 2832 1077 2926 quia
1090 2820 1129 2924 (⁷)
1160 2833 1207 2908 de
1238 2832 1292 2908 rei
1324 2833 1478 2910 veritate
1507 2842 1615 2909 autor

452 2973 525 3028 non
563 2952 629 3026 luit
672 2973 820 3046 avarus,
849 2951 925 3029 imo
966 2951 1062 3027 istud
1097 2951 1233 3027 vicium
1246 2943 1285 3044 (⁸)
1320 2954 1403 3047 plus
1439 2954 1617 3049 displicuit

452 3072 518 3147 sibi
543 3092 656 3167 quam
681 3079 827 3165 catera,
852 3076 890 3147 et
915 3071 1032 3168 magis
1050 3071 1251 3147 detestatur
1268 3071 1387 3165 ipsum
1401 3063 1438 3163 (⁹)
1467 3073 1616 3166 ubique,

452 3192 534 3267 ideo
568 3191 744 3267 audacter
757 3182 811 3284 (¹⁰)
845 3190 995 3267 intrabit
1027 3191 1138 3266 istum
1170 3189 1363 3284 circulum,
1389 3198 1426 3265 et
1450 3192 1615 3267 ostendet

453 3311 560 3386 istam
571 3317 711 3406 pestem
724 3301 863 3403 lurel¹¹)
876 3309 1156 3406 fugiendam-
1166 3313 1241 3384 Pol
1256 3310 1322 3384 llic
1336 3317 1447 3385 autor
1463 3311 1619 3386 ostendit

451 3429 637 3523 quomode
661 3428 831 3526 Virgilius
857 3429 1077 3523 quietarerit
1101 3430 1295 3505 Plutonem
1320 3427 1466 3505 dicens:
1491 3433 1556 3524 poi
1583 3454 1620 3505 re

449 3551 578 3623 rieule
603 3570 628 3623 a
651 3551 766 3642 qudlu
788 3550 913 3640 irtfiatu
937 3549 1045 3639 mdiu,
1067 3548 1160 3626 idest
1173 3539 1226 3640 (¹²)
1242 3549 1289 3624 ad
1306 3549 1516 3644 superbiam
1533 3551 1620 3625 Plu-

450 3668 556 3762 tonis,
577 3668 664 3763 quia
680 3667 866 3764 opulentia
884 3667 1101 3744 diviciarum
1121 3668 1244 3762 inllat3
1270 3668 1365 3743 labia
1381 3668 1479 3745 enim
1496 3671 1621 3765 appel-

450 3787 548 3862 latur
564 3787 731 3862 habilitas
747 3785 852 3862 laciei
867 3787 965 3882 apud
982 3786 1225 3882 Florentinum
1242 3788 1342 3863 unde
1359 3779 1505 3879 nota(¹³)
1521 3790 1620 3883 quod

452 3906 545 3981 sicut
557 3904 683 3981 scribit
692 3905 927 4001 philosophus
939 3907 969 3978 ss
981 3906 1262 3981 Rhetorieorum
1278 3906 1486 3981 describens
1498 3928 1621 3983 mores

514 4126 541 4186 (³)
557 4125 583 4176 8.
598 4138 702 4190 gwere.
717 4129 805 4176 tamen
820 4128 877 4175 erat
893 4122 986 4176 uohllls
1001 4125 1116 4177 scicntia.
1263 4126 1292 4188 (¹)
1309 4126 1340 4175 lc
1355 4127 1409 4189 lpse
1424 4124 1559 4190 Vlrglliur.

516 4199 544 4263 (⁸)
558 4201 590 4252 Β.
605 4201 722 4266 luqultur
736 4201 781 4252 lile
795 4200 963 4264 mperbollec.

516 4275 543 4340 (Ρ)
558 4276 590 4327 ll.
604 4278 716 4342 uulgum
731 4290 833 4339 usuam
848 4277 919 4329 unde
934 4278 978 4329 hle
992 4278 1104 4342 migma
1120 4291 1224 4330 cauam
1239 4290 1321 4342 quare
1336 4290 1390 4328 nun
1405 4276 1497 4328 dalem
1511 4276 1613 4328 limare.

515 4352 542 4414 (¹)
557 4352 583 4403 S.
598 4353 716 4418 qumvis
731 4353 824 4404 habeat
839 4353 995 4415 acerdoter,
1010 4359 1037 4405 et
1053 4354 1200 4418 prophetas,
1217 4359 1305 4405 tamen
1319 4365 1372 4405 nou
1389 4352 1492 4416 poterlt.

515 4429 542 4492 (⁸)
558 4433 612 4490 tlt,
628 4430 725 4481 Rocclr
740 4430 811 4481 enlm
826 4430 972 4494 appellatur
987 4430 1137 4495 mpersscler
1152 4430 1312 4494 mulera.

514 4506 541 4568 (¹)
556 4506 584 4558 S.
599 4507 660 4571 quir
675 4510 752 4558 autor
767 4521 820 4558 non
834 4507 894 4559 fult.

504 4734 542 4799 (¹¹)
557 4735 584 4788 S.
604 4735 670 4788 idest
690 4737 832 4802 superbum
848 4737 987 4789 Plutonem
1002 4737 1063 4803 qula
1077 4735 1219 4800 opulentia.
1235 4761 1264 4773 -
1282 4738 1337 4798 110,
1354 4735 1420 4787 idest
1434 4734 1467 4787 ad
1482 4735 1623 4800 apertum

456 4824 486 4861 uc
500 4810 619 4864 Plutum
633 4813 694 4877 qula
709 4813 842 4878 opulmllu
856 4814 1005 4866 dlrltiarum
1020 4812 1109 4868 tulleta
1124 4813 1194 4865 uude
1209 4816 1272 4866 nota
1286 4813 1356 4878 quud
1372 4813 1440 4865 aient
1453 4812 1551 4865 rcrllrd.

504 4884 542 4949 (Ἦ
558 4886 589 4940 B.
605 4889 675 4942 unde
690 4889 834 4941 mtmdum
850 4890 928 4955 quod.
