4154 6546
447 796 517 862 262
835 805 1039 862 comneni
1064 804 1216 859 mnam

445 947 642 1024 adveniens
665 947 801 1022 homini
818 949 896 1024 sine
921 948 1073 1034 ratione.
1094 947 1153 1023 Sic
1168 967 1259 1044 ergo
1276 953 1376 1042 putot
1392 949 1491 1042 quon
1508 949 1613 1046 igno-

447 1068 562 1142 rantia
595 1059 807 1160 humanat)
843 1068 1015 1163 imposuit
1044 1067 1140 1142 istud
1168 1086 1303 1142 nomen
1337 1066 1496 1162 fortuna,
1526 1086 1612 1142 num

312 1219 313 1223 Ν
445 1207 562 1261 unum
588 1194 626 1262 ot
649 1186 746 1261 idom
772 1188 975 1291 appellatur
1007 1187 1200 1271 fortuitum
1228 1188 1276 1261 nh
1306 1207 1392 1279 uno,
1417 1189 1517 1282 quod
1542 1208 1615 1264 non

445 1307 647 1403 appellatur
671 1306 862 1381 fortuitum
887 1307 936 1381 ah
959 1308 1043 1403 alio,
1061 1309 1154 1382 sient
1171 1314 1270 1402 patet
1283 1297 1320 1399 (²)
1342 1308 1380 1381 in
1396 1328 1484 1382 easu
1503 1326 1615 1403 quom

447 1427 547 1522 ponit
571 1426 803 1522 philosophus
826 1427 857 1499 ll
871 1417 909 1517 (³)
934 1427 1180 1523 physicorum,
1206 1433 1244 1501 et
1268 1426 1416 1501 Boetius
1448 1427 1486 1501 in
1511 1428 1552 1501 V.
1579 1426 1615 1502 Sl

446 1548 565 1637 cultor
599 1545 802 1621 oondnotus
839 1546 966 1639 praetio
996 1566 1017 1618 a
1049 1546 1205 1620 homino
1236 1545 1317 1642 agri
1352 1545 1440 1619 dum
1476 1544 1616 1623 fooomt

446 1685 579 1762 agrum
606 1664 740 1759 reperit
765 1665 993 1758 thesaurum,
1018 1664 1129 1739 modo
1144 1665 1212 1740 ista
1230 1664 1391 1740 inventio
1407 1664 1489 1739 auri
1505 1652 1543 1756 (⁸)
1563 1665 1618 1738 ri·

447 1785 554 1873 detur
579 1783 727 1858 fortuita
744 1784 841 1878 apud
858 1784 1067 1879 ignorantes
1084 1804 1234 1867 cansam
1249 1808 1258 1855 ε
1277 1791 1402 1859 tamen
1420 1805 1518 1858 unns
1534 1804 1616 1858 mo·

447 1924 542 1999 gnus
566 1903 772 1999 astrologus
795 1903 859 1996 qui
884 1909 1081 1998 cognoscat
1111 1902 1335 1977 nativitatem
1365 1903 1460 1977 illios
1489 1903 1616 1989 rustioi

449 2030 486 2096 et
510 2020 631 2098 rideat
654 2042 804 2096 cansam
830 2041 948 2116 quare
962 2013 1000 2114 (l)
1020 2020 1080 2096 illo
1099 2021 1280 2095 invenerit
1295 2041 1444 2115 aurum,
1465 2042 1539 2097 non
1557 2041 1618 2097 re·

448 2143 588 2237 pntahit
605 2144 674 2217 hoo
693 2141 901 2216 fortuitnmz
923 2148 960 2217 ot
983 2142 1145 2219 declarat
1160 2142 1441 2217 oecultationem
1459 2142 1615 2215 lortunm

449 2269 515 2356 pe'r
538 2262 655 2336 §mile
670 2251 705 2352 (⁶)
730 2261 870 2335 dioens:
888 2281 984 2334 eoam
998 2263 1035 2333 in
1051 2262 1138 2333 erbo
1153 2263 1176 2333 Γ
1189 2281 1316 2352 morso,
1335 2260 1428 2334 idest
1448 2278 1615 2355 sarpeos3

450 2381 580 2478 anguis
605 2381 702 2455 enim
729 2379 793 2474 qni
818 2381 906 2455 latet
930 2380 974 2484 in,
991 2380 1106 2455 herha
1130 2379 1232 2474 prius
1257 2379 1400 2454 mordet
1427 2380 1616 2455 hominem

450 2521 561 2595 qnam
587 2500 809 2594 perpendat:
840 2506 877 2574 et
906 2500 956 2573 ita
980 2500 1126 2574 fortuna
1155 2501 1331 2594 praevenit
1361 2500 1549 2575 hominem
1580 2505 1617 2574 et

451 2619 644 2713 prosternit
668 2623 867 2710 antequam
892 2618 1038 2713 eogitet,
1064 2617 1153 2692 dum
1179 2625 1234 2693 est
1259 2619 1296 2692 io
1320 2620 1412 2695 hore
1435 2616 1619 2714 prosperi-

453 2737 533 2811 tatis
561 2742 599 2810 et
628 2743 775 2830 reputat
806 2756 846 2810 se
876 2737 993 2833 magis
1020 2756 1206 2811 securum.
1237 2739 1282 2810 nt
1313 2738 1457 2812 subdit:
1496 2743 1619 2815 Vestro
1731 2720 1738 2735 ⁸

449 2876 555 2939 sorar
577 2875 650 2927 ooo
673 2857 721 2927 ho
740 2863 918 2929 oooaosto
936 2877 961 2928 o
978 2858 1033 2947 tei,
1050 2863 1200 2951 propter
1217 2858 1289 2931 iam
1307 2858 1413 2952 dieta
1435 2858 1522 2952 quio
1541 2857 1620 2933 ior·

452 2981 541 3048 tuna
565 2978 621 3048 est
646 2974 823 3070 ignorata,
849 2981 887 3049 et
911 2975 1069 3050 liberum
1089 2976 1282 3050 arbitrium
1302 2984 1447 3052 nonest
1465 2976 1527 3051 uhi
1544 2996 1618 3053 non

451 3100 506 3167 est
529 3093 671 3186 alentio,
696 3100 734 3168 et
759 3094 888 3168 electio
913 3114 987 3169 non
1007 3102 1063 3169 est
1079 3095 1116 3169 in
1135 3095 1320 3192 ignoratis.
1338 3096 1501 3171 Fortuna
1520 3097 1618 3172 onim

452 3219 507 3286 est
531 3219 665 3307 preter
696 3213 934 3308 propositum,
952 3220 990 3288 et
1013 3234 1080 3309 per
1103 3215 1289 3309 accidens3
1320 3215 1418 3291 unde
1446 3217 1620 3312 hugota·

453 3354 522 3407 nus
538 3333 582 3406 lv
599 3332 645 3407 da
669 3332 822 3413 Ciuitate
838 3334 920 3408 Deir
937 3355 998 3409 eos
1022 3332 1161 3426 comos,
1183 3356 1259 3427 quo
1273 3340 1429 3430 [ormitoe
1444 3340 1618 3428 mmm,

452 3473 525 3525 noo
548 3473 621 3526 essa
644 3455 789 3527 dirimas
812 3456 928 3527 nullos
942 3456 1006 3526 sed
1023 3449 1184 3527 occultos.
1206 3455 1249 3526 Et
1268 3455 1425 3529 Thomas
1445 3455 1491 3529 da
1508 3454 1621 3548 honi·

455 3592 524 3646 no:
551 3591 594 3645 eo
618 3589 784 3664 puoeper
808 3574 968 3645 madens
990 3574 1045 3644 lto
1069 3578 1312 3664 apameam
1334 3576 1621 3651 atrebatense-

452 3691 584 3765 rotihos
602 3693 675 3763 noe
689 3690 861 3782 mammos,
873 3692 1084 3767 remmom
1099 3695 1138 3765 in
1151 3694 1307 3783 oliam
1323 3713 1467 3765 emnam
1475 3711 1619 3785 preor-

454 3814 643 3902 aennon
667 3830 744 3902 ouo
773 3798 874 3901 κη’)
900 3812 1124 3902 providente
1156 3812 1286 3887 meno
1316 3812 1362 3885 Et
1389 3811 1448 3885 hic
1481 3815 1566 3884 nota
1582 3801 1619 3901 (⁸)

455 3930 568 4011 lector
593 3928 692 4026 quod
724 3948 798 4009 oon
825 3929 946 4005 solum
971 3929 1131 4026 theologi
1150 3930 1347 4025 christiani,
1366 3930 1431 4005 sed
1449 3937 1487 4005 et
1511 3930 1618 4021 multi

455 4048 653 4144 philosophi
667 4055 704 4127 st
715 4055 834 4144 poeta
845 4049 977 4146 pagani
993 4057 1130 4146 negant
1146 4051 1350 4146 fortunam3
1368 4051 1467 4126 unde
1478 4051 1620 4125 linono

457 4168 540 4249 hius
554 4168 664 4249 Libro
680 4168 928 4253 Saturnalium
946 4169 988 4262 V,
1016 4170 1124 4245 dicit:
1150 4175 1324 4245 Homnae
1343 4173 1464 4244 mosot
1486 4173 1621 4246 oesoim

452 4290 646 4380 fortunam,
659 4296 692 4361 et
702 4291 769 4362 soli
783 4293 859 4362 Deo
871 4293 991 4362 omnio
1002 4293 1157 4382 rependo
1169 4293 1353 4365 commi&
1368 4291 1538 4386 Virgilius
1550 4310 1620 4363 au·

454 4415 527 4481 tem
553 4408 717 4482 attrihnit
743 4408 777 4483 ei
802 4409 1112 4505 omnipotentiam,
1133 4432 1244 4505 qnam
1271 4423 1308 4488 et
1332 4410 1531 4507 philosophi
1556 4408 1618 4501 qni

515 4671 543 4731 (¹)
559 4672 590 4721 n.
606 4672 750 4724 hominum.
1195 4679 1221 4744 m
1238 4684 1292 4740 m,
1308 4683 1423 4745 mer,

516 4744 541 4805 t‘i
558 4746 589 4795 n.
605 4749 689 4810 pomo
705 4749 886 4813 samsom
1192 4758 1219 4818 (⁸)
1236 4761 1291 4817 no,
1308 4756 1432 4807 messum

515 4821 542 4882 o
556 4821 582 4872 S·
599 4836 679 4886 mue
695 4825 832 4888 invenerit
847 4841 901 4880 oon
916 4831 1045 4894 :mono
1062 4832 1120 4884 noe
1193 4833 1220 4895 p>
1236 4833 1262 4884 s
1278 4831 1482 4884 emortuam

515 4894 889 4962 oposemopmousnoa
1194 4902 1603 4971 pomonam-mmuh.
