4154 6546
582 771 651 837 300
973 779 1175 834 uouunruu
1201 783 1352 836 iurantur

582 925 762 1000 maledicti
786 923 918 997 diaboli
944 923 1007 1015 qui
1025 925 1223 1001 noluerunt
1239 926 1431 1001 admittere
1448 930 1537 1001 me‘i
1554 925 1656 1002 Unde
1672 927 1748 1021 ipse

581 1046 750 1141 Virgilius
780 1043 883 1139 fingit
913 1042 958 1116 vi
987 1045 1152 1140 Eneydos
1183 1045 1282 1138 quod
1313 1046 1446 1142 Sybiila
1482 1047 1578 1122 dieat
1614 1048 1748 1122 Eneae:

583 1169 676 1239 Nulli
696 1169 756 1257 sos
779 1171 876 1235 custo
900 1166 1104 1236 scaloniam
1127 1167 1285 1238 insistere
1309 1168 1530 1238 timon-Et
1553 1187 1578 1237 a
1603 1187 1666 1237 nte.
1684 1166 1748 1240 Hic

581 1284 737 1360 ostendit
768 1284 953 1376 quomodo
984 1283 1154 1380 Virgilius
1188 1285 1356 1376 quamvis
1390 1285 1504 1357 iratus
1534 1286 1749 1360 exhortatus

582 1404 692 1478 suerit
718 1403 836 1497 ipsum
862 1423 910 1478 ne
935 1404 1105 1497 perderet
1130 1423 1232 1497 spem
1251 1405 1405 1496 bonam3
1427 1403 1524 1477 unde
1540 1404 1648 1480 dicit:
1666 1409 1711 1477 Et
1725 1426 1749 1475 u

583 1545 635 1596 ore
658 1527 774 1597 duee:
800 1531 835 1595 tu
864 1543 936 1595 iton
964 1524 1152 1615 stipatore,
1187 1524 1277 1599 idest
1307 1544 1380 1597 nou
1411 1525 1583 1599 terrearis
1596 1517 1645 1617 (¹),
1675 1545 1748 1598 nou

582 1643 752 1735 turberis
773 1646 939 1734 percd’io
965 1646 1009 1714 m'
1022 1647 1130 1730 udin-i,
1155 1646 1206 1715 cd'
1219 1648 1253 1716 io
1281 1638 1417 1716 umerd
1443 1648 1479 1717 iu
1502 1666 1637 1737 papatu,
1662 1646 1748 1739 quia

581 1762 716 1837 scilicet
746 1762 887 1837 intrabo
917 1761 1078 1855 omnino,
1109 1766 1195 1852 qaut
1223 1765 1275 1837 cd'
1288 1784 1313 1834 a
1346 1765 1383 1834 lu
1415 1766 1601 1855 dissensioni
1625 1769 1748 1838 dentre

581 1884 609 1954 s'
623 1885 731 1971 epiri,
758 1882 847 1957 idest
873 1881 1098 1975 quicumque
1115 1882 1238 1957 volvat
1250 1872 1286 1972 (²)
1306 1901 1345 1955 se
1361 1882 1406 1954 ad
1426 1883 1666 1959 resistentiam
1693 1885 1749 1958 in-

582 2009 638 2075 tra
665 2009 802 2075 terram
829 2001 925 2075 cirea
952 2022 1089 2094 muros,
1108 2001 1212 2094 quasi
1228 2000 1342 2075 dicat:
1361 2001 1495 2075 iaciant
1511 2024 1623 2096 quam
1646 2005 1749 2097 peius

581 2128 732 2217 possunt
757 2122 854 2215 quod
880 2142 950 2217 ego
975 2121 1119 2195 intrabo
1145 2121 1181 2193 in
1206 2121 1418 2215 despectum
1444 2141 1590 2214 eorum3
1608 2133 1646 2198 et
1663 2144 1749 2216 pro-

582 2242 644 2317 bat
668 2262 690 2314 a
716 2241 858 2334 maiori,
884 2241 982 2334 quod
1009 2261 1081 2313 non
1099 2240 1143 2313 sit
1160 2240 1368 2312 mirandum
1386 2239 1415 2312 si
1434 2240 1619 2314 daemones
1633 2233 1670 2332 (³)
1692 2242 1748 2315 isti
1889 2284 1894 2295 ·

583 2371 896 2456 praesumpserunt
925 2361 1110 2457 denegare
1142 2359 1349 2434 hominibus
1382 2359 1519 2434 intrare
1546 2381 1612 2454 per
1644 2362 1747 2435 istam

583 2490 738 2574 portam,
768 2480 853 2570 quia
884 2489 1192 2573 praesumpserant
1207 2467 1242 2569 (⁴)
1279 2478 1365 2552 oiim
1397 2478 1580 2573 denegare
1609 2480 1749 2554 Christo

553 2628 557 2633 ·
584 2599 720 2671 intrare
737 2609 880 2690 portam
899 2597 1054 2690 primam
1073 2597 1216 2689 inserui,
1235 2597 1298 2690 qui
1314 2589 1349 2687 (⁵)
1368 2598 1537 2673 veniebat
1553 2599 1599 2671 ad
1616 2598 1750 2674 iacien-

585 2717 673 2790 dum
692 2717 744 2789 eis
760 2715 1064 2809 damnum,unde
1081 2716 1187 2792 dicit:
1207 2724 1325 2806 questu
1342 2720 1399 2790 lor
1411 2708 1643 2809 'trucotunciq
1660 2721 1750 2794 idest

585 2834 795 2911 straniantia
820 2855 892 2907 non
917 2829 953 2906 e‘e
976 2855 1083 2926 mou,
1108 2835 1183 2908 imo
1208 2835 1371 2928 antiqua,
1397 2837 1495 2929 quod
1521 2838 1641 2911 statim
1668 2859 1752 2933 pro-

583 2955 664 3047 bat3
685 2957 744 3026 cte
767 2944 828 3044 prid
853 2957 875 3026 i
884 2975 993 3026 usuro
1010 2975 1033 3025 α
1051 2975 1128 3026 man
1148 2961 1269 3028 suettu
1283 2962 1403 3046 portu,
1423 2956 1515 3029 idest
1531 2957 1577 3029 ad
1594 2957 1749 3050 primam

583 3080 726 3167 portam
744 3072 888 3163 lnierni,
906 3092 990 3165 quae
1011 3080 1066 3146 est
1086 3073 1203 3169 magis
1222 3080 1350 3168 patens
1367 3095 1479 3167 quam
1499 3075 1576 3168 ista,
1594 3077 1679 3170 quia
1697 3084 1751 3151 est

583 3192 660 3266 sine
687 3192 767 3265 ulia·
786 3192 961 3284 custodia,
988 3196 1024 3265 iu
1049 3198 1150 3284 quale
1174 3216 1286 3267 annor
1309 3216 1346 3267 se
1371 3203 1474 3267 trouu
1497 3217 1605 3268 senza
1628 3220 1751 3270 serru-

583 3332 638 3383 me
650 3302 699 3403 (ὃ),
726 3311 812 3402 quia
837 3311 1000 3385 Christus
1027 3312 1134 3408 tregit
1154 3334 1254 3388 seras
1271 3324 1308 3389 et
1324 3314 1483 3389 claustra
1501 3315 1633 3388 luserni
1650 3316 1752 3391 iuxta

584 3431 671 3504 iilud
687 3422 748 3522 (⁷):
774 3435 922 3503 attollite
941 3440 1068 3523 portus
1087 3436 1263 3524 principes
1288 3441 1421 3505 oestrus
1437 3423 1485 3524 (⁸).
1508 3434 1552 3506 Et
1572 3437 1752 3528 specificat

585 3550 681 3623 iiiam
709 3561 853 3645 portam
881 3572 946 3645 per
972 3550 1118 3627 titulum
1146 3552 1291 3646 nigrum
1314 3551 1377 3643 qui
1399 3553 1580 3645 reperitur
1598 3555 1633 3626 in
1650 3576 1753 3627 sum-

584 3670 711 3743 mitate
736 3670 838 3742 istius
863 3677 988 3764 portae,
1016 3677 1058 3742 ut
1081 3669 1197 3762 patuit
1223 3669 1258 3742 in
1283 3669 1457 3763 principio
1478 3671 1573 3743 tertii
1593 3672 1750 3766 capituli,

586 3790 682 3865 unde
706 3790 813 3865 dicit:
840 3797 874 3862 tu
899 3792 1025 3862 oedesti
1048 3792 1086 3861 Ia
1109 3792 1230 3862 scritta
1256 3796 1383 3880 imru,
1404 3789 1495 3863 idest
1520 3791 1751 3885 scripturam,

584 3931 668 4004 quae
693 3922 748 3986 est
773 3930 845 3983 vox
871 3915 1031 4001 mortua,
1057 3907 1301 3984 ubidicitur:
1328 3911 1465 3982 iustizia
1490 3930 1602 3981 mosae
1629 3913 1656 3982 il
1683 3914 1752 3983 mio

584 4033 655 4102 utto
681 4035 831 4102 Fnttore.
859 4028 929 4103 Sed
954 4033 1055 4102 certe
1079 4026 1174 4101 sieut
1199 4048 1272 4101 non
1297 4033 1497 4121 potuerunt
1528 4029 1698 4103 resistere
1713 4021 1750 4120 (⁹)

583 4150 725 4225 Christo
742 4150 813 4241 ibi3
832 4150 880 4222 ita
899 4148 1047 4235 hicnon
1064 4154 1236 4240 poterunt
1254 4147 1424 4223 resistere
1438 4140 1491 4239 (ὀ)
1511 4148 1574 4221 uni
1595 4149 1671 4223 Deo
1688 4149 1753 4243 qui

645 4351 673 4411 (’)
689 4352 719 4401 Ε.
736 4365 788 4401 non
805 4352 934 4408 terrearis,
949 4349 1046 4412 percat.
1272 4346 1299 4409 (¹)
1315 4346 1345 4396 E.
1365 4347 1450 4398 volvat
1463 4359 1492 4396 ee
1508 4348 1577 4396 intus
1592 4347 1633 4395 ad.

645 4429 672 4491 (⁸)
688 4429 718 4478 li.
734 4430 755 4478 si
772 4429 902 4478 daemones
917 4428 952 4476 ita
969 4429 1198 4489 praesumpserunt.

645 4506 672 4565 (⁸)
687 4504 713 4553 S.
730 4517 744 4553 e
761 4504 792 4552 Ε.
809 4507 1030 4566 presumpserunt
1272 4501 1299 4563 (¹)
1315 4500 1346 4550 E.
1363 4500 1422 4564 quia
1440 4499 1565 4550 veniebat.

645 4581 671 4640 (⁸)
689 4581 719 4629 E.
735 4595 852 4636 ramme,
870 4582 929 4642 quia
945 4579 1063 4628 Salvator
1080 4578 1133 4640 ipse
1150 4577 1276 4628 Dominus
1292 4581 1380 4627 nostor
1395 4577 1470 4626 Jesur
1485 4575 1601 4626 Christus
1617 4574 1703 4638 fregit.

646 4656 673 4715 (Ἴ)
689 4656 719 4705 Ε.
736 4656 801 4704 illud
818 4657 843 4705 in
861 4655 968 4719 psalmo.

646 4733 672 4792 (¹)
690 4733 719 4781 E.
731 4739 833 4789 vestras,
842 4739 867 4782 et
876 4734 1097 4796 eteunmimportoe
1107 4732 1237 4781 nummus
1245 4738 1270 4780 et
1278 4730 1448 4780 introibitrw
1456 4730 1553 4792 qiorioe.
1568 4728 1602 4778 Et
1617 4727 1753 4790 specificat.

646 4808 673 4869 (·)
689 4808 720 4856 E.
737 4808 857 4858 resistere
873 4807 1000 4859 Salvatori
1014 4814 1103 4859 nostro
1120 4808 1232 4858 Domirm
1247 4808 1309 4856 Jesu
1324 4806 1427 4856 Christo
1442 4805 1552 4860 ibidem:
1570 4805 1604 4853 ita
1614 4808 1640 4852 et
1650 4803 1692 4852 itio
1702 4815 1753 4852 non

587 4888 716 4947 poterunt.
1267 4881 1305 4943 (¹⁹)
1321 4885 1376 4942 11⁶,
1392 4883 1513 4931 musore
1528 4893 1599 4930 nune
1614 4878 1659 4929 uui
1676 4877 1738 4928 neo.
