4154 6546
773 814 1026 870 rnrnonucrro.
1461 796 1483 861 t)

314 962 453 1036 Utilitas
486 961 701 1036 inventionis
733 959 895 1033 maxima
930 964 1030 1053 patet
1060 977 1126 1051 per
1157 957 1414 1050 Philosophum
1449 957 1484 1028 iu

313 1102 379 1155 sua
397 1080 548 1176 poetria,
568 1079 630 1153 ubi
646 1079 733 1154 dicit
756 1077 855 1172 quod
880 1079 1027 1169 criptae
1038 1080 1185 1170 poetria
1209 1080 1246 1149 ia
1267 1079 1403 1149 lomim
1419 1095 1487 1148 aa·

313 1203 471 1273 taralt'ter
507 1201 586 1273 dea
619 1219 735 1272 carate
763 1219 836 1271 esse
864 1199 1046 1271 emmer:
1073 1200 1194 1290 prima
1228 1198 1376 1289 quidem,
1409 1216 1487 1287 que

313 1323 429 1393 existit
451 1322 488 1391 ia
512 1320 648 1391 lemine
672 1338 697 1390 a
716 1320 838 1410 prima
862 1319 1050 1407 reatim‘tate,
1068 1324 1119 1389 est
1133 1319 1337 1389 assimilatio
1361 1315 1415 1387 rei
1439 1316 1489 1386 ad

314 1461 407 1533 rem,
428 1447 461 1512 et
482 1442 744 1530 repraesentatio
767 1441 822 1511 rei
846 1458 914 1529 per
941 1459 1018 1509 rem
1030 1463 1045 1529 ;
1077 1441 1241 1528 paoaiam
1268 1439 1371 1508 tomo
1396 1439 1486 1508 mter
1622 1436 1629 1449 ‘

316 1567 443 1633 calma
467 1561 637 1632 ammalia
656 1561 812 1631 mamm
829 1560 1017 1631 delectatur
1041 1561 1078 1630 ia
1102 1559 1350 1629 assimilatione
1374 1563 1407 1628 et
1428 1577 1487 1627 re-

314 1683 588 1770 presentatione.
631 1683 747 1752 Carae
779 1698 863 1752 vero
895 1679 1048 1750 secanda
1079 1684 1130 1749 est
1159 1678 1350 1767 delectatio,
1382 1696 1488 1767 paam

316 1802 419 1871 tomo
442 1800 543 1873 trebel
560 1821 629 1892 per
652 1806 818 1872 audeam
842 1819 889 1870 ecc
913 1805 1023 1870 metro
1049 1804 1081 1869 et
1103 1797 1320 1888 symphonia.
1340 1796 1384 1868 Et
1401 1816 1489 1870 eon·

317 1918 429 1992 eludit
443 1918 492 1992 ibi
509 1918 759 2014 philosophus:
777 1920 883 2010 ipitar
901 1918 1079 1990 delectatio
1096 1919 1224 1991 anime
1236 1911 1271 2007 (¹)
1291 1937 1338 1989 eac
1353 1936 1488 2009 repre-

316 2043 570 2133 seatateomias,
597 2045 715 2115 metris
740 2050 773 2116 et
794 2043 1019 2134 symphoniis,
1042 2048 1219 2114 causaest
1238 2042 1490 2113 aamomaouts

315 2163 403 2233 artis
421 2164 576 2252 poetice.
603 2160 669 2235 Hie
693 2167 819 2235 autem
840 2166 947 2255 poeta
964 2159 1247 2255 perfectissimus
1267 2158 1488 2233 convenien-

315 2279 453 2355 tissime
478 2281 858 2375 repraesentationibus
885 2301 973 2354 usus
997 2287 1064 2373 est,
1083 2286 1124 2352 ut
1145 2286 1272 2374 patere
1298 2285 1416 2373 potest
1435 2279 1488 2352 di·

317 2402 498 2477 seurreuti
516 2408 634 2475 totum
652 2421 784 2495 poema
801 2402 881 2496 ejus
899 2400 1037 2493 ubique
1050 2399 1263 2474 mirabiliter
1277 2389 1488 2494 figuratum.

268 2616 272 2621 ἢ
319 2520 456 2594 Utilitas
481 2519 756 2611 informationis,
782 2520 956 2613 quoniam
987 2519 1190 2594 secuudum
1208 2510 1245 2607 (²)
1272 2518 1487 2592 sententiam

324 2639 459 2714 Horatii
484 2639 522 2713 in
546 2660 614 2714 sua
639 2639 801 2733 poetria:

469 2825 539 2891 ,tm
556 2817 725 2908 prodesse
750 2821 878 2909 oolaat,
904 2824 966 2892 aet
988 2820 1158 2891 delectare
1178 2826 1303 2910 poeta,

470 2942 540 3010 Aet
562 2938 666 3010 simul
689 2943 722 3010 et
735 2937 895 3027 secunda
919 2944 952 3010 et
974 2939 1100 3010 maaca
1125 2940 1240 3010 dicem
1263 2940 1365 3010 cita:

475 3058 583 3128 Omne
607 3058 683 3129 latit
699 3062 866 3147 punctam
891 3058 951 3147 pai
976 3059 1110 3130 miscuit
1132 3059 1212 3130 atile
1236 3058 1337 3129 dulci.

325 3257 389 3330 Hie
406 3262 531 3330 autem
548 3263 655 3351 poeta
672 3257 990 3350 prestantissimae
1006 3256 1323 3331 delectabilitatem
1341 3263 1378 3329 et
1398 3257 1497 3330 true·

326 3375 534 3450 tuositatem
560 3382 636 3450 tam
666 3375 901 3453 artificialiter
932 3377 1131 3470 contexuit,
1167 3382 1209 3450 ut
1239 3378 1394 3451 alteram
1420 3375 1497 3449 sine

324 3497 439 3570 altera
464 3496 501 3569 iu
526 3496 607 3591 ejrrs
632 3497 819 3572 volumine
844 3498 1008 3592 reperire
1024 3519 1098 3573 non
1115 3499 1240 3593 possis.
1259 3498 1398 3572 Utilitas
1414 3518 1498 3571 eor·

328 3614 497 3689 rectionis
512 3633 579 3709 per
595 3635 635 3689 se
648 3621 747 3709 patet
761 3607 819 3710 (³),
838 3616 993 3712 legimus
1013 3617 1192 3710 siquidem
1212 3617 1310 3711 quod
1323 3617 1499 3691 Dominus

327 3731 514 3807 mandavit
538 3731 618 3806 tiliis
643 3733 753 3808 lsrael
779 3740 821 3808 ut
844 3735 1040 3829 spoliarent
1056 3736 1231 3833 AEgiptios
1256 3757 1350 3812 auro
1375 3744 1412 3810 et
1436 3757 1499 3811 ar-

327 3858 448 3947 gento,
474 3871 541 3947 per
564 3853 636 3928 hoe
661 3855 849 3928 moraliter
874 3854 1075 3931 admoneus
1107 3863 1150 3931 ut
1177 3856 1254 3930 sive
1278 3877 1414 3931 aurum
1440 3877 1499 3931 sa·
1599 3867 1602 3873 '

328 3971 482 4065 pientiae,
499 3971 577 4046 sive
591 3979 789 4069 argeutum
815 3974 1032 4068 eloquentie
1052 3974 1149 4069 apud
1166 3981 1292 4069 poetas
1317 3975 1500 4050 invenire-

329 4112 412 4166 mus
434 4081 484 4186 (⁴),
510 4092 546 4165 in
574 4112 683 4167 usum
707 4092 902 4168 salutiserae
927 4093 1139 4169 eruditionis
1169 4101 1409 4169 verteremus.
1436 4095 1501 4169 Hie

329 4217 454 4286 autem
480 4211 798 4286 christianissimus
823 4220 930 4308 poeta
955 4214 1089 4289 Dentes
1113 4213 1292 4308 poetriam
1326 4214 1372 4290 ad
1398 4215 1502 4289 theo·

331 4329 464 4426 logiam
489 4329 630 4404 studuit
655 4351 842 4425 revocare,
860 4353 944 4426 quie
961 4339 1086 4407 tamen
1103 4332 1149 4408 de
1165 4352 1206 4407 se
1222 4354 1395 4429 maguam
1413 4352 1502 4407 oon·

237 4497 240 4508 -
329 4448 550 4524 venientium
575 4450 687 4526 habet
709 4470 798 4527 cum
816 4451 898 4525 illa:
921 4458 1040 4546 potest
1056 4469 1218 4545 mmque
1234 4453 1417 4547 theologia
1433 4451 1502 4527 dici
1595 4456 1599 4511 i
1622 4532 1624 4537 ,

331 4568 500 4662 quedam
526 4570 666 4665 poetria
691 4570 737 4645 de
761 4570 861 4665 Deo,
888 4592 973 4645 uam
999 4578 1155 4647 testante
1179 4571 1394 4665 Philosopho
1415 4591 1503 4665 poe-

394 4831 424 4894 (¹)
440 4832 471 4883 E·
487 4842 527 4885 est
541 4848 582 4886 ex.
864 4835 895 4899 (¹)
913 4838 942 4888 li.
952 4838 1054 4891 Utiliter
1070 4840 1229 4901 tutamenti,
1244 4840 1488 4906 numismatum.

394 4908 424 4973 et
439 4909 471 4960 E·
487 4922 534 4974 per
550 4914 726 4977 reprobum.
866 4914 893 4977 (⁸)
909 4915 940 4965 Ε.
956 4929 972 4967 ο
989 4921 1043 4977 tta,
1059 4918 1240 4970 invenerimus.
