4154 6546
448 774 518 840 olo
845 783 1050 839 conburunt
1075 784 1227 835 iuream

449 928 512 1023 qui
540 930 666 1004 volens
691 949 826 1004 vocare
852 928 962 1002 liliam
989 947 1095 1000 suam
1123 926 1345 1020 Lucretiam,
1362 933 1537 1022 corrupte
1556 949 1625 1002 vo·

447 1051 542 1126 cavit
557 1041 594 1141 (¹)
621 1050 735 1144 ipsam
762 1048 980 1145 Alegriciam
995 1038 1044 1140 (¹).
1071 1045 1209 1121 Deinde
1232 1046 1404 1121 describit
1428 1057 1538 1124 autor
1568 1003 1652 1121 dis

451 1175 552 1243 ctum
579 1169 751 1244 comitem
777 1189 799 1242 a
826 1168 974 1243 nomine
999 1167 1161 1261 proprio,
1187 1171 1223 1240 et
1248 1166 1296 1239 ab
1320 1166 1519 1262 agnomine
1539 1187 1627 1262 pro-

447 1288 539 1384 prio,
565 1289 711 1362 dicens:
738 1296 775 1362 et
800 1288 878 1381 iste,
908 1289 1021 1360 Guido
1049 1290 1188 1359 Guerra
1214 1287 1294 1358 ebbe
1318 1305 1444 1378 nonae,-
1470 1292 1507 1360 et
1531 1286 1627 1361 bene

447 1408 514 1482 sibi
536 1408 706 1483 convenit
734 1414 946 1501 utrumque,
965 1406 1053 1500 quia
1070 1406 1139 1479 luit
1155 1405 1416 1502 magnanimus
1433 1405 1509 1479 dux
1528 1406 1629 1479 mul·

448 1535 586 1620 torum,
613 1534 650 1601 et
675 1527 770 1601 bene
787 1526 962 1622 guidavit,
980 1532 1018 1599 et
1035 1525 1102 1601 luit
1125 1546 1283 1621 magnus
1300 1515 1337 1616 (³)
1364 1524 1574 1620 guerriger,
1590 1534 1628 1600 et

451 1648 508 1722 vir
525 1646 719 1721 bellicosus
737 1646 908 1719 multum.
927 1645 980 1718 Ad
997 1645 1103 1719 cuius
1121 1645 1173 1719 rei
1193 1644 1469 1741 intelligentiam
1486 1645 1572 1718 volo
1590 1631 1645 1718 te*

449 1767 555 1860 scire,
573 1767 673 1860 quod
690 1767 748 1841 bic
769 1786 894 1840 comes
910 1765 1028 1840 Guido
1045 1766 1200 1859 Guerra,
1219 1772 1398 1859 tempore,
1416 1786 1492 1859 quo
1512 1765 1627 1838 Caro-

448 1888 504 1961 lus
524 1887 666 1983 primus
684 1875 837 1960 vocatus'
853 1875 889 1978 (ἢ
904 1895 960 1962 est
973 1886 1020 1959 ab
1034 1885 1193 1961 Ecclesia
1208 1885 1307 1960 venit
1326 1885 1362 1958 in
1382 1884 1521 1959 ltaliam
1536 1905 1627 1958 con·

448 2013 506 2080 tra
531 2007 772 2100 Manlredum‚
800 2006 864 2082 ivit
888 2028 974 2080 cum
1000 2006 1078 2080 lore
1100 2025 1182 2080 cccc
1212 2004 1396 2099 equitibus
1425 2004 1625 2079 llorentinis

448 2126 619 2201 exulibus
644 2126 789 2199 obviam
811 2125 967 2200 Guidoni
984 2124 1030 2200 de
1047 2125 1237 2217 Mamerto,
1254 2124 1318 2217 qui
1340 2124 1499 2198 ducebat
1515 2142 1626 2198 exer-

448 2246 563 2320 citum
590 2245 710 2319 Caroli
735 2265 801 2340 per
827 2252 964 2319 terram
984 2264 1103 2338 usque
1121 2246 1327 2338 blantuam3
1345 2242 1477 2318 deinde
1493 2242 1626 2317 transi·

448 2373 585 2439 verunt
610 2386 676 2461 per
702 2366 915 2457 Bononiam,
942 2364 1232 2457 Romandiolam,
1258 2363 1454 2438 ltlarcbiam
1487 2371 1525 2438 et
1550 2365 1627 2436 bu·

448 2494 585 2578 calum,
604 2493 641 2560 et
658 2507 732 2558 non
758 2490 957 2579 potuerunt
981 2485 1138 2558 transire
1163 2505 1229 2578 per
1246 2485 1429 2578 Tusciam,
1444 2485 1530 2579 quia
1548 2491 1625 2559 tota

449 2611 529 2680 erat
554 2606 622 2678 sub
648 2611 753 2699 parte
768 2597 803 2695 (⁵)
831 2604 1037 2699 ghibellina,
1059 2610 1096 2677 et
1121 2603 1281 2677 dominio
1307 2603 1503 2695 blanlredi3
1527 2603 1626 2678 unde

450 2725 610 2798 multum
638 2724 811 2818 temporis
841 2723 1131 2817 expendiderunt
1160 2723 1196 2796 in
1227 2723 1307 2816 via,
1334 2722 1481 2797 tandem
1506 2744 1625 2818 appu·

450 2846 574 2920 lerunt
593 2844 762 2937 Romam,
784 2843 844 2916 ubi
872 2852 952 2917 erat
977 2843 1140 2916 Carolus.
1160 2845 1290 2917 Postea
1307 2842 1426 2918 Guido
1445 2864 1532 2918 cum
1549 2843 1626 2917 suis

449 2965 517 3039 luit
534 2965 570 3038 in
589 2964 860 3059 expugnatione
877 2964 993 3037 sancti
1011 2963 1203 3056 Germani,
1224 2962 1354 3038 deinde
1374 2963 1443 3037 luit
1458 2964 1495 3036 in
1518 2964 1625 3057 bello,

450 3086 549 3180 quod
571 3084 698 3158 babuit
723 3085 875 3158 Carolus
901 3090 1029 3157 contra
1054 3083 1278 3157 Manlredum
1305 3082 1402 3179 apud
1435 3085 1626 3158 beneven·

451 3213 543 3279 tum.
570 3206 710 3292 Quibus
736 3205 820 3278 visis
846 3203 1052 3277 Manlredus
1074 3203 1217 3297 petivit:
1239 3203 1305 3276 Ubi
1323 3209 1409 3276 sunt
1428 3205 1625 3300 ghibelliui,

450 3347 518 3421 pro
532 3326 667 3419 quibus
685 3330 828 3398 tantum
848 3322 1038 3418 expendidi
1056 3330 1093 3396 et
1111 3324 1299 3398 laboravit
1315 3325 1359 3397 Et
1376 3325 1511 3398 subdit:
1529 3326 1626 3400 Vere

449 3466 541 3542 gens
559 3446 618 3518 illa
635 3466 708 3519 non
733 3450 851 3538 potest
877 3442 984 3516 bodie
1001 3443 1168 3538 perdere.
1189 3443 1266 3517 Hoc
1286 3443 1387 3537 dixit,
1405 3443 1491 3538 quia
1508 3445 1537 3518 si
1555 3445 1626 3519 Ca-

451 3567 552 3640 rolus
566 3564 745 3657 vincebat,
763 3561 868 3637 erant
886 3563 1061 3655 uictores5
1076 3568 1112 3636 et
1128 3553 1165 3654 (θ)
1184 3562 1212 3635 si
1231 3562 1307 3657 ipse
1323 3563 1529 3638 llanlredus
1546 3564 1627 3638 viu·

449 3687 568 3779 cebat,
595 3685 719 3758 luisset
744 3685 796 3758 eis
822 3683 973 3757 amicus.
993 3682 1037 3758 Et
1062 3702 1193 3755 verum
1212 3681 1312 3776 dixit,
1334 3682 1420 3776 quia
1441 3682 1626 3758 llanlredo

450 3805 557 3896 victo,
579 3824 703 3877 comes
727 3802 845 3877 Guido
871 3802 1017 3877 Guerra
1042 3821 1129 3874 oum
1156 3800 1284 3875 lavore
1309 3808 1346 3875 et
1370 3810 1480 3897 gente
1504 3804 1638 3920 Caroli

450 3924 580 4000 redivit
596 3922 829 4014 Florentiam,
850 3927 888 3995 et
913 3920 996 3994 inde
1016 3920 1156 4014 expulit
1181 3920 1405 4016 ghibellinos.
1428 3923 1512 3998 ldeo
1528 3925 1625 4001 bene

449 4042 620 4118 describit
653 4062 739 4115 eum
775 4062 798 4114 a
829 4040 1020 4135 prudentia
1056 4045 1092 4114 et
1127 4041 1307 4134 probitate
1335 4043 1480 4118 dicens:
1511 4050 1626 4140 esoce

450 4167 507 4237 eol
528 4183 636 4236 senno
662 4165 759 4234 nasot
782 4184 801 4233 e
825 4183 892 4234 coo
917 4164 953 4233 lo
976 4164 1091 4253 epodo
1107 4163 1144 4233 io
1163 4183 1229 4234 sua
1247 4166 1328 4255 vito,
1346 4169 1383 4237 el
1408 4169 1462 4238 est
1488 4186 1623 4262 magna

334 4300 341 4309 ·
451 4285 530 4359 laus
555 4282 739 4377 Guidonis,
767 4280 852 4376 quia
872 4281 1119 4356 communiter
1136 4282 1248 4357 sortes
1265 4282 1459 4359 bellatores
1477 4306 1550 4359 non
1568 4287 1625 4361 in-

450 4404 650 4478 veniuntur
675 4402 889 4497 prudentem
907 4408 983 4475 ete
1003 4402 1204 4475 contrario:
1225 4403 1292 4495 iste
1312 4410 1439 4478 autem
1457 4414 1539 4479 erat
1554 4429 1625 4482 au·

450 4523 519 4597 dax
548 4523 584 4594 in
611 4522 735 4616 praelio
761 4531 798 4597 et
824 4519 984 4616 prudens
1010 4519 1046 4592 in
1072 4520 1246 4615 periculo,
1281 4522 1375 4597 sicut
1407 4533 1506 4600 recle
1539 4526 1624 4603 dicit

446 4784 451 4793 ,
511 4734 540 4796 (¹)
556 4735 582 4785 S.
599 4748 614 4784 c
632 4739 686 4795 ild,
703 4736 816 4786 vocabat,
1127 4736 1154 4798 (¹)
1171 4737 1201 4786 E.
1220 4737 1380 4802 Alegrinam.

512 4810 539 4871 (¹)
556 4812 581 4859 S.
599 4814 717 4875 magnam
720 4827 786 4861 mmmmm
1127 4815 1153 4876 (¹)
1169 4814 1195 4864 S.
1212 4828 1227 4865 a
1245 4815 1275 4864 Ε.
1292 4822 1399 4867 vocatus
1414 4817 1446 4868 ab
1462 4818 1585 4870 Ecclesia.

512 4885 538 4946 (¹)
556 4890 610 4944 tlt,
629 4892 761 4948 potestate.
1126 4889 1153 4951 (⁸)
1170 4890 1201 4941 E.
1219 4896 1245 4941 et
1261 4892 1283 4942 ti
1300 4892 1459 4945 blaalbedus.
