4154 6546
785 795 926 852 murus
951 798 1095 853 rursus
1479 790 1528 858 aa

352 949 454 1019 recta
470 934 509 1034 (¹)
533 949 590 1017 est
614 941 673 1017 via
694 942 886 1036 virtutum,
913 963 999 1036 que
1022 949 1124 1018 recte
1144 942 1246 1017 ducit
1269 945 1457 1021 hominem
1481 947 1529 1022 ad

351 1061 625 1143 beatitudinem.
639 1062 685 1135 lit
708 1069 878 1138 notanter
902 1062 989 1138 dicit
1012 1069 1123 1138 autor
1147 1067 1329 1155 emerito,
1344 1065 1435 1140 idest
1451 1086 1527 1143 nou

352 1182 492 1280 perdita
500 1173 538 1275 (²)
551 1202 661 1257 :nam
674 1182 843 1276 quamvis
856 1189 952 1259 esset
963 1182 1121 1259 viciosus
1134 1189 1234 1278 turne,
1247 1190 1372 1259 tamen
1384 1192 1529 1280 poterat

352 1301 473 1379 redire
493 1300 540 1377 ad
557 1301 656 1377 amm
673 1308 814 1377 rectum
831 1301 1023 1377 virtutum.
1042 1301 1177 1377 Ordina
1196 1303 1248 1377 sic
1271 1303 1435 1379 literam:
1458 1324 1529 1400 ego

351 1421 487 1497 Dentes
498 1423 860 1512 minematperwm
871 1423 968 1495 seluo
979 1441 1121 1513 osma,
1132 1421 1224 1497 idest
1231 1422 1336 1497 invia
1345 1424 1526 1499 viciorum

353 1540 561 1632 tenebrosa,
583 1541 642 1613 rel
663 1560 785 1613 mezzo
807 1542 866 1613 dal
887 1545 1040 1614 commin
1063 1543 1102 1615 di
1121 1548 1246 1615 nostru
1269 1545 1353 1633 otta,
1374 1542 1467 1617 idest
1490 1541 1529 1618 lu

353 1659 476 1737 medio
491 1659 658 1734 discursu
678 1660 852 1734 humanae
867 1660 963 1735 rite.
980 1660 1026 1735 lit
1041 1680 1128 1736 eece
1143 1680 1315 1739 causam:
1333 1663 1406 1753 cle,
1424 1660 1527 1755 idest,

353 1778 441 1875 quia
457 1781 495 1852 la
512 1780 633 1853 desua
649 1781 722 1869 oio,
741 1778 878 1854 scilicet
894 1778 1185 1875 virtutumque
1202 1787 1303 1855 recto
1320 1781 1411 1855 calle
1428 1778 1528 1855 ducit

352 1899 538 1981 hominem
559 1898 597 1972 in
615 1897 728 1973 linem
744 1919 855 1973 suum
869 1888 921 1992 θ),
938 1920 1003 1974 era
1021 1904 1203 1993 mmmm,
1217 1900 1351 1977 scilicet
1368 1899 1414 1974 ad
1434 1905 1529 1975 tem-

351 2040 430 2115 pus
456 2020 511 2093 Ad
539 2025 681 2111 msto
715 2017 781 2094 llic
805 2025 927 2112 autor,
951 2019 1205 2114 descripturus
1238 2020 1345 2094 istam
1373 2019 1527 2114 sylvam,

350 2138 470 2233 primo
489 2139 570 2215 vult
589 2138 784 2214 ostendere
802 2160 916 2233 mam
937 2139 983 2215 sit
1002 2139 1147 2215 difficile
1167 2146 1204 2215 et
1223 2139 1448 2214 laboriosum
1462 2138 1528 2214 de-

350 2259 514 2335 scribere
531 2258 665 2353 ipsum;
682 2257 765 2333 ideo
785 2257 908 2352 incipit
931 2259 980 2333 al)
1005 2257 1282 2352 exclamatione,
1299 2258 1423 2333 dicens
1438 2277 1526 2333 cum

352 2376 611 2455 admiratione:
623 2377 672 2451 alr
685 2397 798 2470 quam
811 2376 948 2451 durum
961 2384 1017 2452 est
1028 2377 1151 2452 dicere
1162 2378 1279 2471 qualis
1292 2384 1373 2452 erat
1385 2377 1454 2452 ista
1466 2377 1526 2452 via

351 2497 552 2573 vietorumr
576 2496 622 2571 lit
650 2496 709 2571 hic
737 2504 836 2590 nota,
862 2496 961 2590 quod
991 2497 1060 2571 ista
1085 2496 1189 2571 litera
1214 2497 1275 2580 ld,
1292 2495 1330 2569 in
1360 2495 1527 2590 pluribus

199 2684 202 2689 .
352 2616 511 2697 maurus
536 2615 721 2710 reperitur
743 2623 919 2711 corrupta
942 2615 1017 2690 sic:
1052 2621 1086 2688 Ε
1107 2622 1237 2708 quarto
1261 2636 1286 2687 a
1310 2617 1396 2709 dim
1427 2613 1527 2710 quod

351 2736 452 2811 nullo
484 2734 597 2811 modo
627 2741 727 2809 stare
752 2741 883 2830 potest,
910 2733 997 2828 quia
1030 2754 1234 2828 numquam
1270 2734 1376 2809 litera
1404 2740 1527 2830 posset

351 2853 525 2948 construi,
544 2861 584 2929 et
603 2860 680 2929 tota
694 2842 732 2945 (⁴)
757 2854 908 2929 omnino
926 2860 1094 2929 remanet
1113 2853 1337 2948 suspensiva,
1354 2858 1392 2928 et
1413 2853 1526 2928 etiam

350 2973 439 3050 illud
463 2979 497 3049 Ε
518 2994 593 3049 non
618 2973 772 3048 haberet
792 2972 879 3067 quid
897 2975 1096 3068 copularet
1117 2973 1220 3048 Unde
1239 2973 1446 3049 necessario
1461 2973 1527 3049 de-

352 3094 416 3170 bet
429 3093 500 3171 dici
514 3095 583 3187 dl,
599 3094 658 3169 rel
674 3095 745 3169 ati
759 3093 1002 3169 exclamative
1013 3085 1066 3187 (⁵),
1086 3093 1185 3186 quod
1206 3099 1349 3169 tautum
1375 3093 1474 3167 valet
1488 3092 1527 3166 in

351 3211 496 3310 vulgari
519 3211 731 3304 durentiam
757 3218 794 3286 et
818 3218 873 3286 est
889 3211 1107 3286 adverbium
1123 3210 1347 3303 admirantis,
1365 3210 1442 3285 sire
1458 3210 1527 3284 do-

352 3333 467 3409 lentis.
493 3332 538 3407 lit
559 3332 661 3409 dicit:
678 3339 800 3426 questu
815 3334 910 3405 selon
929 3333 1110 3422 selooppiu
1127 3350 1147 3403 e
1164 3350 1276 3422 aspro
1293 3332 1438 3423 esorta;
1462 3329 1527 3405 sed

351 3459 479 3529 eontra
489 3453 566 3529 imo
579 3452 639 3529 via
650 3452 831 3527 riciomm
841 3451 986 3527 ridetur
998 3452 1118 3546 pana,
1128 3450 1229 3543 levis,
1237 3455 1276 3525 ct
1287 3449 1525 3543 delectabilis5

351 3573 450 3669 quod
473 3579 575 3670 petet
599 3571 785 3653 inductive
808 3570 1047 3647 discurrendo
1063 3590 1129 3665 per
1154 3570 1296 3667 singula
1322 3570 1426 3645 vicia.
1453 3562 1540 3645 su³

350 3693 476 3790 perlria
499 3691 682 3787 siquidem
705 3691 925 3767 delectabilis
950 3690 1117 3766 ridetur:
1144 3689 1232 3783 quid
1256 3689 1355 3764 enim
1380 3695 1436 3764 est
1460 3710 1526 3765 su·

351 3812 496 3910 punire
525 3811 595 3887 nisi
622 3831 736 3906 super
759 3811 851 3887 alios
882 3810 976 3886 velle
1000 3811 1085 3885 iret
1114 3810 1192 3885 lloc
1214 3815 1341 3885 autem
1367 3816 1423 3883 est
1447 3816 1524 3884 mm

350 3931 562 4011 delectaffile
586 3930 722 4023 multis,
748 3929 848 4023 quod
871 3950 969 4025 sepe
990 3930 1103 4006 irater
1119 3929 1288 4004 interficit
1305 3929 1470 4022 tratrem,
1486 3933 1526 4003 et

351 4050 446 4129 lilius
473 4049 593 4149 prodit
619 4040 657 4141 (θ)
688 4055 852 4147 panem:
891 4048 1246 4125 delectabilissimum
1284 4066 1375 4144 ergo
1400 4036 1439 4139 (⁷)
1469 4052 1527 4123 est

273 4180 279 4189 '
351 4168 558 4267 principari,
575 4175 618 4243 ut
633 4174 791 4243 testatur
803 4157 841 4259 (⁸)
862 4167 1102 4263 Philosophus
1119 4167 1212 4242 libro
1228 4166 1521 4242 Rhetorioorum.

349 4288 485 4367 lnvslts
508 4286 677 4383 sequitur
701 4286 924 4381 superbiam,
949 4293 1140 4381 amquam
1167 4286 1314 4381 propria
1343 4285 1415 4360 lilia
1444 4306 1526 4360 ma·

350 4416 457 4504 trem,
481 4415 525 4482 ut
548 4408 599 4483 ait
622 4407 859 4503 Augustinus.
892 4408 950 4481 lra
983 4413 1039 4480 est
1071 4413 1147 4481 tam
1176 4406 1396 4481 delectabilis
1426 4406 1526 4500 quod

413 4597 856 4663 (laurata-lirinum
870 4597 1148 4658 virtutumrsstasst,
1165 4596 1321 4661 qulsmu.

413 4677 444 4740 m
459 4675 486 4728 Β.
501 4689 555 4726 non
571 4675 713 4739 deperdita.
854 4673 884 4736 (ἦ
900 4674 931 4724 ll.
947 4674 1080 4726 laomim
1095 4686 1208 4725 nrm.

413 4752 660 4814 (⁸)Rtotaoratlo
676 4750 1279 4803 remma-stouomntsorunmrsr.

413 4827 683 4892 (enuclearem
850 4827 1037 4891 (inpendit.
1177 4826 1436 4892 &decoquent

367 4954 372 4965 ,
414 4902 1138 4967 θῑωΜτΔιὺωωκΙυκωυᾱοΕωωηιιι
