<?xml version="1.0" encoding="UTF-8"?>
<!DOCTYPE html PUBLIC "-//W3C//DTD XHTML 1.0 Transitional//EN"
    "http://www.w3.org/TR/xhtml1/DTD/xhtml1-transitional.dtd">
<html xmlns="http://www.w3.org/1999/xhtml" xml:lang="en" lang="en">
 <head>
  <title>
</title>
<meta http-equiv="Content-Type" content="text/html;charset=utf-8" />
  <meta name='ocr-system' content='tesseract 3.04.00' />
  <meta name='ocr-capabilities' content='ocr_page ocr_carea ocr_par ocr_line ocrx_word'/>
</head>
<body>
  <div class='ocr_page' id='page_1' title='image "./comentumsuperda00benvgoog_0084.png"; bbox 0 0 3990 6540; ppageno 0'>
   <div class='ocr_carea' id='block_1_1' title="bbox 760 763 1503 836">
    <p class='ocr_par' dir='ltr' id='par_1_1' title="bbox 760 763 1503 836">
     <span class='ocr_line' id='line_1_1' title="bbox 760 763 1503 836; baseline -0.015 -1"><span class='ocrx_word' id='word_1_1' title='bbox 760 781 900 836; x_wconf 73' lang='lat' dir='ltr'>CANTUS</span> <span class='ocrx_word' id='word_1_2' title='bbox 924 778 1067 834; x_wconf 78' lang='lat' dir='ltr'><strong>ramus.</strong></span> <span class='ocrx_word' id='word_1_3' title='bbox 1458 763 1503 835; x_wconf 81' lang='grc'><strong>31</strong></span> 
     </span>
    </p>
   </div>
   <div class='ocr_carea' id='block_1_2' title="bbox 329 917 1508 1263">
    <p class='ocr_par' dir='ltr' id='par_1_2' title="bbox 329 917 1508 1263">
     <span class='ocr_line' id='line_1_2' title="bbox 329 917 1508 1020; baseline -0.004 -18"><span class='ocrx_word' id='word_1_4' title='bbox 329 945 378 1002; x_wconf 89' lang='lat' dir='ltr'><strong>ex</strong></span> <span class='ocrx_word' id='word_1_5' title='bbox 403 924 463 1000; x_wconf 89' lang='lat' dir='ltr'><strong>illa</strong></span> <span class='ocrx_word' id='word_1_6' title='bbox 488 926 723 1019; x_wconf 85' lang='lat' dir='ltr'><strong>quietatione,</strong></span> <span class='ocrx_word' id='word_1_7' title='bbox 741 945 808 1020; x_wconf 92' lang='lat' dir='ltr'><strong>per</strong></span> <span class='ocrx_word' id='word_1_8' title='bbox 832 945 947 999; x_wconf 89' lang='lat' dir='ltr'><strong>unam</strong></span> <span class='ocrx_word' id='word_1_9' title='bbox 962 917 999 1015; x_wconf 78' lang='lat'><strong>(¹)</strong></span> <span class='ocrx_word' id='word_1_10' title='bbox 1024 924 1335 1017; x_wconf 81' lang='lat' dir='ltr'><strong>comparationem</strong></span> <span class='ocrx_word' id='word_1_11' title='bbox 1361 923 1508 1019; x_wconf 86' lang='lat' dir='ltr'><strong>puluer-</strong></span> 
     </span>
     <span class='ocr_line' id='line_1_3' title="bbox 330 1044 1507 1140; baseline -0.003 -18"><span class='ocrx_word' id='word_1_12' title='bbox 330 1048 475 1140; x_wconf 90' lang='lat' dir='ltr'><strong>rimam,</strong></span> <span class='ocrx_word' id='word_1_13' title='bbox 506 1053 544 1120; x_wconf 87' lang='lat' dir='ltr'><strong>et</strong></span> <span class='ocrx_word' id='word_1_14' title='bbox 567 1047 729 1121; x_wconf 87' lang='lat' dir='ltr'><strong>breviter</strong></span> <span class='ocrx_word' id='word_1_15' title='bbox 758 1047 837 1118; x_wconf 88' lang='lat' dir='ltr'><strong>vult</strong></span> <span class='ocrx_word' id='word_1_16' title='bbox 865 1044 988 1119; x_wconf 90' lang='lat' dir='ltr'><strong>dioere</strong></span> <span class='ocrx_word' id='word_1_17' title='bbox 1013 1044 1111 1138; x_wconf 89' lang='lat' dir='ltr'><strong>quod</strong></span> <span class='ocrx_word' id='word_1_18' title='bbox 1137 1044 1266 1120; x_wconf 85' lang='lat' dir='ltr'><strong>accidit</strong></span> <span class='ocrx_word' id='word_1_19' title='bbox 1292 1045 1358 1118; x_wconf 90' lang='lat' dir='ltr'><strong>sibi</strong></span> <span class='ocrx_word' id='word_1_20' title='bbox 1384 1046 1421 1119; x_wconf 94' lang='lat' dir='ltr'><strong>in</strong></span> <span class='ocrx_word' id='word_1_21' title='bbox 1447 1046 1507 1118; x_wconf 88' lang='lat' dir='ltr'><strong>illa</strong></span> 
     </span>
     <span class='ocr_line' id='line_1_4' title="bbox 329 1156 1508 1263; baseline -0.003 -21"><span class='ocrx_word' id='word_1_22' title='bbox 329 1169 565 1263; x_wconf 83' lang='lat' dir='ltr'><strong>quietatione,</strong></span> <span class='ocrx_word' id='word_1_23' title='bbox 583 1162 897 1261; x_wconf 85' lang='lat' dir='ltr'>quemadmodum</span> <span class='ocrx_word' id='word_1_24' title='bbox 922 1165 1102 1260; x_wconf 81' lang='lat' dir='ltr'><strong>naufrago</strong></span> <span class='ocrx_word' id='word_1_25' title='bbox 1120 1156 1169 1256; x_wconf 79' lang='lat'><strong>(²),</strong></span> <span class='ocrx_word' id='word_1_26' title='bbox 1188 1165 1252 1258; x_wconf 90' lang='lat' dir='ltr'><strong>qui</strong></span> <span class='ocrx_word' id='word_1_27' title='bbox 1277 1185 1363 1239; x_wconf 88' lang='lat' dir='ltr'><strong>cum</strong></span> <span class='ocrx_word' id='word_1_28' title='bbox 1391 1165 1508 1239; x_wconf 86' lang='lat' dir='ltr'><strong>multa</strong></span> 
     </span>
    </p>
   </div>
   <div class='ocr_carea' id='block_1_3' title="bbox 328 1283 1508 1502">
    <p class='ocr_par' dir='ltr' id='par_1_3' title="bbox 328 1283 1508 1502">
     <span class='ocr_line' id='line_1_5' title="bbox 328 1283 1508 1380; baseline -0.004 -18"><span class='ocrx_word' id='word_1_29' title='bbox 328 1285 514 1362; x_wconf 75' lang='lat' dir='ltr'><strong>anxietate</strong></span> <span class='ocrx_word' id='word_1_30' title='bbox 539 1292 577 1360; x_wconf 89' lang='lat' dir='ltr'><strong>et</strong></span> <span class='ocrx_word' id='word_1_31' title='bbox 600 1286 763 1380; x_wconf 85' lang='lat' dir='ltr'><strong>periculo</strong></span> <span class='ocrx_word' id='word_1_32' title='bbox 788 1283 945 1358; x_wconf 89' lang='lat' dir='ltr'><strong>finaliter</strong></span> <span class='ocrx_word' id='word_1_33' title='bbox 966 1283 1184 1378; x_wconf 85' lang='lat' dir='ltr'><strong>perveniens</strong></span> <span class='ocrx_word' id='word_1_34' title='bbox 1207 1284 1254 1357; x_wconf 90' lang='lat' dir='ltr'><strong>ad</strong></span> <span class='ocrx_word' id='word_1_35' title='bbox 1278 1284 1375 1376; x_wconf 89' lang='lat' dir='ltr'><strong>litus,</strong></span> <span class='ocrx_word' id='word_1_36' title='bbox 1393 1283 1508 1378; x_wconf 92' lang='lat' dir='ltr'><strong>respi-</strong></span> 
     </span>
     <span class='ocr_line' id='line_1_6' title="bbox 328 1401 1507 1502; baseline -0.004 -20"><span class='ocrx_word' id='word_1_37' title='bbox 328 1408 378 1483; x_wconf 81' lang='lat' dir='ltr'><strong>cit</strong></span> <span class='ocrx_word' id='word_1_38' title='bbox 402 1408 472 1480; x_wconf 87' lang='lat' dir='ltr'><strong>sihi·</strong></span> <span class='ocrx_word' id='word_1_39' title='bbox 494 1428 517 1480; x_wconf 91' lang='lat' dir='ltr'><strong>a</strong></span> <span class='ocrx_word' id='word_1_40' title='bbox 543 1411 647 1502; x_wconf 81' lang='lat' dir='ltr'><strong>tergo</strong></span> <span class='ocrx_word' id='word_1_41' title='bbox 672 1412 710 1479; x_wconf 89' lang='lat' dir='ltr'><strong>et</strong></span> <span class='ocrx_word' id='word_1_42' title='bbox 734 1405 891 1478; x_wconf 91' lang='lat' dir='ltr'><strong>miratur</strong></span> <span class='ocrx_word' id='word_1_43' title='bbox 916 1401 1139 1499; x_wconf 84' lang='lat' dir='ltr'><strong>periculosas</strong></span> <span class='ocrx_word' id='word_1_44' title='bbox 1169 1404 1296 1477; x_wconf 87' lang='lat' dir='ltr'><strong>undas.</strong></span> <span class='ocrx_word' id='word_1_45' title='bbox 1328 1404 1507 1478; x_wconf 77' lang='lat' dir='ltr'><strong>construe</strong></span> 
     </span>
    </p>
   </div>
   <div class='ocr_carea' id='block_1_4' title="bbox 199 1514 1508 1618">
    <p class='ocr_par' dir='ltr' id='par_1_4' title="bbox 199 1514 1508 1618">
     <span class='ocr_line' id='line_1_7' title="bbox 199 1514 1508 1618; baseline -0.003 -18"><span class='ocrx_word' id='word_1_46' title='bbox 199 1547 204 1555; x_wconf 91' lang='lat'>·</span> <span class='ocrx_word' id='word_1_47' title='bbox 330 1546 428 1600; x_wconf 86' lang='lat' dir='ltr'><strong>nnnc</strong></span> <span class='ocrx_word' id='word_1_48' title='bbox 453 1526 611 1599; x_wconf 82' lang='lat' dir='ltr'><strong>litteram</strong></span> <span class='ocrx_word' id='word_1_49' title='bbox 638 1530 675 1599; x_wconf 91' lang='lat' dir='ltr'><strong>et</strong></span> <span class='ocrx_word' id='word_1_50' title='bbox 700 1543 843 1618; x_wconf 91' lang='lat' dir='ltr'><strong>expone</strong></span> <span class='ocrx_word' id='word_1_51' title='bbox 868 1523 936 1597; x_wconf 86' lang='lat' dir='ltr'><strong>sic:</strong></span> <span class='ocrx_word' id='word_1_52' title='bbox 962 1514 1040 1595; x_wconf 77' lang='lat' dir='ltr'><strong>cosi</strong></span> <span class='ocrx_word' id='word_1_53' title='bbox 1064 1526 1216 1595; x_wconf 75' lang='lat' dir='ltr'><strong>tunimo</strong></span> <span class='ocrx_word' id='word_1_54' title='bbox 1242 1525 1311 1594; x_wconf 86' lang='lat' dir='ltr'><strong>mio</strong></span> <span class='ocrx_word' id='word_1_55' title='bbox 1337 1524 1508 1596; x_wconf 74' lang='lat' dir='ltr'><strong>clt&#39;unoor</strong></span> 
     </span>
    </p>
   </div>
   <div class='ocr_carea' id='block_1_5' title="bbox 281 1641 1510 4804">
    <p class='ocr_par' dir='ltr' id='par_1_5' title="bbox 281 1641 1510 4487">
     <span class='ocr_line' id='line_1_8' title="bbox 327 1641 1508 1739; baseline -0.003 -21"><span class='ocrx_word' id='word_1_56' title='bbox 327 1647 486 1738; x_wconf 73' lang='lat' dir='ltr'><strong>suppim,</strong></span> <span class='ocrx_word' id='word_1_57' title='bbox 506 1643 598 1717; x_wconf 88' lang='lat' dir='ltr'><strong>idest</strong></span> <span class='ocrx_word' id='word_1_58' title='bbox 622 1642 685 1736; x_wconf 89' lang='lat' dir='ltr'><strong>qui</strong></span> <span class='ocrx_word' id='word_1_59' title='bbox 711 1642 831 1716; x_wconf 86' lang='lat' dir='ltr'><strong>adhuc</strong></span> <span class='ocrx_word' id='word_1_60' title='bbox 857 1648 937 1715; x_wconf 92' lang='lat' dir='ltr'><strong>erat</strong></span> <span class='ocrx_word' id='word_1_61' title='bbox 954 1642 991 1715; x_wconf 93' lang='lat' dir='ltr'><strong>in</strong></span> <span class='ocrx_word' id='word_1_62' title='bbox 1008 1641 1096 1739; x_wconf 81' lang='lat' dir='ltr'><strong>luga</strong></span> <span class='ocrx_word' id='word_1_63' title='bbox 1114 1642 1311 1733; x_wconf 81' lang='lat' dir='ltr'><strong>viciorum3</strong></span> <span class='ocrx_word' id='word_1_64' title='bbox 1333 1642 1419 1734; x_wconf 83' lang='lat' dir='ltr'><strong>qnia</strong></span> <span class='ocrx_word' id='word_1_65' title='bbox 1437 1642 1508 1716; x_wconf 86' lang='lat' dir='ltr'><strong>sei·</strong></span> 
     </span>
     <span class='ocr_line' id='line_1_9' title="bbox 330 1762 1509 1858; baseline -0.003 -21"><span class='ocrx_word' id='word_1_66' title='bbox 330 1764 414 1838; x_wconf 84' lang='lat' dir='ltr'><strong>linet</strong></span> <span class='ocrx_word' id='word_1_67' title='bbox 438 1763 644 1858; x_wconf 83' lang='lat' dir='ltr'><strong>exponebat</strong></span> <span class='ocrx_word' id='word_1_68' title='bbox 669 1782 709 1835; x_wconf 91' lang='lat' dir='ltr'><strong>se</strong></span> <span class='ocrx_word' id='word_1_69' title='bbox 734 1762 780 1835; x_wconf 93' lang='lat' dir='ltr'><strong>ad</strong></span> <span class='ocrx_word' id='word_1_70' title='bbox 806 1763 1057 1856; x_wconf 83' lang='lat' dir='ltr'><strong>expulsionem</strong></span> <span class='ocrx_word' id='word_1_71' title='bbox 1076 1762 1268 1854; x_wconf 86' lang='lat' dir='ltr'><strong>viciorum,</strong></span> <span class='ocrx_word' id='word_1_72' title='bbox 1286 1765 1318 1833; x_wconf 85' lang='lat' dir='ltr'><strong>si</strong></span> <span class='ocrx_word' id='word_1_73' title='bbox 1333 1765 1428 1834; x_wconf 80' lang='lat' dir='ltr'><strong>volso</strong></span> <span class='ocrx_word' id='word_1_74' title='bbox 1451 1765 1509 1834; x_wconf 80' lang='lat' dir='ltr'><strong>ia-</strong></span> 
     </span>
     <span class='ocr_line' id='line_1_10' title="bbox 281 1880 1508 1976; baseline -0.002 -20"><span class='ocrx_word' id='word_1_75' title='bbox 281 1940 285 1946; x_wconf 84' lang='lat'>.</span> <span class='ocrx_word' id='word_1_76' title='bbox 329 1883 454 1972; x_wconf 62' lang='lat' dir='ltr'><strong>duno,</strong></span> <span class='ocrx_word' id='word_1_77' title='bbox 481 1880 616 1955; x_wconf 84' lang='lat' dir='ltr'><strong>scilieet</strong></span> <span class='ocrx_word' id='word_1_78' title='bbox 641 1900 771 1955; x_wconf 89' lang='lat' dir='ltr'><strong>versus</strong></span> <span class='ocrx_word' id='word_1_79' title='bbox 796 1880 949 1976; x_wconf 84' lang='lat' dir='ltr'><strong>sylvam,</strong></span> <span class='ocrx_word' id='word_1_80' title='bbox 975 1902 1000 1954; x_wconf 87' lang='lat' dir='ltr'><strong>a</strong></span> <span class='ocrx_word' id='word_1_81' title='bbox 1023 1885 1173 1954; x_wconf 68' lang='lat' dir='ltr'><strong>timiam</strong></span> <span class='ocrx_word' id='word_1_82' title='bbox 1203 1885 1237 1954; x_wconf 86' lang='lat' dir='ltr'><strong>lo</strong></span> <span class='ocrx_word' id='word_1_83' title='bbox 1265 1901 1389 1972; x_wconf 81' lang='lat' dir='ltr'><strong>passu,</strong></span> <span class='ocrx_word' id='word_1_84' title='bbox 1417 1881 1508 1954; x_wconf 86' lang='lat' dir='ltr'><strong>idest</strong></span> 
     </span>
     <span class='ocr_line' id='line_1_11' title="bbox 331 1994 1508 2095; baseline -0.002 -19"><span class='ocrx_word' id='word_1_85' title='bbox 331 2002 429 2076; x_wconf 93' lang='lat' dir='ltr'><strong>viam</strong></span> <span class='ocrx_word' id='word_1_86' title='bbox 456 2001 653 2093; x_wconf 84' lang='lat' dir='ltr'><strong>viciorum3</strong></span> <span class='ocrx_word' id='word_1_87' title='bbox 679 2007 717 2074; x_wconf 90' lang='lat' dir='ltr'><strong>et</strong></span> <span class='ocrx_word' id='word_1_88' title='bbox 741 2001 836 2094; x_wconf 88' lang='lat' dir='ltr'><strong>dicit,</strong></span> <span class='ocrx_word' id='word_1_89' title='bbox 852 2004 912 2074; x_wconf 81' lang='lat' dir='ltr'><strong>rte</strong></span> <span class='ocrx_word' id='word_1_90' title='bbox 936 2021 1008 2074; x_wconf 82' lang='lat' dir='ltr'><strong>non</strong></span> <span class='ocrx_word' id='word_1_91' title='bbox 1033 1994 1140 2075; x_wconf 68' lang='lat' dir='ltr'><strong>lusoir}</strong></span> <span class='ocrx_word' id='word_1_92' title='bbox 1165 2006 1336 2093; x_wconf 64' lang='lat' dir='ltr'><strong>mammas·</strong></span> <span class='ocrx_word' id='word_1_93' title='bbox 1350 2022 1508 2095; x_wconf 81' lang='lat' dir='ltr'><strong>persono</strong></span> 
     </span>
     <span class='ocr_line' id='line_1_12' title="bbox 330 2112 1508 2218; baseline 0.001 -23"><span class='ocrx_word' id='word_1_94' title='bbox 330 2125 421 2195; x_wconf 69' lang='lat' dir='ltr'><strong>mou.</strong></span> <span class='ocrx_word' id='word_1_95' title='bbox 437 2120 490 2194; x_wconf 78' lang='lat' dir='ltr'><strong>rid</strong></span> <span class='ocrx_word' id='word_1_96' title='bbox 508 2121 782 2218; x_wconf 80' lang='lat' dir='ltr'><strong>intelligentiam</strong></span> <span class='ocrx_word' id='word_1_97' title='bbox 801 2119 902 2194; x_wconf 89' lang='lat' dir='ltr'><strong>istius</strong></span> <span class='ocrx_word' id='word_1_98' title='bbox 923 2121 1037 2195; x_wconf 82' lang='lat' dir='ltr'><strong>literae</strong></span> <span class='ocrx_word' id='word_1_99' title='bbox 1055 2127 1110 2195; x_wconf 84' lang='lat' dir='ltr'><strong>est</strong></span> <span class='ocrx_word' id='word_1_100' title='bbox 1126 2121 1327 2195; x_wconf 90' lang='lat' dir='ltr'><strong>notandum</strong></span> <span class='ocrx_word' id='word_1_101' title='bbox 1340 2112 1391 2216; x_wconf 54' lang='grc' dir='ltr'>(Β),</span> <span class='ocrx_word' id='word_1_102' title='bbox 1409 2121 1508 2215; x_wconf 83' lang='lat' dir='ltr'><strong>qnod</strong></span> 
     </span>
     <span class='ocr_line' id='line_1_13' title="bbox 331 2239 1508 2335; baseline 0.001 -20"><span class='ocrx_word' id='word_1_103' title='bbox 331 2240 389 2315; x_wconf 81' lang='lat' dir='ltr'><strong>iric</strong></span> <span class='ocrx_word' id='word_1_104' title='bbox 420 2245 538 2335; x_wconf 90' lang='lat' dir='ltr'><strong>potest</strong></span> <span class='ocrx_word' id='word_1_105' title='bbox 568 2259 648 2314; x_wconf 89' lang='lat' dir='ltr'><strong>esse</strong></span> <span class='ocrx_word' id='word_1_106' title='bbox 676 2239 812 2334; x_wconf 90' lang='lat' dir='ltr'><strong>duplex</strong></span> <span class='ocrx_word' id='word_1_107' title='bbox 841 2240 1067 2313; x_wconf 85' lang='lat' dir='ltr'><strong>intellectus:</strong></span> <span class='ocrx_word' id='word_1_108' title='bbox 1101 2261 1210 2334; x_wconf 91' lang='lat' dir='ltr'><strong>unus,</strong></span> <span class='ocrx_word' id='word_1_109' title='bbox 1244 2241 1344 2334; x_wconf 89' lang='lat' dir='ltr'><strong>quod</strong></span> <span class='ocrx_word' id='word_1_110' title='bbox 1378 2260 1508 2316; x_wconf 78' lang='lat' dir='ltr'><strong>omnes</strong></span> 
     </span>
     <span class='ocr_line' id='line_1_14' title="bbox 330 2358 1508 2455; baseline 0 -21"><span class='ocrx_word' id='word_1_111' title='bbox 330 2367 561 2435; x_wconf 87' lang='lat' dir='ltr'><strong>transeuntes</strong></span> <span class='ocrx_word' id='word_1_112' title='bbox 590 2379 656 2454; x_wconf 92' lang='lat' dir='ltr'><strong>per</strong></span> <span class='ocrx_word' id='word_1_113' title='bbox 685 2359 783 2432; x_wconf 93' lang='lat' dir='ltr'><strong>viam</strong></span> <span class='ocrx_word' id='word_1_114' title='bbox 814 2358 993 2433; x_wconf 86' lang='lat' dir='ltr'><strong>viciorum</strong></span> <span class='ocrx_word' id='word_1_115' title='bbox 1024 2360 1259 2454; x_wconf 88' lang='lat' dir='ltr'><strong>spiritualiter</strong></span> <span class='ocrx_word' id='word_1_116' title='bbox 1285 2361 1508 2455; x_wconf 93' lang='lat' dir='ltr'><strong>moriuntur,</strong></span> 
     </span>
     <span class='ocr_line' id='line_1_15' title="bbox 330 2477 1508 2574; baseline 0 -22"><span class='ocrx_word' id='word_1_117' title='bbox 330 2479 417 2573; x_wconf 88' lang='lat' dir='ltr'><strong>quia</strong></span> <span class='ocrx_word' id='word_1_118' title='bbox 441 2478 565 2552; x_wconf 90' lang='lat' dir='ltr'><strong>anima</strong></span> <span class='ocrx_word' id='word_1_119' title='bbox 590 2497 675 2571; x_wconf 78' lang='lat' dir='ltr'><strong>quae</strong></span> <span class='ocrx_word' id='word_1_120' title='bbox 693 2477 908 2572; x_wconf 75' lang='lat' dir='ltr'><strong>pensaverit,</strong></span> <span class='ocrx_word' id='word_1_121' title='bbox 926 2477 1004 2571; x_wconf 89' lang='lat' dir='ltr'><strong>ipsa</strong></span> <span class='ocrx_word' id='word_1_122' title='bbox 1025 2478 1217 2572; x_wconf 86' lang='lat' dir='ltr'><strong>morietur,</strong></span> <span class='ocrx_word' id='word_1_123' title='bbox 1235 2487 1273 2554; x_wconf 90' lang='lat' dir='ltr'><strong>et</strong></span> <span class='ocrx_word' id='word_1_124' title='bbox 1290 2487 1377 2554; x_wconf 87' lang='lat' dir='ltr'><strong>tunc</strong></span> <span class='ocrx_word' id='word_1_125' title='bbox 1394 2500 1508 2574; x_wconf 86' lang='lat' dir='ltr'><strong>expo-</strong></span> 
     </span>
     <span class='ocr_line' id='line_1_16' title="bbox 331 2581 1510 2692; baseline 0 -20"><span class='ocrx_word' id='word_1_126' title='bbox 331 2605 442 2672; x_wconf 89' lang='lat' dir='ltr'><strong>natur</strong></span> <span class='ocrx_word' id='word_1_127' title='bbox 468 2598 574 2673; x_wconf 90' lang='lat' dir='ltr'><strong>litera</strong></span> <span class='ocrx_word' id='word_1_128' title='bbox 599 2597 673 2671; x_wconf 85' lang='lat' dir='ltr'><strong>sio:</strong></span> <span class='ocrx_word' id='word_1_129' title='bbox 700 2598 772 2687; x_wconf 78' lang='lat' dir='ltr'><strong>cite,</strong></span> <span class='ocrx_word' id='word_1_130' title='bbox 798 2581 890 2670; x_wconf 89' lang='lat' dir='ltr'><strong>idest</strong></span> <span class='ocrx_word' id='word_1_131' title='bbox 907 2597 971 2689; x_wconf 89' lang='lat' dir='ltr'><strong>qui</strong></span> <span class='ocrx_word' id='word_1_132' title='bbox 991 2617 1119 2690; x_wconf 89' lang='lat' dir='ltr'><strong>passus</strong></span> <span class='ocrx_word' id='word_1_133' title='bbox 1139 2597 1332 2692; x_wconf 87' lang='lat' dir='ltr'><strong>viciorum,</strong></span> <span class='ocrx_word' id='word_1_134' title='bbox 1358 2620 1431 2673; x_wconf 82' lang='lat' dir='ltr'><strong>noo</strong></span> <span class='ocrx_word' id='word_1_135' title='bbox 1455 2602 1510 2672; x_wconf 87' lang='lat' dir='ltr'><strong>lo-</strong></span> 
     </span>
     <span class='ocr_line' id='line_1_17' title="bbox 328 2710 1507 2812; baseline 0.001 -20"><span class='ocrx_word' id='word_1_136' title='bbox 328 2710 413 2809; x_wconf 71' lang='lat' dir='ltr'><strong>scio,</strong></span> <span class='ocrx_word' id='word_1_137' title='bbox 440 2717 532 2792; x_wconf 90' lang='lat' dir='ltr'><strong>idest</strong></span> <span class='ocrx_word' id='word_1_138' title='bbox 556 2735 762 2809; x_wconf 85' lang='lat' dir='ltr'><strong>numquam</strong></span> <span class='ocrx_word' id='word_1_139' title='bbox 788 2715 922 2789; x_wconf 89' lang='lat' dir='ltr'><strong>dimisit</strong></span> <span class='ocrx_word' id='word_1_140' title='bbox 946 2735 1140 2810; x_wconf 89' lang='lat' dir='ltr'><strong>personam</strong></span> <span class='ocrx_word' id='word_1_141' title='bbox 1166 2717 1301 2811; x_wconf 88' lang='lat' dir='ltr'><strong>vivam,</strong></span> <span class='ocrx_word' id='word_1_142' title='bbox 1328 2719 1416 2812; x_wconf 86' lang='lat' dir='ltr'><strong>quin</strong></span> <span class='ocrx_word' id='word_1_143' title='bbox 1442 2738 1507 2793; x_wconf 87' lang='lat' dir='ltr'><strong>oo·</strong></span> 
     </span>
     <span class='ocr_line' id='line_1_18' title="bbox 329 2827 1507 2930; baseline 0.001 -19"><span class='ocrx_word' id='word_1_144' title='bbox 329 2837 456 2911; x_wconf 79' lang='lat' dir='ltr'><strong>uiderit</strong></span> <span class='ocrx_word' id='word_1_145' title='bbox 481 2837 596 2930; x_wconf 86' lang='lat' dir='ltr'><strong>ipsam</strong></span> <span class='ocrx_word' id='word_1_146' title='bbox 622 2835 868 2930; x_wconf 86' lang='lat' dir='ltr'><strong>spiritualiter,</strong></span> <span class='ocrx_word' id='word_1_147' title='bbox 894 2841 937 2907; x_wconf 91' lang='lat' dir='ltr'><strong>ut</strong></span> <span class='ocrx_word' id='word_1_148' title='bbox 960 2836 1098 2909; x_wconf 85' lang='lat' dir='ltr'><strong>dictum</strong></span> <span class='ocrx_word' id='word_1_149' title='bbox 1128 2842 1202 2910; x_wconf 91' lang='lat' dir='ltr'><strong>est:</strong></span> <span class='ocrx_word' id='word_1_150' title='bbox 1241 2844 1278 2910; x_wconf 91' lang='lat' dir='ltr'><strong>et</strong></span> <span class='ocrx_word' id='word_1_151' title='bbox 1314 2844 1402 2912; x_wconf 91' lang='lat' dir='ltr'><strong>tunc</strong></span> <span class='ocrx_word' id='word_1_152' title='bbox 1419 2827 1456 2930; x_wconf 73' lang='lat'><strong>(⁴)</strong></span> <span class='ocrx_word' id='word_1_153' title='bbox 1483 2837 1507 2912; x_wconf 91' lang='lat' dir='ltr'><strong>li</strong></span> 
     </span>
     <span class='ocr_line' id='line_1_19' title="bbox 324 2954 1506 3050; baseline 0.003 -22"><span class='ocrx_word' id='word_1_154' title='bbox 324 2976 483 3047; x_wconf 73' lang='lat' dir='ltr'><strong>pmaono</strong></span> <span class='ocrx_word' id='word_1_155' title='bbox 498 2959 580 3028; x_wconf 82' lang='lat' dir='ltr'><strong>eiua</strong></span> <span class='ocrx_word' id='word_1_156' title='bbox 595 2961 666 3028; x_wconf 90' lang='lat' dir='ltr'><strong>stat</strong></span> <span class='ocrx_word' id='word_1_157' title='bbox 683 2973 750 3047; x_wconf 91' lang='lat' dir='ltr'><strong>pro</strong></span> <span class='ocrx_word' id='word_1_158' title='bbox 774 2954 938 3049; x_wconf 88' lang='lat' dir='ltr'><strong>apposito</strong></span> <span class='ocrx_word' id='word_1_159' title='bbox 955 2955 1069 3028; x_wconf 89' lang='lat' dir='ltr'><strong>verbi.</strong></span> <span class='ocrx_word' id='word_1_160' title='bbox 1087 2954 1188 3028; x_wconf 80' lang='lat' dir='ltr'><strong>Alius</strong></span> <span class='ocrx_word' id='word_1_161' title='bbox 1213 2955 1415 3031; x_wconf 85' lang='lat' dir='ltr'><strong>intellectus</strong></span> <span class='ocrx_word' id='word_1_162' title='bbox 1440 2963 1506 3050; x_wconf 84' lang='lat' dir='ltr'><strong>est,</strong></span> 
     </span>
     <span class='ocr_line' id='line_1_20' title="bbox 329 3072 1507 3168; baseline 0.002 -20"><span class='ocrx_word' id='word_1_163' title='bbox 329 3073 430 3168; x_wconf 74' lang='lat' dir='ltr'><strong>quod</strong></span> <span class='ocrx_word' id='word_1_164' title='bbox 448 3075 577 3162; x_wconf 84' lang='lat' dir='ltr'><strong>nullus</strong></span> <span class='ocrx_word' id='word_1_165' title='bbox 607 3072 733 3147; x_wconf 88' lang='lat' dir='ltr'><strong>vivens</strong></span> <span class='ocrx_word' id='word_1_166' title='bbox 763 3074 800 3146; x_wconf 94' lang='lat' dir='ltr'><strong>in</strong></span> <span class='ocrx_word' id='word_1_167' title='bbox 831 3073 970 3146; x_wconf 88' lang='lat' dir='ltr'><strong>mundo</strong></span> <span class='ocrx_word' id='word_1_168' title='bbox 1000 3074 1117 3168; x_wconf 91' lang='lat' dir='ltr'><strong>potuit</strong></span> <span class='ocrx_word' id='word_1_169' title='bbox 1151 3095 1316 3167; x_wconf 88' lang='lat' dir='ltr'><strong>unquam</strong></span> <span class='ocrx_word' id='word_1_170' title='bbox 1347 3077 1507 3152; x_wconf 89' lang='lat' dir='ltr'><strong>totaliter</strong></span> 
     </span>
     <span class='ocr_line' id='line_1_21' title="bbox 328 3193 1506 3290; baseline -0.002 -19"><span class='ocrx_word' id='word_1_171' title='bbox 328 3197 469 3271; x_wconf 85' lang='lat' dir='ltr'><strong>evitare</strong></span> <span class='ocrx_word' id='word_1_172' title='bbox 494 3195 601 3268; x_wconf 90' lang='lat' dir='ltr'><strong>istam</strong></span> <span class='ocrx_word' id='word_1_173' title='bbox 627 3194 725 3268; x_wconf 89' lang='lat' dir='ltr'><strong>viam</strong></span> <span class='ocrx_word' id='word_1_174' title='bbox 751 3194 932 3268; x_wconf 84' lang='lat' dir='ltr'><strong>viciorum</strong></span> <span class='ocrx_word' id='word_1_175' title='bbox 967 3193 1016 3267; x_wconf 92' lang='lat' dir='ltr'><strong>ita</strong></span> <span class='ocrx_word' id='word_1_176' title='bbox 1050 3193 1149 3286; x_wconf 87' lang='lat' dir='ltr'><strong>quod</strong></span> <span class='ocrx_word' id='word_1_177' title='bbox 1176 3213 1248 3266; x_wconf 94' lang='lat' dir='ltr'><strong>non</strong></span> <span class='ocrx_word' id='word_1_178' title='bbox 1274 3195 1344 3269; x_wconf 89' lang='lat' dir='ltr'><strong>iret</strong></span> <span class='ocrx_word' id='word_1_179' title='bbox 1367 3216 1434 3290; x_wconf 94' lang='lat' dir='ltr'><strong>per</strong></span> <span class='ocrx_word' id='word_1_180' title='bbox 1451 3195 1506 3290; x_wconf 92' lang='lat' dir='ltr'><strong>ip-</strong></span> 
     </span>
     <span class='ocr_line' id='line_1_22' title="bbox 328 3307 1505 3410; baseline 0 -21"><span class='ocrx_word' id='word_1_181' title='bbox 328 3326 408 3390; x_wconf 84' lang='lat' dir='ltr'><strong>sam</strong></span> <span class='ocrx_word' id='word_1_182' title='bbox 427 3307 476 3407; x_wconf 82' lang='lat'><strong>(⁶),</strong></span> <span class='ocrx_word' id='word_1_183' title='bbox 495 3314 581 3408; x_wconf 88' lang='lat' dir='ltr'><strong>quia</strong></span> <span class='ocrx_word' id='word_1_184' title='bbox 607 3313 738 3407; x_wconf 88' lang='lat' dir='ltr'><strong>septies</strong></span> <span class='ocrx_word' id='word_1_185' title='bbox 762 3312 857 3387; x_wconf 85' lang='lat' dir='ltr'><strong>cadit</strong></span> <span class='ocrx_word' id='word_1_186' title='bbox 869 3314 993 3407; x_wconf 89' lang='lat' dir='ltr'><strong>justus</strong></span> <span class='ocrx_word' id='word_1_187' title='bbox 1018 3312 1054 3384; x_wconf 91' lang='lat' dir='ltr'><strong>in</strong></span> <span class='ocrx_word' id='word_1_188' title='bbox 1079 3312 1138 3386; x_wconf 93' lang='lat' dir='ltr'><strong>die</strong></span> <span class='ocrx_word' id='word_1_189' title='bbox 1155 3310 1283 3388; x_wconf 90' lang='lat' dir='ltr'><strong>saltem</strong></span> <span class='ocrx_word' id='word_1_190' title='bbox 1303 3314 1505 3410; x_wconf 88' lang='lat' dir='ltr'><strong>venialiter,</strong></span> 
     </span>
     <span class='ocr_line' id='line_1_23' title="bbox 329 3432 1506 3529; baseline -0.001 -19"><span class='ocrx_word' id='word_1_191' title='bbox 329 3442 367 3510; x_wconf 88' lang='lat' dir='ltr'><strong>et</strong></span> <span class='ocrx_word' id='word_1_192' title='bbox 400 3441 489 3508; x_wconf 87' lang='lat' dir='ltr'><strong>tnnc</strong></span> <span class='ocrx_word' id='word_1_193' title='bbox 517 3452 660 3528; x_wconf 91' lang='lat' dir='ltr'><strong>expone</strong></span> <span class='ocrx_word' id='word_1_194' title='bbox 694 3432 745 3506; x_wconf 83' lang='lat' dir='ltr'><strong>sic</strong></span> <span class='ocrx_word' id='word_1_195' title='bbox 778 3433 961 3506; x_wconf 86' lang='lat' dir='ltr'><strong>litteram:</strong></span> <span class='ocrx_word' id='word_1_196' title='bbox 993 3434 1064 3523; x_wconf 80' lang='lat' dir='ltr'><strong>ele,</strong></span> <span class='ocrx_word' id='word_1_197' title='bbox 1092 3432 1184 3506; x_wconf 88' lang='lat' dir='ltr'><strong>idest</strong></span> <span class='ocrx_word' id='word_1_198' title='bbox 1213 3452 1325 3526; x_wconf 88' lang='lat' dir='ltr'><strong>quem</strong></span> <span class='ocrx_word' id='word_1_199' title='bbox 1358 3455 1506 3529; x_wconf 89' lang='lat' dir='ltr'><strong>passum</strong></span> 
     </span>
     <span class='ocr_line' id='line_1_24' title="bbox 328 3545 1508 3649; baseline 0.001 -20"><span class='ocrx_word' id='word_1_200' title='bbox 328 3555 521 3646; x_wconf 85' lang='lat' dir='ltr'><strong>viciorum,</strong></span> <span class='ocrx_word' id='word_1_201' title='bbox 535 3573 692 3645; x_wconf 62' lang='lat' dir='ltr'><strong>parovio</strong></span> <span class='ocrx_word' id='word_1_202' title='bbox 717 3556 796 3626; x_wconf 81' lang='lat' dir='ltr'><strong>vivo</strong></span> <span class='ocrx_word' id='word_1_203' title='bbox 825 3572 897 3625; x_wconf 83' lang='lat' dir='ltr'><strong>oon</strong></span> <span class='ocrx_word' id='word_1_204' title='bbox 921 3545 1029 3625; x_wconf 75' lang='lat' dir='ltr'><strong>loscio</strong></span> <span class='ocrx_word' id='word_1_205' title='bbox 1053 3555 1233 3644; x_wconf 73' lang='lat' dir='ltr'><strong>piammoi</strong></span> <span class='ocrx_word' id='word_1_206' title='bbox 1251 3552 1337 3647; x_wconf 87' lang='lat' dir='ltr'><strong>quia</strong></span> <span class='ocrx_word' id='word_1_207' title='bbox 1362 3561 1508 3649; x_wconf 88' lang='lat' dir='ltr'><strong>oportet</strong></span> 
     </span>
     <span class='ocr_line' id='line_1_25' title="bbox 328 3665 1507 3770; baseline 0.001 -20"><span class='ocrx_word' id='word_1_208' title='bbox 328 3669 478 3750; x_wconf 86' lang='lat' dir='ltr'><strong>omnem</strong></span> <span class='ocrx_word' id='word_1_209' title='bbox 496 3674 684 3748; x_wconf 90' lang='lat' dir='ltr'><strong>hominem</strong></span> <span class='ocrx_word' id='word_1_210' title='bbox 698 3674 905 3747; x_wconf 90' lang='lat' dir='ltr'><strong>venientem</strong></span> <span class='ocrx_word' id='word_1_211' title='bbox 925 3671 961 3746; x_wconf 93' lang='lat' dir='ltr'><strong>in</strong></span> <span class='ocrx_word' id='word_1_212' title='bbox 985 3672 1166 3747; x_wconf 93' lang='lat' dir='ltr'><strong>mnndum</strong></span> <span class='ocrx_word' id='word_1_213' title='bbox 1177 3665 1385 3770; x_wconf 79' lang='lat' dir='ltr'><strong>(⁶)peocare</strong></span> <span class='ocrx_word' id='word_1_214' title='bbox 1403 3696 1507 3751; x_wconf 85' lang='lat' dir='ltr'><strong>com·</strong></span> 
     </span>
     <span class='ocr_line' id='line_1_26' title="bbox 329 3786 1506 3888; baseline 0.001 -19"><span class='ocrx_word' id='word_1_215' title='bbox 329 3793 501 3887; x_wconf 91' lang='lat' dir='ltr'><strong>mnniter,</strong></span> <span class='ocrx_word' id='word_1_216' title='bbox 528 3794 615 3887; x_wconf 88' lang='lat' dir='ltr'><strong>quia</strong></span> <span class='ocrx_word' id='word_1_217' title='bbox 641 3813 715 3867; x_wconf 94' lang='lat' dir='ltr'><strong>non</strong></span> <span class='ocrx_word' id='word_1_218' title='bbox 739 3794 846 3868; x_wconf 86' lang='lat' dir='ltr'><strong>beata</strong></span> <span class='ocrx_word' id='word_1_219' title='bbox 872 3793 984 3888; x_wconf 80' lang='lat' dir='ltr'><strong>Virgo</strong></span> <span class='ocrx_word' id='word_1_220' title='bbox 1008 3794 1067 3869; x_wconf 90' lang='lat' dir='ltr'><strong>vel</strong></span> <span class='ocrx_word' id='word_1_221' title='bbox 1093 3794 1272 3868; x_wconf 88' lang='lat' dir='ltr'><strong>Christus:</strong></span> <span class='ocrx_word' id='word_1_222' title='bbox 1299 3801 1336 3869; x_wconf 95' lang='lat' dir='ltr'><strong>et</strong></span> <span class='ocrx_word' id='word_1_223' title='bbox 1361 3802 1449 3870; x_wconf 82' lang='lat' dir='ltr'><strong>tunc</strong></span> <span class='ocrx_word' id='word_1_224' title='bbox 1468 3786 1506 3888; x_wconf 62' lang='lat' dir='ltr'><strong>C)</strong></span> 
     </span>
     <span class='ocr_line' id='line_1_27' title="bbox 327 3913 1507 4010; baseline 0.003 -23"><span class='ocrx_word' id='word_1_225' title='bbox 327 3914 352 3987; x_wconf 93' lang='lat' dir='ltr'><strong>li</strong></span> <span class='ocrx_word' id='word_1_226' title='bbox 370 3934 528 4007; x_wconf 81' lang='lat' dir='ltr'><strong>persono</strong></span> <span class='ocrx_word' id='word_1_227' title='bbox 551 3917 632 3987; x_wconf 80' lang='lat' dir='ltr'><strong>otoo</strong></span> <span class='ocrx_word' id='word_1_228' title='bbox 657 3920 729 3987; x_wconf 88' lang='lat' dir='ltr'><strong>stat</strong></span> <span class='ocrx_word' id='word_1_229' title='bbox 753 3932 821 4007; x_wconf 92' lang='lat' dir='ltr'><strong>pro</strong></span> <span class='ocrx_word' id='word_1_230' title='bbox 845 3913 1041 4008; x_wconf 90' lang='lat' dir='ltr'><strong>supposito,</strong></span> <span class='ocrx_word' id='word_1_231' title='bbox 1054 3920 1092 3987; x_wconf 89' lang='lat' dir='ltr'><strong>et</strong></span> <span class='ocrx_word' id='word_1_232' title='bbox 1111 3914 1220 3988; x_wconf 91' lang='lat' dir='ltr'><strong>debet</strong></span> <span class='ocrx_word' id='word_1_233' title='bbox 1245 3915 1329 4009; x_wconf 93' lang='lat' dir='ltr'><strong>poni</strong></span> <span class='ocrx_word' id='word_1_234' title='bbox 1354 3936 1377 3989; x_wconf 92' lang='lat' dir='ltr'><strong>a</strong></span> <span class='ocrx_word' id='word_1_235' title='bbox 1402 3922 1507 4010; x_wconf 83' lang='lat' dir='ltr'><strong>parte</strong></span> 
     </span>
     <span class='ocr_line' id='line_1_28' title="bbox 328 4026 1505 4128; baseline -0.001 -21"><span class='ocrx_word' id='word_1_236' title='bbox 328 4041 416 4108; x_wconf 82' lang='lat' dir='ltr'><strong>ante</strong></span> <span class='ocrx_word' id='word_1_237' title='bbox 448 4032 563 4108; x_wconf 86' lang='lat' dir='ltr'><strong>verbi.</strong></span> <span class='ocrx_word' id='word_1_238' title='bbox 590 4033 634 4104; x_wconf 85' lang='lat' dir='ltr'><strong>Et</strong></span> <span class='ocrx_word' id='word_1_239' title='bbox 666 4034 736 4106; x_wconf 87' lang='lat' dir='ltr'><strong>hoc</strong></span> <span class='ocrx_word' id='word_1_240' title='bbox 761 4032 845 4106; x_wconf 85' lang='lat' dir='ltr'><strong>iecit</strong></span> <span class='ocrx_word' id='word_1_241' title='bbox 874 4032 1020 4106; x_wconf 89' lang='lat' dir='ltr'><strong>animus</strong></span> <span class='ocrx_word' id='word_1_242' title='bbox 1045 4052 1151 4108; x_wconf 91' lang='lat' dir='ltr'><strong>meus</strong></span> <span class='ocrx_word' id='word_1_243' title='bbox 1176 4026 1248 4106; x_wconf 81' lang='lat' dir='ltr'><strong>rosi</strong></span> <span class='ocrx_word' id='word_1_244' title='bbox 1285 4054 1382 4107; x_wconf 85' lang='lat' dir='ltr'><strong>rome</strong></span> <span class='ocrx_word' id='word_1_245' title='bbox 1414 4038 1505 4128; x_wconf 79' lang='lat' dir='ltr'><strong>quei,</strong></span> 
     </span>
     <span class='ocr_line' id='line_1_29' title="bbox 327 4153 1505 4250; baseline 0.001 -23"><span class='ocrx_word' id='word_1_246' title='bbox 327 4153 463 4228; x_wconf 86' lang='lat' dir='ltr'><strong>scilicet</strong></span> <span class='ocrx_word' id='word_1_247' title='bbox 489 4153 702 4250; x_wconf 71' lang='lat' dir='ltr'><strong>naufragus,</strong></span> <span class='ocrx_word' id='word_1_248' title='bbox 727 4153 789 4224; x_wconf 79' lang='lat' dir='ltr'><strong>cite</strong></span> <span class='ocrx_word' id='word_1_249' title='bbox 812 4155 919 4225; x_wconf 74' lang='lat' dir='ltr'><strong>mutto</strong></span> <span class='ocrx_word' id='word_1_250' title='bbox 945 4156 1032 4244; x_wconf 81' lang='lat' dir='ltr'><strong>soor</strong></span> <span class='ocrx_word' id='word_1_251' title='bbox 1065 4154 1122 4226; x_wconf 80' lang='lat' dir='ltr'><strong>del</strong></span> <span class='ocrx_word' id='word_1_252' title='bbox 1143 4157 1273 4246; x_wconf 80' lang='lat' dir='ltr'><strong>pelope</strong></span> <span class='ocrx_word' id='word_1_253' title='bbox 1306 4157 1380 4226; x_wconf 79' lang='lat' dir='ltr'><strong>olla</strong></span> <span class='ocrx_word' id='word_1_254' title='bbox 1411 4158 1505 4245; x_wconf 64' lang='lat' dir='ltr'><strong>mua,</strong></span> 
     </span>
     <span class='ocr_line' id='line_1_30' title="bbox 329 4271 1504 4368; baseline 0.001 -21"><span class='ocrx_word' id='word_1_255' title='bbox 329 4290 418 4348; x_wconf 81' lang='lat' dir='ltr'><strong>oum</strong></span> <span class='ocrx_word' id='word_1_256' title='bbox 442 4275 522 4347; x_wconf 73' lang='lat' dir='ltr'><strong>lerna</strong></span> <span class='ocrx_word' id='word_1_257' title='bbox 553 4278 751 4365; x_wconf 73' lang='lat' dir='ltr'><strong>affonnoto,</strong></span> <span class='ocrx_word' id='word_1_258' title='bbox 779 4271 870 4345; x_wconf 88' lang='lat' dir='ltr'><strong>idest</strong></span> <span class='ocrx_word' id='word_1_259' title='bbox 902 4292 1038 4368; x_wconf 82' lang='lat' dir='ltr'><strong>magno</strong></span> <span class='ocrx_word' id='word_1_260' title='bbox 1062 4279 1101 4347; x_wconf 90' lang='lat' dir='ltr'><strong>et</strong></span> <span class='ocrx_word' id='word_1_261' title='bbox 1130 4274 1334 4368; x_wconf 85' lang='lat' dir='ltr'><strong>periculoso</strong></span> <span class='ocrx_word' id='word_1_262' title='bbox 1366 4272 1504 4367; x_wconf 88' lang='lat' dir='ltr'><strong>labore,</strong></span> 
     </span>
     <span class='ocr_line' id='line_1_31' title="bbox 327 4391 1506 4487; baseline 0.002 -21"><span class='ocrx_word' id='word_1_263' title='bbox 327 4396 360 4466; x_wconf 82' lang='lat' dir='ltr'><strong>si</strong></span> <span class='ocrx_word' id='word_1_264' title='bbox 384 4395 484 4482; x_wconf 69' lang='lat' dir='ltr'><strong>notae</strong></span> <span class='ocrx_word' id='word_1_265' title='bbox 508 4395 567 4465; x_wconf 79' lang='lat' dir='ltr'><strong>ott</strong></span> <span class='ocrx_word' id='word_1_266' title='bbox 580 4413 694 4485; x_wconf 76' lang='lat' dir='ltr'><strong>aequo</strong></span> <span class='ocrx_word' id='word_1_267' title='bbox 714 4394 920 4484; x_wconf 63' lang='lat' dir='ltr'><strong>parielinae,</strong></span> <span class='ocrx_word' id='word_1_268' title='bbox 939 4391 1030 4466; x_wconf 83' lang='lat' dir='ltr'><strong>idest</strong></span> <span class='ocrx_word' id='word_1_269' title='bbox 1054 4392 1102 4466; x_wconf 86' lang='lat' dir='ltr'><strong>ad</strong></span> <span class='ocrx_word' id='word_1_270' title='bbox 1126 4393 1349 4487; x_wconf 86' lang='lat' dir='ltr'><strong>periculosos</strong></span> <span class='ocrx_word' id='word_1_271' title='bbox 1373 4395 1506 4468; x_wconf 89' lang='lat' dir='ltr'><strong>lluotns</strong></span> 
     </span>
    </p>

    <p class='ocr_par' dir='ltr' id='par_1_6' title="bbox 392 4585 1193 4652">
     <span class='ocr_line' id='line_1_32' title="bbox 392 4585 1193 4652; baseline 0.001 -17"><span class='ocrx_word' id='word_1_272' title='bbox 392 4585 422 4648; x_wconf 85' lang='lat'><strong>(¹)</strong></span> <span class='ocrx_word' id='word_1_273' title='bbox 440 4585 470 4635; x_wconf 79' lang='lat' dir='ltr'><strong>rt</strong></span> <span class='ocrx_word' id='word_1_274' title='bbox 487 4585 555 4635; x_wconf 63' lang='lat' dir='ltr'><strong>num</strong></span> <span class='ocrx_word' id='word_1_275' title='bbox 572 4600 618 4649; x_wconf 80' lang='lat' dir='ltr'><strong>per</strong></span> <span class='ocrx_word' id='word_1_276' title='bbox 634 4588 855 4652; x_wconf 75' lang='lat' dir='ltr'><strong>eomprrruonom</strong></span> <span class='ocrx_word' id='word_1_277' title='bbox 871 4585 1056 4650; x_wconf 72' lang='lat' dir='ltr'><strong>pulcerrimum</strong></span> <span class='ocrx_word' id='word_1_278' title='bbox 1072 4585 1193 4638; x_wconf 73' lang='lat' dir='ltr'><strong>moriter.</strong></span> 
     </span>
    </p>

    <p class='ocr_par' dir='ltr' id='par_1_7' title="bbox 393 4660 1355 4726">
     <span class='ocr_line' id='line_1_33' title="bbox 393 4660 1355 4726; baseline 0.001 -13"><span class='ocrx_word' id='word_1_279' title='bbox 393 4660 422 4723; x_wconf 59' lang='grc' dir='ltr'><strong>(ἢ</strong></span> <span class='ocrx_word' id='word_1_280' title='bbox 442 4666 495 4721; x_wconf 77' lang='lat' dir='ltr'><strong>itt,</strong></span> <span class='ocrx_word' id='word_1_281' title='bbox 513 4661 652 4726; x_wconf 67' lang='lat' dir='ltr'><strong>naufrago.</strong></span> <span class='ocrx_word' id='word_1_282' title='bbox 1130 4660 1199 4722; x_wconf 69' lang='lat'><strong>(⁹18.</strong></span> <span class='ocrx_word' id='word_1_283' title='bbox 1215 4662 1355 4714; x_wconf 61' lang='lat' dir='ltr'><strong>somnium.</strong></span> 
     </span>
    </p>

    <p class='ocr_par' dir='ltr' id='par_1_8' title="bbox 392 4736 1204 4804">
     <span class='ocr_line' id='line_1_34' title="bbox 392 4736 1204 4804; baseline -0.006 -9"><span class='ocrx_word' id='word_1_284' title='bbox 392 4736 1204 4804; x_wconf 63' lang='lat' dir='ltr'><strong>t‘rcmurnaroeuvooeuot-utuneumme</strong></span> 
     </span>
    </p>
   </div>
   <div class='ocr_carea' id='block_1_6' title="bbox 391 4812 1487 4959">
    <p class='ocr_par' dir='ltr' id='par_1_9' title="bbox 391 4812 1487 4959">
     <span class='ocr_line' id='line_1_35' title="bbox 391 4812 737 4877; baseline -0.006 -7"><span class='ocrx_word' id='word_1_285' title='bbox 391 4812 418 4872; x_wconf 78' lang='lat'><strong>(¹)</strong></span> <span class='ocrx_word' id='word_1_286' title='bbox 437 4819 490 4874; x_wconf 80' lang='lat' dir='ltr'><strong>rra,</strong></span> <span class='ocrx_word' id='word_1_287' title='bbox 508 4815 737 4877; x_wconf 68' lang='lat' dir='ltr'><strong>pernumium.</strong></span> 
     </span>
     <span class='ocr_line' id='line_1_36' title="bbox 394 4887 1487 4959; baseline -0.001 -12"><span class='ocrx_word' id='word_1_288' title='bbox 394 4887 422 4953; x_wconf 79' lang='lat' dir='ltr'><strong>l‘l</strong></span> <span class='ocrx_word' id='word_1_289' title='bbox 440 4895 494 4952; x_wconf 73' lang='lat' dir='ltr'><strong>tto,</strong></span> <span class='ocrx_word' id='word_1_290' title='bbox 510 4890 537 4941; x_wconf 92' lang='lat' dir='ltr'><strong>ln</strong></span> <span class='ocrx_word' id='word_1_291' title='bbox 553 4892 866 4945; x_wconf 70' lang='lat' dir='ltr'><strong>munte-Rumina</strong></span> <span class='ocrx_word' id='word_1_292' title='bbox 882 4893 1017 4946; x_wconf 77' lang='lat' dir='ltr'><strong>mnntnrn.</strong></span> <span class='ocrx_word' id='word_1_293' title='bbox 1132 4891 1207 4955; x_wconf 72' lang='lat' dir='ltr'><strong>ort</strong></span> <span class='ocrx_word' id='word_1_294' title='bbox 1223 4893 1487 4959; x_wconf 62' lang='lat' dir='ltr'><strong>tunulum</strong></span> 
     </span>
    </p>
   </div>
   <div class='ocr_carea' id='block_1_7' title="bbox 0 0 2000 6533">
    <p class='ocr_par' dir='ltr' id='par_1_10' title="bbox 0 0 2000 6533">
     <span class='ocr_line' id='line_1_37' title="bbox 0 0 2000 6533; baseline 0 0"><span class='ocrx_word' id='word_1_295' title='bbox 0 0 2000 6533; x_wconf 95' lang='lat' dir='ltr'><strong> </strong></span> 
     </span>
    </p>
   </div>
  </div>
 </body>
</html>
