4154 6546
451 783 523 850 lto
849 794 1052 851 counuruu
1077 796 1230 850 nuruum

451 939 538 1034 quia
562 941 674 1015 Lethe
699 939 835 1036 figurat
850 934 886 1032 (¹)
912 940 1132 1014 oblivionem
1159 940 1325 1014 omnium
1350 940 1622 1034 preteritorum

450 1050 701 1153 malorum(‘);
728 1059 810 1134 ideo
836 1059 931 1133 bene
958 1059 1104 1154 ponitur
1130 1059 1179 1132 ibi
1204 1066 1285 1154 post
1309 1059 1510 1154 perfectam
1532 1081 1624 1155 pur·

449 1179 633 1275 gallonem
659 1178 827 1252 omnium
853 1183 1109 1273 peccatorum:
1137 1178 1265 1252 habuit
1290 1178 1387 1252 enim
1420 1179 1535 1253 alium
1561 1198 1623 1254 re·

449 1305 614 1394 spectum
641 1320 754 1392 quam
773 1298 834 1371 alii
851 1306 981 1395 poetae,
999 1299 1086 1392 quia
1103 1299 1280 1373 catholice
1296 1298 1471 1394 loquitur,
1489 1321 1625 1395 quam·

449 1417 503 1492 vis
534 1419 721 1492 moraliter
756 1418 940 1512 loquendo
975 1419 1072 1493 dicat
1109 1418 1206 1492 idem
1223 1409 1260 1510 (³)
1294 1419 1393 1512 quod
1424 1418 1495 1493 alii.
1531 1421 1624 1513 llicit

450 1557 563 1632 ergo:
590 1527 626 1609 ld
651 1559 713 1610 ove
739 1558 855 1610 vonuo
889 1541 912 1611 l'
924 1541 1040 1611 anime
1067 1558 1092 1609 α
1123 1540 1272 1628 moero,
1297 1538 1434 1627 scilicet
1462 1560 1485 1613 a
1515 1540 1625 1616 sorde

450 1657 634 1750 vitiorum,
662 1660 803 1755 quondo
828 1661 864 1730 lo
888 1660 990 1750 colpo
1009 1664 1167 1750 partulo,
1185 1657 1278 1733 idest
1294 1657 1340 1733 de
1357 1679 1432 1753 qua
1457 1659 1552 1736 sacta
1567 1667 1624 1736 est

448 1775 570 1851 debita
597 1776 818 1871 poenitentia,
845 1770 882 1848 o'e
911 1780 1076 1869 nmosso,
1107 1776 1198 1851 idest
1224 1785 1391 1873 purgata.
1423 1779 1468 1852 Et
1492 1779 1623 1855 ultimo

448 1902 558 1968 autor
583 1895 738 1969 ostendit
762 1895 948 1988 quomodo
973 1895 1144 1992 Virgilius
1169 1897 1378 1991 preparavit
1390 1885 1429 1989 (⁴)
1461 1918 1550 1973 enm
1575 1899 1621 1973 ad

448 2017 557 2090 aliam
584 2015 777 2090 materiam
803 2014 1091 2110 describendam,
1117 2016 1260 2109 dicens:
1273 2019 1338 2108 poi
1357 2020 1461 2109 doaso,
1485 2017 1623 2094 scilieet
1647 2070 1650 2075 -

448 2136 508 2210 ille
532 2137 719 2232 Virgilius:
745 2139 841 2208 omoi
864 2132 901 2208 ἑο
926 2143 1038 2228 tempo
1062 2139 1100 2210 di
1123 2139 1291 2209 scosursi
1306 2138 1371 2210 dot
1384 2138 1488 2211 bosco
1509 2144 1547 2213 et
1563 2137 1621 2212 in·

449 2257 566 2331 trandi
581 2276 734 2331 arenam
748 2247 784 2348 (⁵)
804 2255 867 2329 nbi
893 2255 1067 2330 videbunt
1084 2255 1262 2330 violentos
1281 2263 1410 2331 contra
1428 2264 1620 2351 naturam3

448 2377 529 2452 ideo
555 2377 656 2450 dicit:
680 2379 732 2471 [α’
745 2378 805 2449 cllo
830 2396 936 2467 cepoe
961 2377 1094 2449 diretro
1118 2397 1142 2448 o
1168 2397 1235 2468 me,
1260 2383 1298 2451 et
1323 2377 1480 2452 ostendit
1498 2377 1565 2452 sibi
1578 2366 1615 2469 (⁸)

447 2499 545 2574 viam
571 2503 688 2571 tutam
715 2517 780 2592 per
805 2517 918 2589 quarn
944 2496 1079 2570 hahent
1104 2496 1159 2570 ire
1184 2516 1250 2591 per
1279 2516 1444 2591 arenam,
1469 2497 1616 2589 dicens:

449 2623 474 2692 li
498 2621 652 2708 morptrci
673 2621 741 2711 son
765 2619 822 2688 oro
848 2618 908 2688 cle
932 2636 1004 2687 oon
1027 2636 1093 2688 son
1109 2619 1198 2707 orsi,
1216 2617 1304 2710 qnia
1325 2618 1481 2691 tlammae
1498 2615 1621 2691 extin-

448 2743 588 2836 guntur
613 2737 660 2811 ab
689 2738 847 2809 humore
876 2754 1004 2827 aquae3
1036 2734 1117 2809 ideo
1146 2735 1254 2810 dicit:
1281 2756 1391 2828 sopra
1419 2737 1497 2808 loro
1528 2754 1621 2826 opnc

450 2879 563 2950 vapor
580 2879 617 2930 se
631 2876 772 2948 speque,
790 2854 880 2928 idest
897 2853 1016 2928 omnis
1035 2854 1136 2928 calor
1158 2854 1386 2950 extinguitur
1402 2875 1514 2952 supra
1533 2853 1620 2950 ipsis

450 2979 546 3074 ripis.

509 3194 537 3256 (ι)
553 3195 583 3243 n.
600 3192 731 3257 outoni.
1116 3165 1185 3249 (p's.
1202 3193 1377 3251 murorum.

509 3269 536 3332 (⁸)
554 3274 607 3328 tto,
625 3268 693 3318 idem
710 3268 736 3317 in
752 3266 846 3317 ellectu
863 3264 932 3329 quod
949 3263 1001 3314 alii.

509 3347 538 3486 ἕξ
553 3346 660 3480 ἕηῑὲΕο
673 3345 863 3480 mam
875 3342 1188 3481 fifficffffiffido
1199 3419 1225 3468 in
1234 3417 1399 3469 extremitate
1413 3416 1493 3482 sylva
1503 3415 1623 3468 ddunt

447 3499 558 3563 primam
575 3503 678 3562 gentem
695 3497 869 3547 violentorum
886 3500 976 3545 contra
993 3494 1086 3555 Deum,
1098 3494 1142 3545 sod
1158 3508 1210 3545 non
1222 3498 1342 3557 poterant
1352 3492 1464 3544 ulterius
1474 3490 1622 3545 rldmffl

447 3575 575 3711 Ιπίῐιῑῖιιὲ
590 3586 706 3699 arianam,
724 3573 767 3623 ubi
784 3572 910 3622 ridebant.

510 3657 517 3709 l
577 3687 584 3700 .
601 3662 633 3701 ο.
