3990 6540
880 801 1019 855 clnrus
1044 800 1213 866 ournrus.
1567 791 1635 859 187

463 944 627 1021 cundum
653 943 752 1037 quod
776 943 888 1038 cingit
913 962 953 1019 se
978 962 1066 1017 cum
1092 943 1219 1019 cauda.
1247 943 1300 1017 nd
1317 943 1417 1037 quod
1433 946 1633 1023 notandum

464 1065 565 1159 qnod
588 1071 699 1139 autor
724 1063 856 1138 merito
873 1063 935 1137 dat
951 1063 1108 1138 caudam
1126 1063 1254 1154 llinoi;
1272 1084 1358 1138 nam
1376 1085 1442 1158 per
1467 1065 1636 1158 caudam,

465 1205 550 1279 quae
575 1190 631 1258 est
656 1182 736 1257 linis
761 1182 898 1273 bestiae,
925 1180 1060 1278 figurat
1086 1182 1233 1257 finalem
1260 1184 1476 1259 sententiam
1507 1205 1637 1278 pecca·

466 1304 554 1378 toris
578 1302 747 1395 bestialis,
773 1301 860 1394 quia
887 1302 1107 1376 conscientia
1137 1308 1216 1396 post
1243 1321 1452 1377 remorsum
1483 1302 1637 1380 finaliter

465 1425 645 1518 seipsam
671 1421 900 1498 condemnat.
927 1421 980 1495 ne
1005 1422 1072 1497 ista
1097 1423 1213 1497 cauda
1238 1423 1380 1500 dicetur
1396 1424 1482 1497 alibi
1497 1442 1584 1517 sepe
1600 1424 1636 1497 in

466 1544 534 1618 isto
558 1543 715 1617 lnierno.
743 1542 875 1615 liieunt
899 1542 1010 1616 etiam
1033 1536 1069 1630 (¹)
1096 1541 1210 1635 aliqui
1239 1542 1337 1635 quod
1363 1543 1460 1617 ultra
1490 1561 1635 1635 penam,

465 1682 578 1755 quam
605 1664 716 1737 homo
742 1681 896 1756 peccans
922 1661 1030 1736 habet
1056 1661 1092 1734 in
1118 1669 1242 1736 mente
1272 1683 1317 1736 ex
1353 1683 1521 1736 remorsu
1547 1681 1636 1736 con-

465 1780 635 1872 scientiae,
661 1800 747 1874 sepe
773 1781 883 1854 etiam
909 1780 1020 1855 habet
1041 1800 1171 1874 penam
1191 1783 1443 1875 temporalem,
1462 1783 1548 1873 quia
1566 1783 1636 1859 sci-

399 1931 416 1954 ·
465 1899 547 1975 licet
567 1901 691 1994 justus
716 1920 782 1974 rex
808 1906 845 1973 et
877 1905 1010 1993 rector,
1042 1901 1161 1992 qualis
1194 1901 1261 1974 luit
1289 1901 1413 1992 Minos
1445 1902 1636 1996 investigat

465 2018 654 2110 subtiliter,
672 2025 710 2092 et
725 2018 824 2112 juste
851 2017 953 2111 punit
978 2018 1132 2093 crimina
1149 2018 1185 2091 in
1204 2019 1277 2094 vita
1294 2019 1361 2092 ista
1379 2021 1558 2112 prasenti,
1577 2039 1636 2094 se-

464 2135 628 2211 cundum
642 2137 863 2232 exigentiam
879 2136 1263 2212 meritorum-Dico.
1279 2139 1342 2211 llic
1354 2150 1463 2215 autor
1480 2139 1636 2213 ostendit

461 2255 604 2349 justum
626 2255 804 2349 judicium
833 2255 935 2328 istius
955 2255 1099 2348 judicis,
1117 2261 1154 2328 et
1170 2256 1277 2329 dicit:
1296 2260 1384 2329 Dico
1409 2260 1467 2329 cde
1492 2259 1635 2347 quando

468 2376 624 2447 tamma
649 2379 821 2464 mndata,
847 2375 938 2448 idest
961 2374 1084 2447 anima
1111 2395 1224 2468 prava
1250 2382 1335 2451 nata
1360 2377 1406 2451 ad
1431 2378 1636 2453 damuatio·

469 2513 566 2587 nem,
592 2498 618 2569 o·
642 2499 719 2568 men
748 2497 907 2584 cavans,
933 2493 1079 2587 scilicet
1110 2515 1235 2569 coram
1268 2496 1396 2589 Minoe,
1427 2497 1562 2571 scilicet
1590 2497 1636 2572 ad

466 2635 623 2689 examen
658 2613 899 2705 conscientiae,
930 2619 1015 2687 tutta
1045 2617 1077 2686 si
1104 2620 1277 2707 consessa,
1306 2616 1392 2708 quia
1423 2636 1495 2689 non
1520 2622 1638 2710 potest

467 2735 549 2828 quis
574 2736 700 2810 tallere
720 2733 978 2807 conscientiam
996 2734 1102 2807 s'uam
1120 2735 1336 2810 occultando
1355 2736 1522 2830 crimina,
1542 2737 1638 2811 sicut

467 2855 550 2928 lacit
574 2854 760 2929 interdurn
786 2853 983 2929 conlassori
1008 2860 1045 2928 et
1065 2853 1179 2948 judici
1205 2860 1391 2930 extraneo.
1413 2855 1457 2928 Et
1480 2857 1636 2930 ostendit

467 2973 652 3065 quomodo
677 2974 790 3047 llinos
814 2973 984 3047 discernit
1009 2978 1045 3046 et
1066 2973 1216 3067 judicat,
1250 2973 1374 3047 audita
1399 2974 1636 3066 consessione,

466 3090 610 3166 dicens:
637 3113 656 3162 e
686 3094 776 3181 quei,
805 3090 940 3172 scilicet
973 3091 1098 3182 Minos,
1127 3095 1321 3164 consutor
1352 3094 1396 3164 de
1425 3096 1636 3184 tepescam,

469 3209 556 3302 quia
581 3209 765 3305 cognoscit
790 3210 917 3304 gravia
943 3215 980 3282 et
1005 3209 1097 3283 levia
1119 3209 1321 3282 secundum
1347 3209 1637 3286 circumstantias

467 3348 598 3402 eorum
623 3328 797 3421 diversas,
824 3331 908 3401 sede
938 3331 1023 3419 mat
1055 3331 1154 3402 tcoco
1183 3330 1217 3400 d'
1230 3331 1376 3420 Inserno
1405 3324 1442 3400 e‘e
1466 3331 1516 3401 da
1544 3350 1637 3418 msa,

469 3445 559 3522 idest
583 3468 668 3541 quae
693 3467 785 3541 pena
811 3447 916 3541 cujus
933 3446 1061 3521 cuculi
1077 3447 1250 3540 competit
1270 3447 1348 3540 sibi,
1366 3450 1496 3538 tipnesi
1510 3469 1577 3521 oon
1600 3451 1637 3521 ta

468 3568 560 3639 codo
584 3575 676 3639 mute
700 3570 801 3655 volte,
827 3574 1047 3657 quantasque
1068 3569 1178 3656 prodi
1193 3570 1274 3639 vuol
1288 3569 1348 3639 cite
1362 3563 1423 3657 piri
1439 3570 1495 3640 sia
1511 3589 1636 3657 messa,

468 3685 565 3778 quia,
592 3686 736 3778 scilicet,
762 3687 792 3758 si
818 3688 897 3762 vult
921 3686 1021 3778 quod
1046 3685 1242 3762 damnetur
1267 3686 1313 3759 ad
1330 3688 1492 3779 primum
1517 3687 1638 3762 circu·

469 3805 559 3898 lum,
576 3805 637 3878 dat
656 3826 769 3880 unam
787 3806 1055 3880 revolutionem
1072 3806 1220 3897 caudae3
1237 3805 1267 3877 si
1284 3806 1330 3879 ad
1347 3805 1563 3898 secundum,
1576 3805 1638 3881 dat

468 3921 687 4016 secundam3
706 3924 737 3996 si
753 3924 799 3998 ad
816 3923 979 4016 tertium,
997 3923 1059 3999 dat
1078 3924 1224 3998 tertiam
1251 3931 1383 3999 etc-
1395 3929 1547 4016 Sempro.
1573 3924 1637 3998 llic

467 4047 576 4116 autor
592 4043 746 4117 ostendit
758 4042 988 4119 sedulitatem
1005 4043 1126 4134 ollicii,
1136 4045 1223 4135 quia
1235 4036 1271 4134 (²)
1283 4044 1350 4119 iste
1359 4045 1474 4138 judex
1489 4063 1637 4139 semper

468 4165 523 4233 est
547 4160 583 4233 in
607 4167 704 4253 actu,
730 4161 853 4234 diceus
867 4185 875 4232 :
888 4182 1037 4252 ..rentpre
1053 4165 1200 4234 dinanzi
1215 4185 1241 4234 a
1256 4166 1304 4237 tui
1319 4185 1362 4235 tec
1377 4171 1505 4236 stunrro
1524 4167 1635 4239 neta.

468 4277 569 4351 Unde
593 4285 679 4352 nota
705 4280 803 4373 quod
830 4281 897 4353 iste
916 4279 1031 4373 juder
1057 4300 1204 4374 semper
1230 4282 1330 4356 sedet
1362 4302 1428 4374 pro
1454 4281 1636 4374 tribunali,

467 4397 554 4492 quia
570 4418 716 4492 semper
734 4400 844 4475 habet
861 4400 1075 4474 examinare
1090 4406 1128 4473 et
1143 4402 1401 4479 condemnare.
1421 4401 1522 4477 Sicut
1536 4400 1634 4475 enim

466 4517 656 4591 dicebatur
681 4538 793 4613 snpra
819 4519 918 4612 quod
935 4519 1081 4592 Charon
1098 4540 1245 4614 semper
1261 4520 1370 4594 habet
1389 4511 1425 4611 (³)
1448 4526 1636 4614 transpor-

468 4646 548 4711 tare
580 4637 723 4712 animas
755 4637 1048 4714 damnandorum
1072 4626 1109 4728 (⁵)
1137 4639 1184 4712 ad
1215 4641 1413 4733 lnlernum,
1445 4639 1494 4715 ita
1525 4638 1637 4713 lfinos

532 4823 561 4885 Γ)
577 4831 630 4886 111,
647 4842 719 4892 ergo.
1031 4829 1059 4891 (²)
1075 4830 1106 4880 li.
1122 4831 1183 4893 quin
1194 4831 1281 4894 justus
1292 4831 1381 4895 judex.

532 4901 559 4964 Γ)
577 4907 631 4964 no,
648 4906 765 4956 haiom.
1030 4908 1057 4967 (⁸)
1074 4906 1100 4956 S.
1115 4920 1130 4958 c
1148 4911 1202 4967 tlt,
1219 4907 1409 4963 namuurum
