4154 6546
806 771 943 825 CANTUS
968 772 1144 836 QUnans.
1495 769 1558 833 141

389 917 480 991 idest
503 914 677 1009 damnati,
697 936 766 1007 per
791 919 841 988 toi
864 918 984 1010 disettr‘,
1002 916 1137 990 scilicet
1154 936 1200 990 er
1227 916 1371 991 delectu
1392 920 1558 1014 baptismi

387 1043 425 1111 et
448 1034 542 1110 fidei.
569 1036 614 1108 llt
638 1034 745 1109 dicit:
772 1055 791 1107 e
815 1056 887 1108 non
906 1056 974 1127 per
999 1039 1093 1108 altro
1117 1037 1188 1126 rio,
1206 1035 1296 1110 idest
1318 1058 1391 1112 non
1417 1058 1464 1114 er
1490 1040 1562 1113 alin

387 1160 546 1250 peccato.
561 1154 632 1230 Sed
648 1162 775 1230 contra
793 1156 899 1229 multi
917 1155 1206 1229 nominabuntur
1222 1157 1292 1249 bic,
1307 1159 1370 1251 qui
1388 1159 1424 1232 in
1438 1161 1562 1233 multis

385 1276 587 1350 enormiter
608 1283 866 1370 peccaverunt,
884 1275 978 1348 sicut
1005 1275 1082 1368 ipse
1105 1275 1286 1371 Virgilius,
1311 1278 1373 1370 qui
1394 1278 1460 1352 luit
1482 1279 1561 1352 libi-

385 1396 477 1471 dinis
501 1396 702 1490 impatiens,
728 1403 765 1469 et
790 1396 839 1469 ita
865 1396 910 1470 de
934 1395 1025 1488 aliis,
1051 1402 1093 1468 ut
1118 1396 1239 1469 statim
1257 1398 1403 1490 patebit.
1428 1398 1560 1472 Dicen-

387 1516 477 1589 dum
503 1516 664 1590 breviter
689 1516 787 1609 qnod
813 1515 842 1588 si
873 1515 929 1588 isti
961 1515 1172 1589 habuissent
1199 1515 1305 1591 fidem
1332 1518 1558 1606 catholicam,

389 1636 584 1712 verisimile
607 1643 662 1710 est
687 1635 787 1728 quod
810 1641 931 1710 essent
956 1634 1096 1728 salvati,
1122 1635 1207 1728 quia
1240 1636 1494 1711 emendassent
1520 1660 1558 1709 sc

387 1780 410 1833 a
436 1757 547 1851 viciis,
573 1755 800 1831 considerata
826 1775 961 1851 magna
986 1775 1118 1829 eorum
1145 1756 1281 1829 virtute
1311 1764 1348 1830 et
1373 1757 1558 1851 sapientia,

389 1898 473 1972 quae
497 1876 708 1951 extinxisset
733 1877 791 1951 illa
817 1883 976 1971 peccata.
1003 1875 1087 1949 ldeo
1105 1877 1251 1969 quando
1268 1877 1438 1972 Virgilius
1455 1878 1558 1952 dicit:

387 2021 406 2071 e
430 2019 502 2071 non
522 2018 590 2090 per
614 2001 709 2069 altro
733 2000 804 2087 tto,
829 1995 938 2070 debet
958 1995 1107 2091 intelligi
1126 1995 1223 2089 quod
1242 1996 1377 2072 virtute
1394 1998 1475 2073 fidei
1502 2020 1562 2071 re-

387 2118 642 2215 cognovissent
654 2119 800 2212 culpam
815 2138 933 2211 suam,
944 2117 1141 2210 adjuvante
1154 2123 1254 2191 tanta
1270 2117 1404 2192 virtute
1417 2138 1559 2192 eorum.

388 2240 452 2314 Vel
476 2238 545 2333 dic,
572 2245 609 2312 et
634 2236 777 2333 melius,
804 2237 903 2331 quod
927 2243 1036 2311 autor
1062 2237 1225 2331 loquitur
1248 2238 1294 2312 de
1319 2238 1463 2311 lnlerno
1482 2259 1561 2311 mo-

389 2358 478 2450 rali3
505 2364 543 2432 et
568 2376 700 2432 verum
726 2355 822 2448 dicit,
850 2355 936 2450 quia
962 2355 998 2428 in
1030 2355 1167 2428 mundo
1198 2355 1265 2429 isto
1292 2364 1328 2429 et
1362 2355 1494 2449 scripta
1524 2362 1560 2428 et

386 2484 489 2574 gesta
506 2478 659 2552 istorum
678 2477 903 2551 damnantur
920 2476 1038 2549 solum
1057 2495 1102 2548 ex
1124 2476 1284 2549 carentia
1303 2475 1384 2550 lidei
1400 2468 1450 2569 (¹),
1467 2477 1560 2550 sicut

388 2606 486 2693 patet
510 2598 548 2672 in
572 2597 767 2691 Aristotile,
793 2597 944 2689 Seneca,
971 2601 1007 2668 et
1035 2594 1166 2668 multis.
1198 2596 1241 2668 Et
1269 2595 1377 2669 dicit:
1404 2599 1561 2668 eroldi

391 2726 487 2792 tanto
512 2721 623 2810 offert,
648 2716 750 2811 idest,
776 2716 813 2790 in
839 2717 908 2790 boc
934 2715 1010 2789 solo
1037 2715 1222 2809 punimur,
1248 2721 1285 2789 et
1310 2717 1378 2790 bec
1404 2723 1459 2789 est
1484 2717 1558 2789 sola

391 2857 484 2931 pena
509 2843 645 2930 nostra,
670 2839 731 2909 clte
747 2839 879 2910 vivona
896 2838 934 2907 in
953 2838 1055 2925 disto,
1073 2835 1163 2910 idest
1181 2835 1217 2908 in
1232 2836 1423 2930 desiderio,
1442 2840 1558 2908 seruo
1607 2888 1621 2899 .

389 2977 505 3048 spere,
530 2976 620 3052 ergo
645 2954 723 3030 sine
747 2975 851 3050 pena,
870 2955 928 3029 vel
945 2975 1058 3048 parva
1079 2975 1195 3048 pena;
1214 2956 1299 3048 quia
1316 2956 1345 3027 si
1364 2977 1435 3028 non
1448 2976 1560 3048 spero
1613 2976 1617 3002 =

391 3094 472 3150 esse
495 3075 708 3169 imperator,
733 3075 790 3150 vel
814 3096 919 3170 papa,
946 3075 1087 3148 nullum
1119 3075 1298 3168 dolorem,
1331 3075 1468 3149 nullam
1496 3098 1560 3168 po.-

390 3215 474 3269 nam
492 3185 530 3286 (²)
555 3194 682 3288 sentio,
707 3193 737 3267 si
754 3214 827 3269 non
844 3194 1017 3289 pervenio
1031 3185 1069 3286 (³)
1090 3194 1134 3267 ad
1154 3194 1232 3268 boc.
1252 3196 1303 3266 lta
1321 3194 1389 3288 isti,
1407 3194 1469 3286 qui
1489 3215 1560 3268 nou

389 3322 536 3408 sperant
565 3313 758 3408 pervenire
788 3334 952 3407 unquam
983 3314 1029 3388 ad
1061 3313 1321 3389 beatitudinem
1354 3314 1499 3387 visionis
1522 3305 1557 3405 t³l

389 3435 466 3529 Dei,
491 3454 564 3509 non
580 3432 793 3508 cruciantur
811 3434 979 3528 quamvis
995 3434 1201 3509 desiderent
1221 3436 1314 3526 boc;
1333 3435 1426 3508 sicut
1443 3435 1471 3507 si
1490 3457 1559 3530 ego

387 3553 552 3629 desidero
580 3544 617 3644 (ὅ)
647 3572 728 3628 esse
758 3552 929 3627 dominus
962 3554 1145 3647 Bononiae,
1178 3574 1250 3628 non
1283 3554 1389 3629 doleo
1425 3557 1454 3628 si
1486 3576 1557 3628 non
1698 3616 1703 3623 .

387 3694 534 3769 possum
567 3672 614 3748 ad
644 3674 714 3747 boc
744 3673 947 3767 pervenire,
981 3674 1066 3766 quia
1100 3673 1204 3748 video
1236 3695 1399 3749 menon
1430 3682 1557 3769 aptum

390 3802 515 3869 natum
533 3792 581 3868 ad
597 3782 900 3882 boct⁶t.-Gran
918 3795 1011 3866 drot.
1038 3794 1102 3867 llic
1126 3802 1236 3868 autor
1257 3795 1357 3890 ponit
1382 3794 1555 3869 ellectum

390 3911 607 3989 narrationis
630 3910 779 4007 Virgilii,
812 3918 849 3985 et
880 3911 1041 3987 breviter
1070 3913 1155 3987 dicit
1185 3915 1283 4009 quod
1309 3917 1466 3988 multum
1494 3916 1559 3989 do-

388 4034 464 4128 luit,
490 4032 616 4108 audito
632 4037 729 4106 statu
748 4032 900 4106 istorum
920 4052 966 4107 ex
988 4035 1239 4129 compassione
1260 4042 1334 4109 tam
1355 4037 1554 4132 proborum

388 4154 565 4228 virorum.
592 4152 694 4227 Unde
718 4152 825 4227 dicit:
851 4174 948 4243 prun
972 4157 1058 4228 drot
1081 4160 1128 4229 ml
1152 4177 1257 4249 prese
1287 4160 1326 4230 ol
1353 4179 1429 4249 cor,
1455 4157 1556 4245 idest,

389 4291 546 4368 mugnus
568 4271 673 4347 dolor
698 4272 829 4347 invasit
859 4271 1025 4347 animum
1059 4294 1198 4369 meum,
1228 4279 1369 4374 quando
1395 4281 1429 4349 lo
1450 4280 1559 4349 ’otest

389 4390 570 4467 sciliceta
595 4391 753 4488 Virgilio.
780 4393 824 4465 Et
849 4393 1009 4489 assignat
1035 4414 1198 4489 causam,
1221 4388 1309 4487 perd
1333 4398 1393 4467 cte
1417 4395 1561 4467 conobdi

448 4664 475 4721 l')
492 4667 546 4724 lto,
563 4662 631 4722 odet,
647 4665 717 4714 uncle
733 4678 785 4715 non
803 4667 988 4728 approbantur,
1005 4669 1100 4731 quirin
1112 4669 1402 4720 multiscontrrrirntur
1414 4668 1481 4728 lldei,
1492 4671 1555 4720 sicut

387 4739 498 4802 poietin
515 4738 658 4802 Aristotlle,
674 4740 771 4792 Seneca
787 4747 813 4792 el
831 4742 927 4792 multis
1062 4745 1079 4779 ¹¹
1106 4749 1159 4803 tto,
1177 4746 1218 4796 rel
1234 4744 1332 4795 nnllam
1349 4758 1460 4808 pronum.

449 4813 475 4873 i'i
490 4814 522 4865 B·
538 4828 688 4879 pervenero.
1060 4822 1084 4873 ‘⁸2
1102 4820 1131 4870 E.
1149 4822 1290 4873 visionibus
1304 4834 1355 4872 non
1371 4822 1529 4870 cruciantur.

448 4890 475 4949 t't
492 4894 546 4950 1111,
562 4892 743 4945 desiderarem.
1065 4898 1087 4925 '⁸‘
1106 4903 1160 4955 tto.
1176 4912 1219 4950 me
1235 4912 1288 4949 non
1303 4902 1393 4961 aptum
1410 4898 1442 4946 ad
1457 4899 1514 4947 ivor.
