4154 6546
772 811 908 868 caurus
933 813 1089 869 nncrnus
1114 812 1306 868 sucunnos.
1551 772 1620 865 na

455 967 577 1034 mente
591 954 627 1052 (¹)
655 961 819 1054 alicuius,
847 960 962 1033 lilium
989 980 1215 1055 praesumere
1239 958 1375 1052 aliquid
1400 964 1526 1031 contra
1557 977 1623 1051 pa-

453 1087 564 1174 trem,
592 1080 673 1154 ideo
689 1073 725 1171 (²)
752 1081 847 1155 bene
872 1080 967 1174 dicit,
994 1081 1092 1174 quod
1117 1101 1205 1154 vere
1226 1080 1293 1152 suit
1310 1078 1490 1153 extinctus
1508 1099 1529 1151 a
1547 1077 1623 1171 pri-

454 1201 575 1297 vigno,
602 1222 675 1274 non
701 1222 723 1272 a
748 1221 839 1274 vero
865 1200 948 1294 tilio,
974 1201 1060 1293 quia
1079 1206 1209 1273 natura
1235 1221 1308 1272 non
1325 1199 1461 1293 patitur
1479 1201 1557 1271 lroc.
1572 1239 1641 1310 ‘o

452 1325 562 1394 ditor.
589 1321 694 1394 Nunc
719 1327 828 1394 autor
854 1327 977 1394 noster
1003 1320 1153 1394 intendit
1179 1326 1337 1393 tractare
1353 1319 1399 1393 de
1416 1319 1485 1392 alia
1511 1326 1622 1414 gente

453 1441 574 1515 minus
589 1432 625 1533 (³)
654 1441 811 1515 violenta
837 1461 921 1534 quae
946 1441 1068 1514 minus
1093 1441 1280 1515 cruciatur
1306 1440 1342 1530 in
1363 1439 1550 1535 sanguine.
1577 1440 1621 1512 Et

451 1562 509 1650 ad,
522 1561 796 1657 intelligentiam
812 1561 915 1634 istius
932 1562 1047 1636 literae
1063 1581 1147 1654 quae
1165 1561 1308 1634 videtur
1329 1561 1414 1636 satis
1431 1560 1620 1634 abscondi-

452 1691 499 1774 ta,
517 1681 628 1755 debes
645 1681 877 1755 considerare
894 1682 993 1774 quod
1015 1688 1214 1754 centaurus
1231 1687 1330 1753 stans
1347 1679 1384 1752 in
1401 1679 1479 1773 ripa
1496 1687 1620 1753 osten-

451 1800 555 1874 derat
586 1807 624 1873 et
654 1800 909 1874 nominaverat
934 1806 1108 1896 tyrannos
1133 1799 1345 1895 magnificos
1375 1805 1412 1873 et
1441 1807 1619 1893 potentes,

452 1920 516 2015 qui
541 1920 802 1995 cruciabantur
822 1922 892 1994 sub
911 1920 1089 2016 sanguine
1106 1920 1208 1994 iuxta
1226 1920 1359 2014 ripam,
1380 1942 1477 1994 nunc
1493 1927 1619 1994 autem

451 2040 573 2134 incipit
598 2040 691 2114 velle
716 2040 855 2114 intrare
880 2040 1108 2135 sanguinem.
1134 2040 1219 2114 ldeo
1236 2041 1453 2114 continuans
1469 2029 1504 2132 (⁴)
1523 2041 1617 2114 dicta

451 2160 611 2252 dicendis
635 2161 729 2235 bene
755 2160 857 2256 lingit
881 2160 1104 2235 convertisse
1129 2181 1169 2235 se
1201 2161 1246 2234 ad
1278 2161 1467 2254 Virgilium
1494 2163 1619 2235 volens

453 2282 546 2354 scire
564 2281 651 2374 quid
671 2281 804 2355 amodo
821 2286 916 2354 esset
932 2281 1137 2375 agendum,
1154 2280 1251 2354 unde
1267 2281 1369 2354 dicit:
1384 2284 1497 2371 Allor,
1515 2281 1618 2374 quasi

454 2401 567 2475 dicat:
595 2402 668 2475 istis
688 2401 840 2495 cognitis
856 2407 894 2475 et
910 2401 1052 2494 notatis,
1070 2405 1119 2472 mi
1135 2405 1223 2474 oolsi
1239 2405 1403 2493 atpoeto,
1421 2401 1554 2475 scilicet
1573 2403 1619 2476 ad

455 2522 657 2617 Virgilium,
684 2521 786 2615 quasi
812 2521 983 2615 dicerem,
1020 2514 1107 2615 ¹quid
1137 2521 1253 2595 dicis?
1284 2521 1439 2595 vidimus
1465 2522 1550 2595 satis
1575 2523 1621 2596 de

454 2640 547 2717 istis:
574 2651 611 2717 et
636 2640 804 2736 Virgilius
829 2641 949 2715 statim
977 2641 1124 2716 inviavit
1155 2663 1242 2716 eum
1272 2642 1318 2715 ad
1349 2642 1618 2716 ascendendum

453 2762 598 2835 clunem
630 2762 715 2854 equi
741 2768 821 2855 post
850 2769 953 2857 terga
988 2763 1163 2836 centauri.
1199 2764 1300 2837 Unde
1328 2762 1413 2836 dicit
1440 2770 1572 2836 autor:
1602 2785 1621 2834 e

452 2883 540 2970 qae',
566 2880 702 2954 scilicet
727 2881 908 2977 Virgilius,
934 2885 1043 2954 duae:
1060 2886 1179 2972 questi,
1197 2883 1330 2956 scilicet
1347 2883 1492 2975 Nessus,
1518 2886 1543 2956 ti
1565 2886 1620 2955 sia

452 3020 495 3070 or
515 3003 634 3090 primo
659 3007 692 3072 et
713 3003 748 3072 io
773 3004 936 3092 secondo,
961 3002 1023 3075 dat
1048 3003 1211 3076 ordinem
1248 3004 1449 3097 equitandi,
1475 3010 1512 3077 et
1542 3003 1620 3076 vult

451 3121 612 3195 breviter
644 3121 789 3196 dicere:
821 3142 920 3195 nunc
954 3130 1154 3197 centaurus
1189 3124 1382 3218 praecedat,
1414 3131 1451 3197 et
1482 3130 1522 3196 tu
1548 3129 1621 3196 stes
1662 3112 1665 3117 ’

452 3241 488 3313 in
515 3241 647 3335 medio,
673 3247 710 3315 et
735 3262 805 3337 ego
831 3242 934 3316 stabo
960 3248 1040 3337 post
1066 3250 1113 3337 te,
1139 3244 1187 3316 ita
1206 3244 1304 3337 quod
1320 3265 1386 3317 ero
1405 3243 1466 3320 tibi
1487 3264 1621 3317 secun-

452 3361 532 3454 dus,
557 3368 594 3434 et
620 3361 678 3435 ille
703 3362 773 3435 erit
799 3362 861 3434 tibi
886 3363 1037 3456 primus.
1064 3363 1140 3437 Hoc
1165 3384 1231 3457 pro
1249 3370 1350 3436 tanto
1365 3354 1401 3455 (⁵)
1420 3363 1514 3456 dicit,
1534 3363 1619 3456 quia

451 3481 541 3554 dum
574 3482 854 3556 ambulaverant
889 3505 954 3577 per
989 3483 1116 3579 ripam,
1149 3491 1348 3558 centaurus
1382 3484 1619 3580 praecedebat,

452 3600 620 3695 Virgilius
641 3602 823 3676 secundus
843 3604 1078 3697 sequebatur,
1096 3610 1133 3678 et
1150 3604 1284 3678 Dantes
1303 3604 1431 3679 tertius
1448 3605 1523 3679 ibat
1540 3613 1620 3700 post

452 3720 652 3816 Virgilium.
678 3722 783 3797 Nunc
809 3745 1010 3799 varocum
1037 3731 1158 3798 essent
1182 3726 1369 3799 ascensuri
1395 3726 1561 3820 bestiam,
1582 3733 1618 3800 et

451 3839 619 3913 intraturi
645 3863 794 3936 aquam,
821 3842 990 3939 Virgilius
1011 3844 1131 3938 posuit
1148 3844 1301 3918 Dantem
1321 3844 1357 3918 in
1375 3846 1507 3939 medio,
1525 3853 1619 3919 etse

451 3967 532 4054 post
556 3981 644 4034 eum
669 3962 715 4036 ad
739 3964 819 4037 eius
844 3964 1045 4038 custodiam
1073 3972 1110 4038 et
1134 3967 1302 4059 salutem,
1323 3973 1455 4039 utnon
1473 3966 1618 4041 timeret

451 4101 519 4154 nec
544 4088 662 4175 posset
688 4104 799 4157 ruere
825 4083 861 4157 in
887 4105 1041 4178 aquam3
1068 4092 1215 4159 etcum
1243 4086 1385 4160 modico
1403 4076 1440 4178 (ὅ)
1472 4069 1619 4180 proces-¹

449 4200 576 4274 sissent
601 4222 667 4295 per
691 4224 827 4295 aquam
853 4211 1051 4277 centaurus
1076 4204 1235 4279 firmavit
1255 4226 1306 4298 se,
1327 4213 1365 4280 et
1388 4206 1544 4279 ostendit
1565 4207 1618 4281 eis

448 4341 581 4417 novam
607 4327 768 4416 gentem.
791 4322 882 4396 llicit
903 4344 1015 4419 ergo:
1038 4326 1072 4395 el
1092 4332 1258 4396 centauro
1273 4325 1300 4397 ε’
1314 4328 1443 4419 offisse,
1469 4325 1561 4400 idest
1578 4316 1615 4418 (⁷)

447 4441 580 4515 Nessus
606 4443 817 4537 retardavit,
840 4465 950 4536 sopra
974 4465 1046 4516 aea
1069 4451 1169 4534 pente
1196 4448 1256 4517 elie
1283 4467 1397 4536 pareo
1429 4449 1479 4518 elt'
1492 4450 1619 4554 ma'eee

509 4630 537 4764 (ζέ
551 4626 577 4753 ἓ.
595 4629 624 4753 iz
637 4635 750 4754 mizaelem
767 4630 876 4680 alicuius
892 4630 937 4680 dlii
954 4631 1201 4693 presumere—E.
1219 4632 1245 4680 in
1262 4636 1374 4682 mentem
1391 4630 1508 4693 aliculus,
1526 4633 1618 4685 fllium.

509 4708 517 4766 (
575 4739 582 4754 .
598 4705 606 4753 i
624 4718 656 4754 eo
688 4706 712 4755 ie
723 4711 742 4756 t.

510 4779 536 4844 Γ)
552 4780 582 4830 ll.
598 4782 674 4830 nimis
689 4783 810 4843 violenta,
827 4796 885 4847 quas
900 4781 976 4832 nimis
991 4782 1133 4832 cruciatur.

510 4857 538 4919 (⁸)
554 4857 584 4907 E.
600 4860 753 4909 continuans
767 4865 859 4911 auctor
875 4859 950 4909 dieta.
1051 4858 1078 4920 (¹)
1096 4859 1125 4909 Ε.
1142 4872 1191 4922 pro
1206 4864 1278 4910 tanto
1293 4859 1339 4910 tlbl
1355 4859 1426 4911 dicit.

510 4933 538 4998 (⁸)
553 4932 579 4985 S.
595 4947 611 4985 e
626 4935 657 4986 E.
672 4938 811 4989 modicum.
1052 4934 1079 4997 (¹)
1095 4934 1121 4986 S.
1138 4935 1203 4987 idest
1218 4941 1358 4988 omnum
1372 4937 1519 4990 retardavit.
