4154 6546
794 803 932 858 esurus
957 804 1113 859 oremus
1139 805 1281 858 ramos.
1552 792 1621 858 379

454 948 593 1043 tellum,
620 949 703 1023 licet
729 949 815 1022 mihi
841 955 967 1042 petere
992 949 1174 1042 praetium,
1191 948 1277 1041 quia
1295 948 1467 1042 paulatim
1490 968 1624 1021 consu-

454 1069 567 1142 mitur
601 1075 639 1143 et
668 1068 812 1162 delicit3
851 1069 914 1142 sed
945 1068 1118 1142 denarius
1150 1088 1233 1160 non,
1265 1068 1454 1161 quianon
1491 1067 1624 1143 teneris

453 1188 608 1262 reddere
624 1189 735 1282 idem,
753 1188 815 1262 sed
833 1187 960 1263 simile.
978 1187 1066 1261 Aliae
1091 1187 1202 1262 etiam
1227 1195 1325 1262 artes
1350 1194 1389 1262 et
1413 1189 1624 1263 mercantiae

451 1315 537 1382 sunt
561 1308 714 1382 subditae
739 1308 885 1382 inlinitis
900 1301 936 1400 (¹)
964 1307 1135 1402 periculis
1159 1314 1196 1381 et
1221 1307 1365 1382 casibus
1390 1299 1622 1401 lortunae(²);

451 1426 645 1501 usurarius
685 1447 773 1502 vero
808 1434 863 1502 est
896 1427 1085 1501 absolutus
1119 1427 1166 1501 ab
1203 1427 1374 1502 omnibus
1406 1426 1622 1521 infortuniis,

453 1547 541 1640 quia
566 1547 644 1621 sive
660 1547 706 1621 sit
721 1545 856 1640 pluvia,
873 1545 951 1620 sive
967 1547 1154 1640 serenitas,
1171 1546 1249 1620 sive
1265 1553 1460 1641 tempestas
1479 1537 1529 1641 (³),
1545 1547 1624 1621 sive

452 1661 694 1759 tranquillitas
713 1667 836 1760 mariS,
856 1687 1002 1761 semper
1028 1667 1105 1741 vult
1130 1668 1227 1760 quod
1253 1667 1310 1740 sui
1334 1667 1473 1741 denarii
1493 1687 1623 1762 super-

451 1786 644 1860 lucrentur
657 1774 695 1878 (⁴)
722 1792 864 1860 tantum
890 1806 957 1880 pro
983 1786 1094 1880 libra3
1112 1806 1181 1861 nec
1205 1786 1324 1860 obstat
1349 1786 1379 1859 si
1400 1778 1513 1859 dicas*
1523 1788 1622 1879 quod

310 1949 314 1957 ·
451 1908 509 1981 ius
534 1907 641 1982 civile
667 1907 840 2001 p'ermittit
866 1928 1018 1981 usuram
1034 1898 1083 2000 (⁵),
1110 1907 1294 2000 quianon
1326 1906 1530 1981 considerat
1555 1907 1622 1981 nisi

452 2027 552 2120 quod
577 2028 690 2101 bomo
717 2027 815 2100 vivat
839 2026 987 2121 pacifice
1002 2017 1039 2119 (⁶)
1057 2033 1095 2101 et
1114 2025 1343 2100 concorditer
1359 2045 1444 2100 cum
1462 2026 1620 2101 bomine.

451 2145 554 2220 Unde
585 2146 817 2240 philosophus
849 2145 942 2220 libro
973 2146 1185 2220 Ethicorum
1216 2145 1366 2219 damnat
1394 2165 1558 2239 usuram,
1585 2152 1622 2220 et

453 2267 629 2360 propheta
653 2266 855 2342 detestatur
880 2271 917 2340 et
942 2266 1168 2360 blasphemat
1184 2284 1323 2358 amare,
1341 2264 1486 2339 dicens:
1514 2270 1621 2339 Scru-

453 2393 541 2459 tetur
574 2390 770 2480 soenuator
805 2406 942 2460 omucm
977 2386 1204 2459 substantiam
1245 2405 1346 2458 suom
1383 2392 1417 2457 ct
1451 2387 1621 2477 dtttptom

396 2569 399 2576 .
453 2508 557 2578 albu
580 2506 719 2578 labores
743 2508 815 2578 etus
839 2512 898 2578 etc.
912 2546 962 2560 —
975 2510 1047 2578 blo.
1069 2504 1134 2578 llic
1153 2504 1279 2578 ultimo
1301 2504 1470 2600 Virgilius
1488 2504 1566 2581 finit
1579 2494 1615 2598 (⁷)

452 2623 562 2697 istum
601 2630 798 2698 tractatum
836 2630 874 2699 et
904 2623 1039 2699 claudit
1074 2623 1299 2717 capitulum3
1336 2631 1374 2698 et
1410 2623 1528 2718 primo
1567 2625 1621 2698 in-

452 2744 542 2817 vitat
566 2749 736 2819 autorem
761 2744 808 2819 ad
834 2765 1020 2821 recessum
1047 2743 1192 2818 dicens:
1219 2765 1279 2816 mo
1302 2748 1452 2836 seputme
1470 2748 1621 2837 uomet,

452 2865 539 2958 quia
565 2885 638 2937 non
663 2866 899 2961 estamplius
924 2867 1093 2940 standum
1123 2864 1192 2958 bic,
1225 2864 1289 2939 sed
1321 2865 1542 2940 tendendum
1574 2868 1620 2941 ad

450 2983 610 3078 primum
625 2984 805 3058 circulum
817 2975 866 3077 (⁸),
880 2988 973 3057 clte'l
982 2989 1041 3074 ptr
1053 2987 1102 3056 mi
1110 2987 1223 3074 ploce,
1236 2983 1323 3078 quia
1337 2990 1480 3078 tempus
1494 2992 1618 3080 urget,

451 3103 548 3176 unde
573 3103 706 3194 statim,
738 3103 924 3198 assignans
943 3094 981 3195 (⁹)
1011 3123 1162 3176 causam
1192 3103 1279 3197 quia
1314 3103 1400 3177 velit
1430 3103 1617 3197 recedere,

450 3223 533 3298 lacit
557 3222 835 3317 descriptionem
863 3221 1035 3316 temporis
1060 3222 1179 3315 primo
1208 3243 1274 3317 per
1305 3224 1615 3299 constellationem

449 3346 676 3436 orientalem,
703 3349 740 3416 et
766 3364 838 3416 non
870 3343 948 3415 vult
977 3342 1237 3418 sententialiter
1268 3344 1390 3418 dicere
1420 3345 1486 3417 nisi
1518 3345 1617 3437 quod

450 3464 558 3538 tiebat
581 3464 668 3558 dieS,
694 3461 826 3537 *unde
850 3462 953 3536 dicit:
978 3465 1038 3535 cle
1052 3465 1067 3535 t
1075 3465 1171 3555 pesti
1186 3466 1341 3554 marran
1356 3486 1398 3538 su
1412 3486 1478 3556 per
1494 3468 1619 3538 l'oriz-

447 3591 562 3674 ronte,
597 3583 674 3656 vult
707 3582 829 3656 dicere
863 3581 962 3675 quod
993 3581 1064 3655 iam
1091 3584 1403 3678 appropinquabat
1429 3578 1618 3681 dies*(¹⁰),

449 3702 535 3796 quia
560 3702 705 3798 signum
731 3701 883 3796 piscium
910 3700 1007 3792 quod
1034 3702 1205 3795 praecedit
1224 3704 1377 3777 arietem
1396 3704 1468 3779 iam
1488 3727 1617 3781 ascen-

449 3824 558 3897 debat
571 3815 623 3914 (Η)
639 3821 900 3915 hemisperium
915 3827 1080 3894 nostrum
1100 3821 1136 3894 in
1154 3822 1305 3918 oriente,
1320 3826 1377 3899 vel
1391 3825 1550 3902 sicaries
1565 3819 1617 3919 (¹²)

448 3943 671 4035 sequebatur
696 3961 782 4015 cum
809 3940 894 4014 sole.
922 3941 984 4013 Est
1008 3948 1134 4015 autem
1160 3941 1285 4016 orizon
1311 3943 1470 4018 circulus
1492 3946 1618 4020 termi-

448 4069 553 4136 nator
578 4061 690 4156 visus,
716 4061 779 4155 qui
804 4061 929 4135 dividit
959 4061 1220 4155 hemisperium
1248 4064 1416 4158 superius
1446 4067 1494 4140 ab
1527 4068 1581 4140 ins
1599 4109 1617 4120 -

447 4183 563 4275 riore3
591 4183 671 4256 ideo
697 4182 791 4256 bene
816 4181 922 4256 dicit:
948 4184 1007 4255 clu
1036 4185 1050 4254 t'
1075 4186 1170 4275 pesti
1198 4188 1387 4279 putrzouo,
1415 4187 1506 4262 idest
1536 4209 1616 4262 mo-

507 4383 535 4446 (¹l
552 4383 577 4434 S.
593 4383 700 4446 magnis.
1175 4383 1204 4447 (²)
1220 4386 1250 4436 Β.
1268 4386 1389 4439 fortuitis.

506 4460 532 4523 (¹)
549 4461 580 4511 E.
597 4465 734 4523 tempestas
750 4462 836 4522 maris,
848 4475 959 4525 semper.
1177 4460 1204 4524 (⁸)
1220 4463 1251 4513 lt.
1268 4464 1444 4527 suppleantur.

506 4539 535 4599 (·)
551 4538 581 4588 Β.
598 4550 698 4595 omres,
715 4538 775 4601 quia
788 4538 831 4601 jus
847 4538 911 4588 illud
927 4552 978 4589 non
997 4537 1142 4588 considerat
1157 4538 1228 4589 eliud
1244 4539 1292 4589 niti
1308 4540 1388 4604 quod.

506 4613 533 4675 (⁸)
549 4611 575 4662 S.
593 4612 696 4675 pscillce
713 4626 773 4662 cum
787 4612 899 4664 bomine.

507 4688 534 4749 (¹)
550 4689 575 4738 S.
591 4688 646 4738 finit
663 4693 810 4739 tractatum.
1178 4690 1204 4753 (“)
1220 4691 1251 4742 E.
1268 4692 1417 4744 articulum.

506 4764 534 4825 (·)
551 4764 581 4813 E.
598 4766 708 4828 assignat
724 4779 827 4815 musam
843 4779 924 4829 quare
942 4766 997 4816 vult
1014 4765 1146 4828 recedere,
1162 4773 1189 4818 el
1205 4767 1274 4818 tecit.

495 4839 584 4901 (¹⁰th
601 4841 689 4903 parole
705 4840 744 4891 tra
761 4843 770 4892 l
785 4843 835 4893 due
851 4843 984 4893 asterlselrl
1001 4855 1065 4893 sono
1082 4843 1124 4894 del
1139 4843 1233 4895 codiee
1251 4848 1305 4896 tlt.

493 4913 533 4976 (¹¹)
551 4918 603 4975 ¹¹⁰,
618 4917 775 4968 mlendebtl·
1169 4919 1207 4982 (¹¹)
1223 4921 1253 4973 E.
1270 4934 1330 4973 aros
1344 4922 1525 4988 noscuntur.
