4154 6546
776 789 913 846 camus
938 788 1094 844 neamus
1119 787 1295 854 Qunnrus.
1544 775 1615 842 ltl

446 941 583 1010 stantes
608 936 644 1009 in
670 934 902 1009 extremitate
922 933 1034 1027 sylvae
1050 931 1221 1006 ridebant
1238 950 1384 1025 poenam
1401 931 1616 1026 generalem

446 1074 579 1130 eorum
603 1054 669 1148 qui
693 1053 898 1148 puniuntur
922 1051 958 1124 in
984 1068 1108 1144 arena,
1126 1050 1344 1144 eterimam
1370 1057 1518 1145 gentem
1537 1050 1617 1124 rio·

446 1175 632 1250 lentorum
650 1178 777 1247 contra
795 1172 924 1245 Deum.
950 1171 995 1243 Et
1019 1189 1106 1243 ecce
1129 1169 1299 1243 describit
1324 1168 1442 1262 ipsum
1465 1169 1616 1243 tertium

446 1294 642 1386 circulum,
655 1292 794 1366 dicens:
812 1294 890 1364 dico
908 1292 968 1362 clte
988 1292 1206 1361 mammo
1223 1290 1273 1360 ud
1287 1308 1360 1360 unu
1380 1290 1503 1377 lunda,
1524 1288 1618 1361 idest

446 1413 495 1487 ad
519 1432 633 1486 unam
655 1411 838 1505 planitiem
863 1409 973 1482 buius
993 1427 1129 1502 arenae,
1155 1411 1214 1480 cle
1237 1410 1371 1481 marcae
1388 1423 1479 1498 curre
1491 1410 1617 1498 planta

448 1534 513 1606 dul
531 1550 598 1606 suo
623 1534 713 1620 buo,
730 1530 821 1603 idest
845 1530 893 1603 ab
918 1528 997 1602 eius
1015 1528 1216 1621 superficie,
1235 1528 1340 1622 quasi
1358 1528 1474 1601 dicat:
1501 1524 1617 1620 plani·

449 1651 517 1726 ties
532 1651 643 1725 buius
659 1642 695 1741 (¹)
722 1668 844 1723 arente
869 1648 1026 1721 multum
1053 1654 1107 1721 est
1131 1648 1302 1722 differens
1327 1667 1349 1720 a
1374 1646 1615 1741 precedente,

450 1769 535 1864 quia
559 1769 597 1842 in
621 1769 723 1864 sylva
748 1767 918 1863 predicta
950 1773 1035 1840 sunt
1065 1768 1190 1839 multae
1218 1766 1371 1840 arbores
1401 1771 1545 1840 veteres
1577 1769 1616 1838 el

448 1889 613 1981 novelle,
638 1887 723 1961 licet
748 1886 905 1979 nddcsae,
926 1885 1089 1980 spinosae,
1111 1905 1268 1980 asperae3
1288 1884 1354 1959 sed
1380 1884 1416 1956 in
1442 1882 1509 1956 ista
1536 1901 1616 1957 ma·

448 2007 577 2082 ledicta
594 2025 708 2081 arena
720 1996 759 2097 (¹)
780 2005 867 2079 nibil
884 2005 1067 2078 invenitur
1087 2004 1286 2097 viriditatis,
1303 2025 1376 2078 non
1394 2004 1521 2096 berba,
1540 2021 1615 2077 nun

448 2128 581 2223 planta,
595 2146 668 2199 nun
681 2127 806 2199 arbor.
825 2125 868 2197 Et
884 2124 986 2197 dicit:
1005 2145 1030 2195 a
1050 2125 1113 2194 ben
1130 2127 1336 2217 mandetur
1352 2128 1383 2196 le
1398 2144 1476 2197 cose
1490 2140 1615 2215 caece,

447 2245 552 2340 quasi
576 2244 688 2318 dicat:
707 2243 794 2336 quia
815 2242 901 2315 satis
925 2240 999 2314 dini
1023 2240 1069 2315 de
1094 2241 1238 2314 duabus
1263 2242 1453 2336 speciebus
1477 2240 1617 2317 violen—

447 2364 507 2437 tie
529 2368 568 2436 et
592 2361 787 2454 utriusque
812 2379 933 2454 poenn,
951 2358 1032 2432 ideo
1056 2379 1155 2432 nunc
1181 2360 1264 2433 vulo
1289 2357 1412 2435 dicere
1437 2360 1483 2434 de
1509 2361 1615 2435 tertia

448 2482 569 2579 specie
592 2489 631 2555 et
655 2480 734 2556 eius
748 2471 785 2572 (³)
803 2500 910 2575 poena
928 2498 1036 2572 nova,
1053 2480 1099 2553 de
1116 2500 1190 2572 qua
1207 2479 1371 2553 nendum
1388 2478 1525 2553 dictum
1541 2485 1614 2572 est3

448 2608 599 2676 etrele
624 2621 718 2674 nova
732 2589 768 2690 (⁸)
796 2606 838 2671 nt
862 2598 1011 2693 ridebis,
1037 2598 1123 2692 quia
1154 2619 1227 2672 nen
1260 2606 1314 2673 est
1337 2601 1492 2674 materia
1517 2600 1614 2693 trita,

447 2740 523 2794 nun
555 2718 735 2793 somniate
765 2737 831 2812 per
862 2716 976 2792 alium
1009 2723 1173 2812 poetam3
1206 2724 1306 2792 certe
1337 2719 1507 2793 Lucanus
1541 2735 1616 2792 nen

449 2837 571 2912 scribit
584 2829 621 2928 (⁵)
640 2838 750 2910 talem
768 2855 938 2929 arenam3
959 2843 997 2910 et
1012 2834 1173 2911 declarat
1183 2836 1341 2910 confinia
1360 2837 1463 2913 istius
1478 2855 1613 2929 arene,

447 2955 590 3029 dicens:
609 2958 646 3027 lu
662 2957 829 3027 delerare
847 2958 957 3045 selva,
973 2953 1110 3028 scilicet
1133 2954 1307 3048 praedicta
1323 2955 1615 3050 desperatarum,

449 3094 524 3167 qua
549 3075 649 3148 nulla
672 3079 729 3147 est
753 3073 967 3164 doloresicr,
990 3073 1075 3166 quia
1101 3073 1200 3146 nulla
1226 3075 1428 3169 redemptio
1454 3081 1509 3149 est
1533 3090 1616 3147 am—

448 3190 542 3286 plius
566 3191 768 3286 desperato,
792 3194 844 3282 oti
866 3187 903 3264 e'e
925 3193 1128 3281 ebirlcndc,
1154 3191 1245 3264 idest
1274 3192 1386 3287 cingit
1414 3199 1451 3266 et
1480 3191 1616 3265 claudit

448 3329 531 3385 eam
550 3309 777 3386 circulariter
801 3311 838 3382 in
858 3310 1010 3383 modum
1028 3328 1185 3403 corona,
1202 3312 1356 3401 intorno,
1376 3311 1468 3386 idest
1483 3303 1521 3402 (⁰)
1542 3311 1615 3383 cir·

446 3447 535 3506 enm
557 3431 658 3505 circa
680 3430 870 3504 continens
892 3447 990 3522 eam,
1007 3449 1102 3502 come
1115 3432 1142 3502 'l
1163 3432 1261 3503 trr'sto
1275 3433 1386 3524 sesso,
1402 3430 1495 3505 idest
1512 3428 1614 3505 vallis

446 3550 645 3645 sanguinis,
653 3550 791 3643 supple,
803 3555 857 3622 est
873 3551 1063 3638 cludenda
1079 3550 1131 3620 cd
1146 3568 1237 3640 esu,
1254 3547 1389 3623 scilicet
1405 3549 1471 3644 ipsi
1489 3551 1614 3645 sylve,

447 3669 553 3764 quasi
577 3669 673 3742 dicat
696 3669 880 3742 breviter:
898 3669 1000 3762 sylva
1024 3667 1094 3741 ista
1120 3668 1254 3742 claudit
1271 3668 1365 3743 intra
1387 3689 1428 3743 se
1448 3686 1614 3761 arenam,

445 3787 543 3862 sicut
567 3787 669 3861 vallis
693 3787 788 3861 intra
813 3806 854 3860 se
878 3785 1011 3861 claudit
1039 3787 1198 3882 sylvam3
1224 3793 1262 3861 et
1286 3787 1394 3861 dicit:
1419 3786 1615 3879 1111)ίριὶ-

447 3905 533 3980 licet
548 3906 585 3978 in
600 3906 666 3979 ista
682 3905 915 3980 extremitate
929 3904 1097 3979 confinali
1111 3905 1233 4000 sylvae,
1248 3910 1458 3999 sumamma
1473 3909 1489 3978 i
1500 3907 1614 3999 passi,

450 4025 541 4099 idest
567 4025 740 4099 remorati
763 4044 905 4117 sumus,
931 4046 955 4096 u
979 4024 1098 4097 reuda
1119 4045 1147 4096 a
1171 4025 1302 4115 mndu,
1327 4024 1418 4098 idest
1441 4042 1465 4099 a
1491 4043 1614 4099 rasos

449 4162 545 4237 raso,
562 4162 586 4216 a
603 4144 805 4237 redentera
824 4142 988 4236 radente,
1009 4143 1058 4217 ita
1079 4143 1177 4236 qued
1201 4163 1315 4217 arena
1341 4143 1434 4216 radit
1459 4143 1611 4237 sylvam.

448 4266 560 4334 -Lo
583 4265 710 4354 spacio.
725 4263 829 4336 Nunc
850 4267 959 4337 autor
974 4261 1155 4356 descripta
1175 4261 1293 4336 sonna
1309 4260 1378 4336 loci
1398 4261 1435 4334 in
1452 4261 1612 4356 comuni,

448 4382 618 4457 describit
634 4383 671 4456 in
690 4383 852 4478 generali
873 4383 1030 4456 termam
1047 4401 1164 4475 poenae
1181 4381 1346 4454 omnium
1368 4380 1612 4455 violentorum

508 4627 1037 4688 dinanum—metum

507 4704 539 4770 θ
555 4709 762 4768 numicis
777 4709 857 4772 ryln.
1177 4704 1459 4770 (ludum
1476 4707 1584 4770 bqua.

507 4781 1080 4850 elim-mmmffimot
1179 4781 1423 4845 (imm

512 4859 540 4923 (⁸)
556 4864 609 4921 tls,
625 4861 690 4913 idest
706 4863 898 4922 circumcincta,
915 4862 1048 4913 continens
1063 4874 1121 4911 eam
1135 4863 1177 4921 its,
1194 4876 1268 4912 come.
