4154 6546
764 796 902 851 usurus
928 795 1083 851 nncrnus
1109 794 1301 849 sncnnnus.
1544 780 1611 845 101

447 940 577 1014 Deum.
605 941 648 1012 Et
672 941 822 1013 demum
855 940 1025 1036 Virgilius
1057 930 1221 1034 tangitt¹l
1253 938 1416 1011 ollicium
1450 937 1616 1029 istorum,

445 1061 591 1135 dicens:
618 1067 655 1135 et
680 1061 736 1133 isti
762 1061 939 1154 centauri,
967 1082 1084 1133 vanno
1107 1063 1249 1132 intorno
1274 1061 1332 1131 det
1351 1062 1462 1151 fosso,
1479 1057 1523 1130 ad
1551 1077 1618 1130 cu-

446 1181 600 1254 stodiam
616 1171 666 1274 (²),
700 1180 748 1254 ita
780 1180 877 1274 quod
912 1180 1062 1275 vigilant
1095 1178 1240 1273 quando
1270 1177 1330 1251 alii
1361 1177 1560 1270 dormiunt,
1595 1198 1619 1247 o

447 1303 538 1374 mutto
563 1322 587 1371 α
612 1303 715 1390 mttle,
741 1300 845 1393 quasi
869 1301 976 1394 dicat,
993 1301 1063 1374 sub
1088 1306 1190 1373 certo
1220 1318 1388 1391 numere,
1412 1298 1476 1371 sed
1501 1297 1619 1391 potius

446 1419 535 1493 dixit
551 1420 598 1493 de
615 1440 773 1493 numero
800 1419 1014 1513 millenario,
1033 1420 1119 1512 quia
1137 1426 1192 1493 est
1212 1418 1418 1491 communis
1441 1436 1619 1490 numerus

447 1539 674 1632 bellantium,
696 1539 771 1611 imo
798 1539 901 1612 miles
926 1540 1043 1613 dictus
1061 1545 1127 1633 est,
1145 1539 1231 1633 quia
1256 1538 1303 1611 de
1330 1538 1427 1611 mille
1454 1558 1560 1630 unus,
1579 1542 1619 1608 ut

448 1659 597 1751 quidam
625 1659 769 1752 volunt3
796 1659 844 1733 ita
871 1659 979 1733 etiam
1007 1660 1107 1733 ibant
1132 1659 1302 1732 satellites
1323 1657 1419 1731 circa
1444 1656 1618 1753 palatium

448 1778 606 1873 Dionysii
623 1779 669 1852 ad
686 1779 907 1853 custodiam:
935 1787 971 1852 et
996 1799 1083 1853 ecce
1109 1779 1196 1872 quid
1213 1778 1313 1851 ibant
1332 1777 1508 1869 iaciendo,
1526 1784 1618 1848 suet-

448 1903 557 1973 tondo
583 1903 683 1995 quote
708 1903 829 1972 animo
844 1903 876 1972 st
890 1902 1006 1990 scelte,
1031 1899 1122 1974 idest
1146 1919 1275 1973 omnes
1288 1889 1325 1990 (³)
1350 1919 1434 1991 quae
1460 1897 1620 1971 evellunt

448 2040 500 2114 se,
518 2027 554 2095 et
577 2027 774 2116 emergunt
799 2026 903 2093 entra
929 2020 1159 2115 sanguinem,
1172 2015 1235 2111 pisl
1253 2022 1313 2092 cte
1336 2041 1402 2092 suo
1421 2021 1524 2111 culpo
1539 2038 1620 2090 sor*

448 2142 530 2230 title,
548 2139 638 2213 idest
663 2140 758 2212 ultra
784 2160 943 2233 poenam,
961 2160 1073 2232 quam
1100 2139 1208 2232 culpa
1224 2138 1417 2213 destinavit
1434 2138 1503 2231 eis3
1522 2137 1621 2231 quia,

452 2261 638 2336 utstatim
665 2259 801 2354 patebit
826 2260 863 2331 in
888 2259 1054 2353 sequenti
1079 2269 1194 2354 parte,
1219 2260 1352 2353 aliquan
1379 2259 1512 2332 animan
1537 2262 1623 2330 sunt

453 2400 586 2455 mersae
611 2380 647 2452 in
673 2380 851 2475 sanguine
877 2399 996 2473 usque
1026 2377 1072 2453 ad
1101 2379 1193 2473 cilia,
1223 2379 1304 2452 aliae
1337 2377 1525 2472 usquead
1551 2377 1622 2470 ilia,

452 2501 534 2575 aliae
560 2501 749 2594 usquead
774 2520 912 2597 genua3
939 2500 1049 2574 modo
1080 2501 1109 2573 si
1134 2501 1256 2593 aliqua
1281 2499 1488 2573 animarum
1516 2497 1623 2572 vellet

456 2642 496 2696 se
528 2641 722 2696 removere
753 2620 798 2693 ad
831 2620 993 2714 aliquam
1025 2621 1284 2694 relevationem
1314 2619 1476 2712 bulloris,
1501 2617 1621 2691 statim

456 2742 621 2816 centauri
647 2741 816 2837 sagittant
842 2747 879 2815 et
904 2741 1040 2815 iaciunt
1064 2741 1179 2835 ipsam
1205 2727 1455 2829 subintraret‘)
1474 2757 1621 2832 aquam.

455 2863 500 2935 llt
524 2881 624 2954 vere,
650 2862 775 2955 lector,
795 2861 849 2934 isti
875 2861 1093 2956 stipendiarii
1119 2869 1205 2934 sunt
1230 2861 1278 2933 illi
1303 2860 1367 2953 qui
1389 2866 1513 2933 tenent
1537 2859 1623 2932 istos

457 2981 494 3054 in
520 2982 708 3076 sanguine,
735 2981 826 3056 idest
841 2973 876 3073 (⁵)
905 2981 1101 3055 inlusione
1126 2980 1325 3076 sauguinis,
1342 2979 1428 3074 quia
1445 2979 1523 3052 sinc
1548 2978 1624 3051 istis

456 3107 641 3176 cessarent
664 3101 735 3176 cito
756 3101 863 3195 bella,
880 3108 917 3175 et
938 3123 1004 3196 per
1025 3100 1251 3195 consequens
1271 3107 1456 3175 cessarent
1476 3104 1624 3192 mortes,

457 3219 647 3314 violentiae,
675 3221 821 3315 rapinae.
847 3220 918 3296 Sed
942 3222 1034 3315 prob
1059 3221 1183 3295 dolort
1211 3221 1245 3293 in
1274 3221 1352 3294 haec
1377 3226 1543 3314 tempora
1569 3218 1626 3291 in-

459 3339 607 3413 felicitas
633 3360 716 3414 mea
742 3361 803 3416 me
828 3341 979 3414 deduxit
993 3331 1045 3435 (⁶),
1063 3347 1106 3413 ut
1131 3340 1294 3414 viderem
1321 3339 1428 3414 hodie
1453 3339 1625 3413 miseram

458 3460 595 3536 ltaliam
621 3460 765 3555 plenam
791 3461 957 3535 barbaris
978 3460 1171 3535 socialibus
1186 3451 1222 3551 (⁷)
1240 3459 1406 3533 omnium
1426 3460 1627 3534 nationum.

458 3578 524 3652 Hic
548 3579 646 3653 enim
672 3587 758 3653 sunt
782 3580 920 3676 Anglici
946 3579 1148 3676 sanguinei,
1172 3579 1361 3655 Alemanni
1387 3579 1526 3674 luciosi,
1548 3580 1629 3652 Bri-

459 3704 563 3773 tones
593 3700 704 3794 bruti,
739 3700 921 3775 Vascones
952 3720 1113 3794 rapaces
1138 3700 1300 3796 Hungari
1335 3699 1532 3794 immundi}
1565 3701 1628 3795 qui

458 3838 588 3892 omnes
613 3819 805 3893 coniurant
818 3810 855 3912 (⁸)
882 3820 918 3892 in
944 3821 1143 3915 perniciem
1160 3821 1282 3915 ltaliae,
1301 3842 1373 3895 non
1395 3827 1469 3894 tam
1491 3821 1628 3895 viribus

460 3961 571 4032 quam
606 3939 796 4013 fraudibus
828 3947 865 4015 et
897 3940 1171 4036 proditionibus,
1207 3941 1412 4035 provincias
1441 3940 1627 4035 vastando,

460 4059 599 4133 nobiles
614 4051 650 4152 (⁹)
678 4061 789 4134 urbes
814 4060 1010 4155 spoliando.
1024 4101 1073 4114 —
1088 4064 1164 4133 Not.
1185 4062 1289 4135 Nunc
1307 4067 1416 4135 autor
1434 4069 1627 4156 postquam

460 4179 615 4255 ostendit
640 4181 796 4273 qualiter
823 4187 897 4255 tres
919 4181 1084 4256 centauri
1105 4187 1286 4257 venerunt
1306 4181 1372 4255 sibi
1391 4182 1551 4276 obviam,
1572 4183 1629 4256 hic

460 4300 616 4374 ostendit
654 4301 811 4394 qualiter
848 4302 983 4397 recepti
1021 4302 1172 4375 fuerunt
1207 4302 1255 4375 ab
1292 4301 1370 4395 illis,
1405 4309 1441 4375 et
1474 4303 1630 4396 qualiter

520 4515 549 4577 (¹)
564 4516 590 4567 S.
607 4518 736 4569 describit.

520 4593 547 4655 (¹)
563 4597 617 4652 1111,
634 4596 864 4656 cenomannicus
880 4596 977 4646 nauus
993 4596 1123 4645 interdum
1141 4597 1166 4645 in
1183 4596 1280 4647 mundo
1291 4596 1361 4647 clrcs
1374 4595 1468 4647 fossum
1479 4598 1589 4649 civitatis
1599 4599 1631 4648 sd

458 4669 615 4730 custodlsm3
632 4670 668 4721 lts
683 4673 761 4735 quod.
1012 4671 1039 4734 (¹)
1056 4673 1086 4722 ll.
1102 4686 1193 4723 omnes
1210 4673 1264 4736 qul.

522 4745 549 4808 (⁸)
564 4747 596 4797 Ε.
612 4749 766 4801 subintrare.
784 4751 817 4801 Et
834 4765 902 4802 sere.
1011 4750 1039 4810 (·)
1056 4750 1087 4800 E.
1104 4751 1177 4810 idest,
1193 4751 1219 4800 ln
1236 4750 1365 4813 unguluis
1380 4748 1513 4801 effusione.

523 4827 550 4889 (⁸)
568 4831 621 4889 llo,
638 4831 719 4881 duxit.
1011 4831 1038 4893 (¹)
1055 4831 1085 4881 E.
1103 4834 1129 4880 ct
1146 4830 1292 4881 socialibus.

523 4903 551 4964 l')
567 4905 598 4955 li.
614 4912 733 4958 currunt.
1013 4906 1040 4968 (¹)
1057 4906 1088 4956 B.
1104 4910 1131 4956 et
1146 4906 1225 4958 urbes
1240 4906 1388 4958 mollitum
1403 4904 1545 4970 spoliando.
