4154 6546
593 772 643 842 bb
994 788 1198 845 cousururs
1223 791 1373 846 rurnnnr

592 952 678 1008 cum
705 952 841 1028 magno
866 934 1028 1007 clamore
1052 940 1195 1029 portata
1215 941 1253 1009 et
1268 941 1414 1010 ostensa
1439 943 1526 1011 sunt
1550 938 1763 1015 intrinsecis

590 1052 734 1147 Trojani
761 1071 783 1125 e
807 1057 936 1126 contra
960 1053 1138 1147 parabant
1168 1073 1208 1127 se
1237 1053 1284 1128 ad
1318 1053 1566 1131 defensionem
1599 1059 1634 1131 in
1662 1065 1767 1153 parte

590 1170 746 1264 sinistra,
772 1191 858 1246 nam
886 1163 925 1263 (¹)
950 1191 973 1244 a
997 1171 1149 1247 dextera
1180 1172 1364 1248 habebant
1396 1173 1550 1248 tluvium
1581 1177 1764 1273 Tyberim,

590 1299 628 1365 et
646 1291 808 1366 breviter
832 1296 913 1385 post
937 1292 1053 1365 multa
1077 1292 1202 1386 praelia
1218 1291 1303 1367 binc
1325 1292 1409 1368 inde
1426 1294 1521 1370 lacta
1540 1295 1615 1370 duo
1633 1297 1763 1372 iratres

591 1411 747 1506 Trojani,
778 1410 901 1506 magni
936 1416 974 1484 et
1009 1410 1201 1508 magnifici,
1234 1431 1395 1506 quornm
1430 1436 1527 1488 unus
1561 1418 1764 1491 vocabatur

591 1530 790 1626 Pandarus,
814 1532 908 1606 alter
932 1530 1053 1625 Bitias,
1083 1531 1256 1627 assignati
1286 1553 1353 1628 per
1386 1534 1524 1609 Eneam
1555 1536 1602 1611 ad
1640 1542 1764 1610 custo-

589 1651 687 1725 diam
714 1650 822 1724 unius
846 1656 973 1745 portae,
998 1657 1226 1745 aperuerunt
1257 1651 1384 1746 ipsam,
1416 1654 1611 1730 invitantes
1635 1662 1763 1750 sponte

590 1771 711 1845 hostes
734 1771 782 1845 ad
807 1771 1030 1865 intrandum,
1059 1777 1196 1845 stanter
1225 1772 1327 1845 velut
1357 1773 1441 1846 altae
1474 1781 1598 1850 turres
1628 1776 1763 1851 armati

589 1896 716 1964 contra
741 1891 788 1964 ad
812 1891 1070 1966 defensionem.
1088 1891 1235 1964 Turnus
1258 1899 1397 1987 autem,
1418 1893 1481 1986 qui
1499 1914 1546 1968 ex
1566 1896 1636 1969 alia
1658 1903 1762 1991 parte

589 2011 823 2106 oppugnabat
837 2001 873 2101 (²)
892 2017 1043 2103 terram,
1070 2010 1139 2084 boc
1163 2009 1302 2105 audito,
1327 2010 1461 2087 ardens
1486 2013 1542 2087 ira
1567 2016 1762 2107 praecurrit

587 2129 634 2202 ad
657 2136 800 2223 portam
825 2128 1045 2203 Dardaniam
1071 2135 1199 2203 contra
1216 2129 1394 2224 superbos
1415 2130 1557 2225 iratres,
1576 2140 1613 2206 et
1634 2132 1762 2208 nocuis

586 2249 706 2342 primo
726 2249 866 2342 aliquot
881 2248 1017 2343 paucis,
1030 2248 1209 2343 percussit
1229 2247 1358 2323 Bitiam
1379 2248 1570 2325 ardentem
1591 2250 1707 2324 oculis
1723 2260 1762 2326 et

586 2367 803 2442 trementem
830 2367 953 2442 animo
979 2387 1065 2441 cum
1090 2369 1217 2442 lancea
1238 2358 1288 2461 (³),
1314 2375 1353 2441 et
1379 2369 1577 2463 prostravit
1602 2389 1688 2444 eum
1714 2369 1760 2445 ad

589 2493 726 2561 terram
761 2507 848 2560 cum
879 2506 1013 2582 magno
1039 2486 1197 2581 fragore,
1229 2487 1331 2561 velut
1361 2487 1534 2562 arborem
1567 2509 1760 2585 magnam3

587 2614 624 2681 et
641 2607 815 2681 continuo
832 2605 976 2699 Trojani
993 2606 1176 2699 perterriti
1194 2606 1290 2679 versi
1308 2606 1446 2681 suntin
1464 2607 1601 2704 lugam.
1615 2607 1758 2682 Panda-

586 2748 651 2799 rus
668 2732 806 2819 autem,
823 2726 901 2798 viso
921 2724 1033 2799 fratre
1051 2744 1119 2798 suo
1133 2714 1169 2817 (⁴)
1190 2725 1398 2800 terribiliter
1418 2733 1611 2821 prostrato,
1629 2727 1760 2802 clausit

585 2851 729 2940 portam
750 2844 892 2940 magnis
911 2843 1061 2937 viribus,
1079 2850 1117 2917 et
1135 2843 1333 2918 excludens
1359 2845 1493 2919 multos
1517 2845 1564 2920 de
1588 2846 1676 2940 suis,
1701 2845 1759 2919 in-

585 2964 691 3040 clusit
716 2966 893 3057 Turnum,
920 2982 1032 3056 quem
1059 2982 1132 3036 non
1157 2963 1344 3057 perpendit
1368 2963 1464 3039 inter
1493 2965 1641 3038 turbam
1667 2963 1759 3039 alio-

584 3106 681 3158 rum.
699 3085 801 3158 Tunc
818 3081 981 3176 Trojanis
1002 3080 1274 3175 trepidantibus,
1293 3081 1481 3157 Pandarus
1505 3102 1683 3158 accensus
1703 3083 1759 3159 ira

583 3205 755 3280 iratarnae
773 3202 900 3277 mortis
916 3202 1027 3297 coepit
1046 3202 1251 3296 exprobare
1268 3209 1397 3277 contra
1412 3204 1600 3277 Turnum:
1623 3209 1664 3277 tu
1685 3223 1758 3278 non

583 3345 623 3398 es
643 3322 795 3397 nuncin
814 3322 900 3396 aula
920 3321 1055 3418 reginae
1073 3322 1213 3396 dmatae
1232 3321 1279 3395 ad
1295 3320 1521 3417 precandum
1535 3314 1573 3414 (⁵)
1598 3322 1755 3398 Laviniae

583 3443 665 3517 fitiae
690 3463 780 3537 suae,
804 3462 873 3516 nec
898 3441 935 3514 in
959 3441 1080 3516 medio
1100 3440 1229 3515 Ardeae
1253 3440 1380 3535 patriae
1406 3446 1491 3534 tuae,
1514 3441 1577 3515 ubi
1602 3441 1756 3537 propriis

584 3561 700 3635 muris
724 3560 938 3653 defendaris,
964 3559 1028 3633 sed
1053 3560 1149 3633 inter
1173 3566 1292 3634 castra
1317 3559 1561 3654 inimieorum,
1589 3580 1657 3634 nee
1682 3561 1756 3635 ulla

584 3681 642 3757 via
655 3681 790 3776 poteris
803 3680 886 3753 binc
898 3680 1010 3753 exire.
1021 3680 1168 3752 Turnus
1185 3678 1375 3752 subridens
1388 3680 1586 3773 respondit:
1601 3680 1631 3753 si
1644 3680 1756 3754 babes

583 3799 718 3895 aliquid
738 3798 912 3874 animosae
930 3797 1084 3890 virtutis,
1102 3797 1218 3892 incipe
1234 3817 1395 3893 pugnam
1415 3818 1579 3872 mecum:
1596 3806 1697 3873 certe
1714 3807 1754 3872 tu

582 3920 718 4015 poteris
736 3918 875 3994 reterre
891 3916 1039 3990 Priamo
1055 3921 1092 3991 to
1109 3916 1289 3991 invenisse
1305 3916 1364 3991 lric
1381 3916 1495 3990 alium
1512 3917 1697 3992 Achillem.
1711 3919 1756 3990 Et

582 4039 756 4113 continuo
772 4036 917 4134 erigens
936 4056 987 4129 se,
1008 4035 1117 4109 irruit
1135 4036 1172 4108 in
1190 4055 1289 4130 eum,
1308 4042 1345 4109 et
1364 4056 1451 4111 cum
1474 4056 1562 4111 ense
1578 4035 1756 4131 percussit

582 4158 618 4232 in
646 4157 764 4231 media
789 4156 919 4251 ironte,
940 4155 989 4229 ita
1015 4156 1113 4250 quod
1130 4164 1240 4251 caput
1260 4155 1379 4230 divisit
1396 4157 1432 4230 in
1452 4156 1544 4231 duas
1556 4163 1691 4251 partes,
1708 4176 1753 4230 ex

582 4297 657 4370 quo
665 4277 726 4351 ille
735 4277 894 4350 moriens
907 4275 1046 4350 corruit
1056 4274 1104 4350 ad
1118 4281 1267 4368 terram,
1278 4282 1437 4369 utraque
1450 4282 1555 4370 parte
1568 4275 1694 4370 capitis
1707 4275 1755 4349 ab

582 4403 742 4492 utroque
757 4398 915 4470 humero
933 4395 1168 4490 dependente.
1196 4396 1341 4491 Trojani
1359 4395 1532 4469 continuo
1554 4396 1649 4470 versi
1670 4403 1756 4468 sunt

512 4502 520 4511 ’
582 4518 618 4590 in
636 4518 780 4613 iugam3
794 4514 872 4589 etsi
891 4516 1012 4590 statim
1025 4517 1172 4590 Turnus
1183 4515 1310 4590 luisset
1325 4514 1509 4590 advisatus
1527 4513 1573 4589 ad
1585 4513 1753 4610 aperien-

644 4751 671 4810 (¹)
688 4750 715 4799 S.
730 4749 791 4812 quia
807 4762 821 4798 a
837 4748 951 4799 dextera.
1169 4750 1195 4807 υ]
1213 4751 1243 4800 Ε.
1261 4751 1398 4815 pugnam,

645 4827 670 4885 (⁸)
688 4831 742 4885 110,
760 4825 898 4887 phalarica.
1169 4825 1194 4885 t⁸i
1212 4827 1243 4876 E.
1260 4840 1308 4878 sun
1324 4832 1431 4879 mortuo
1445 4830 1473 4879 et
1488 4825 1650 4879 terribiliter.

645 4905 671 4962 (⁸)
687 4902 713 4952 S.
730 4902 761 4951 ad
780 4901 972 4963 provocandum
988 4901 1127 4952 ronnbium
1142 4901 1262 4953 Lavinio.
