4154 6546
766 814 904 869 murus
929 813 1084 870 oncruus
1109 814 1303 869 sccundus.
1543 801 1611 871 ⁴21

447 962 553 1035 cuius
578 959 784 1034 dominandi
798 958 975 1052 cupiditas
992 966 1072 1034 erat
1093 957 1312 1053 insatiabilis,
1331 980 1404 1033 uon
1424 968 1617 1036 contentus

447 1083 555 1178 Epiro
572 1089 609 1156 et
626 1080 843 1175 Macedonia,
861 1080 925 1154 sed
944 1080 1132 1154 intendens
1148 1080 1298 1153 Graeciae
1316 1087 1353 1154 et
1369 1081 1474 1174 Asiae,
1488 1082 1618 1156 invasit

446 1201 759 1278 Lacedaemoniam
785 1206 933 1295 gentem
959 1200 1265 1274 bellicosissimam
1299 1207 1380 1295 post
1408 1203 1615 1295 Romanos3

447 1323 511 1398 sod
536 1322 619 1395 inde
644 1321 823 1415 repulsus,
842 1340 915 1392 non
933 1320 1093 1414 territus,
1114 1320 1245 1394 invasit
1261 1320 1389 1416 Argos,
1408 1327 1450 1393 ut
1466 1321 1618 1417 Antigo-

448 1466 538 1517 num
564 1465 586 1517 a
612 1462 651 1515 se
677 1441 814 1516 victum
840 1448 877 1516 et
899 1440 947 1513 ibi
963 1440 1217 1515 absconditum
1236 1441 1470 1536 opprimeret,
1488 1442 1536 1515 ihi
1557 1463 1618 1516 ar-

447 1567 576 1641 denter
601 1582 791 1659 pugnans;
817 1562 881 1636 sed
907 1562 1120 1657 improvide,
1146 1584 1235 1637 sano
1265 1564 1405 1638 deiecto
1430 1563 1476 1637 de
1501 1563 1617 1637 muris

450 1706 562 1760 manu
588 1683 757 1777 feminea,
776 1704 969 1778 oppressus
995 1691 1060 1758 est.
1088 1684 1220 1777 Sicque
1247 1705 1313 1759 rex
1335 1684 1617 1779 potentissimus,

449 1807 589 1882 cunctis
615 1804 783 1879 terribilis
808 1811 845 1878 et
869 1804 917 1876 ab
934 1804 1104 1878 omnibus
1127 1805 1213 1879 viris
1229 1805 1456 1899 formidatus
1473 1827 1496 1879 a
1514 1805 1623 1880 femi-'

451 1908 505 2000 nis
519 1920 556 2018 (¹)
581 1925 942 2000 Lacedaemoniorum
969 1925 1125 2019 turpiter
1155 1926 1335 2021 repulsus,
1361 1933 1398 2000 et
1429 1949 1452 1999 a
1484 1926 1618 2001 femina

450 2047 633 2142 Argorum
660 2045 848 2120 infeliciter
874 2051 1065 2139 mactatus,
1092 2046 1193 2120 bellis
1225 2046 1334 2122 finem
1363 2047 1457 2141 fecit,
1484 2046 1618 2140 quibus

451 2167 570 2241 luerat
596 2186 789 2261 sempera
815 2165 1006 2240 iuventute
1030 2164 1253 2260 delectatus3
1279 2173 1316 2241 et
1340 2167 1440 2262 quod
1466 2167 1620 2241 misera-

450 2287 555 2362 bilius
581 2286 658 2379 fuit,
684 2290 794 2379 caput
819 2285 898 2359 eius
923 2290 1133 2359 truncatum
1164 2307 1320 2382 corpore
1345 2287 1412 2361 fuit
1440 2286 1619 2383 Antigono

450 2412 720 2504 praesentatum.
748 2405 818 2480 Sed
843 2403 1044 2499 Antigonus
1070 2404 1262 2501 piissimus,
1278 2427 1422 2481 memor
1448 2407 1620 2483 humani-

451 2528 544 2622 tatis,
558 2527 691 2601 oblitus
717 2524 870 2619 iniuriae,
885 2523 1041 2598 restituit
1066 2533 1176 2620 caput
1200 2546 1286 2600 cum
1305 2526 1448 2621 reliquo
1464 2547 1620 2622 corpore

450 2651 587 2724 lleleno
604 2648 677 2720 filio
703 2645 833 2741 Pyrrhi
859 2645 1121 2739 reportandum
1140 2646 1176 2720 in
1195 2647 1362 2742 patriam,
1384 2648 1461 2744 ipso
1484 2649 1621 2723 Heleno

451 2790 496 2845 ex
523 2768 729 2862 captivitate
755 2767 926 2841 liberato:
951 2766 1077 2859 sicque
1098 2773 1151 2840 tot
1168 2786 1368 2864 regnorum
1387 2769 1490 2843 bellis
1507 2789 1621 2845 vexa-

451 2897 510 2965 tus
536 2888 703 2983 spiritum
729 2907 815 2960 cum
842 2886 1019 2982 sanguine
1040 2886 1190 2960 deduxit
1214 2887 1260 2962 ad
1282 2887 1426 2962 inferos.
1448 2890 1499 2962 Ex
1519 2889 1622 2962 dictis

453 3032 543 3106 ergo
569 3013 654 3087 satis
679 3017 778 3105 patet
803 3009 902 3104 quod
928 3016 1036 3084 autor
1062 3008 1225 3101 loquitur
1249 3008 1296 3082 de
1321 3008 1389 3081 isto
1415 3027 1527 3104 rege:
1555 3029 1623 3083 nec

453 3133 550 3207 dicas
576 3132 643 3206 iste
669 3152 741 3204 non
767 3131 834 3202 fuit
859 3129 987 3224 pirata,
1006 3128 1092 3222 quia
1117 3127 1222 3202 dico:
1241 3128 1326 3222 quid
1344 3127 1390 3201 ad
1408 3132 1514 3202 remt
1531 3130 1620 3202 Nam

453 3260 561 3327 autor
589 3251 673 3324 nihil
705 3250 789 3324 dicit
822 3250 921 3342 quod
950 3250 1112 3344 Pyrrhus
1137 3247 1247 3321 fuerit
1272 3247 1411 3342 pirata3
1437 3248 1502 3323 sed
1525 3247 1624 3322 addit

454 3373 568 3446 alium
587 3372 741 3466 piratam
767 3369 986 3463 immediate,
1005 3367 1138 3442 scilicet
1155 3369 1309 3442 Sextum
1327 3367 1441 3440 filium
1456 3359 1493 3460 (²)
1513 3370 1624 3442 Pom·
1738 3430 1739 3435 r

454 3493 534 3588 peii.
562 3494 666 3565 Nunc
690 3491 819 3565 ordina
836 3490 887 3563 sic
903 3490 1065 3565 literam:
1084 3496 1122 3564 et
1138 3489 1259 3563 divina
1276 3488 1412 3562 iustitia
1433 3490 1561 3586 pungit
1573 3480 1624 3582 (³),

453 3617 561 3686 Ptrro
585 3634 604 3683 e
629 3616 734 3684 Sesto.
761 3610 815 3683 hd
840 3610 946 3684 cuius
971 3609 1214 3705 cognitionem
1239 3615 1294 3683 est
1319 3608 1479 3684 breviter
1505 3610 1623 3684 scien-

453 3734 554 3826 dum,
581 3732 679 3825 quod
707 3731 773 3804 iste
798 3729 931 3804 Sextus
957 3729 1051 3803 filius
1077 3729 1196 3825 Magni
1217 3728 1377 3823 Pompeii
1403 3734 1483 3823 post
1508 3728 1623 3803 victo-

454 3853 525 3927 rias
550 3851 714 3945 Caesaris,
740 3857 962 3947 congregata
996 3871 1129 3945 magna
1156 3849 1387 3923 multitudine
1407 3850 1622 3944 piratarum,

454 3972 645 4067 occupavit
662 3970 831 4064 Siciliam,
849 3976 886 4044 et
903 3970 1013 4064 coepit
1030 3971 1202 4044 infestare
1215 3970 1434 4066 Augustum,
1453 3976 1489 4045 et
1506 3972 1623 4045 multa

454 4094 548 4167 bella
575 4092 716 4166 navalia
742 4092 826 4166 fecit
850 4112 977 4165 secum
1003 4098 1040 4165 et
1066 4112 1152 4166 cum
1179 4091 1253 4165 suis
1278 4091 1442 4185 ducibus,
1468 4099 1506 4165 et
1528 4112 1625 4185 saepe

456 4235 590 4310 magna
615 4213 747 4286 damna
773 4211 870 4285 dedit
895 4210 956 4305 illi,
982 4216 1019 4285 et
1044 4211 1182 4284 ltaliam
1209 4217 1245 4285 et
1270 4213 1425 4284 Romam
1447 4211 1544 4284 fame
1568 4212 1624 4285 af-

454 4335 553 4427 fecit3
580 4333 643 4408 sed
670 4331 814 4406 tandem
849 4331 966 4404 victus
996 4331 1139 4428 fugiens
1164 4331 1200 4404 in
1226 4331 1347 4406 Asiam
1373 4353 1394 4405 a
1420 4331 1625 4405 fautoribus

455 4454 600 4528 Antonii
624 4453 835 4528 interfectus
861 4459 925 4526 est.
954 4452 997 4525 Et
1021 4452 1080 4525 hic
1106 4459 1202 4547 nota,
1229 4453 1355 4547 lector,
1386 4453 1484 4547 quod
1515 4457 1625 4526 autor

458 4575 624 4669 sequitur
649 4573 706 4647 hic
730 4575 933 4666 Lucanum,
960 4572 1045 4665 quia
1076 4574 1232 4667 appellat
1258 4573 1409 4646 Sextum
1436 4573 1545 4647 vilem
1572 4571 1627 4666 pi-

515 4802 543 4864 (¹)
559 4801 590 4851 E.
607 4815 620 4849 a
637 4799 739 4850 feminis
756 4800 890 4863 Argorum
908 4796 1045 4848 infeliciter
1062 4803 1196 4849 mactatus.

515 4877 543 4940 (Ἰ
560 4877 591 4928 E.
607 4876 714 4927 Sextum
730 4876 846 4941 Pompeii
862 4877 988 4941 genitum.
1006 4874 1090 4926 Nunc.

520 4951 547 5016 t'l
563 4952 593 5003 E·
609 4952 691 5016 punit
