4154 6546
470 794 473 800 =
592 769 663 834 296
986 780 1190 834 couunruu
1215 780 1366 833 rursum

591 925 669 999 ira:
696 927 750 998 alti
777 921 814 998 e‘e
845 927 965 1014 rostut,
991 923 1125 997 scilicet
1160 930 1235 996 tam
1264 924 1398 1017 audax,
1423 930 1507 996 tam
1538 925 1674 1018 valeus,
1700 928 1760 998 cle

590 1065 698 1116 rotza
723 1051 846 1134 morte,
872 1043 963 1117 idest
988 1043 1052 1136 qui
1076 1048 1276 1137 antequam
1301 1043 1347 1116 sit
1373 1049 1619 1137 mortuusve
1634 1066 1702 1136 per
1726 1047 1761 1118 lo

593 1184 704 1254 repno
728 1166 821 1236 detto
845 1169 961 1234 mortu
976 1170 1089 1253 pente,
1106 1162 1197 1237 idest
1213 1159 1279 1258 per
1299 1163 1487 1237 lnlernum
1505 1163 1569 1256 qui
1587 1170 1642 1236 est
1659 1165 1762 1239 locus
1816 1262 1820 1267 Ι

594 1302 682 1357 vere
709 1288 964 1373 mortuorum3
991 1287 1028 1355 et
1054 1281 1136 1355 vide
1160 1281 1259 1375 quod
1288 1290 1398 1356 autor
1424 1289 1547 1357 noster
1577 1303 1650 1356 non
1682 1290 1762 1357 erat

592 1408 763 1476 mortuus
788 1422 874 1475 cum
900 1402 987 1496 istis,
1006 1402 1099 1495 quia
1125 1422 1198 1475 uon
1223 1403 1344 1476 luerat
1358 1423 1450 1476 usus
1470 1403 1507 1475 in
1524 1403 1598 1475 vita
1616 1402 1761 1476 malitiis

591 1527 628 1595 et
653 1521 853 1614 fraudibus,
879 1521 946 1594 nisi
967 1541 1100 1616 parum
1125 1521 1170 1595 ad
1196 1521 1368 1595 fallendas
1386 1521 1612 1595 mulieresin
1624 1522 1762 1615 juven-

592 1647 670 1714 tute
687 1661 766 1735 sua,
784 1647 826 1714 ut
842 1640 984 1714 dicetur
1008 1640 1103 1714 alibi.
1118 1645 1224 1714 -El
1245 1645 1355 1714 savio.
1381 1641 1446 1715 llic
1471 1648 1580 1715 autor
1606 1640 1761 1715 ostendit

591 1760 776 1854 quomodo
802 1759 972 1855 Virgilius
997 1761 1190 1833 tentaverit
1206 1760 1325 1854 primo
1346 1781 1412 1855 per
1438 1782 1478 1835 se
1502 1762 1652 1855 intrare,
1673 1760 1760 1853 quia

589 1880 760 1955 audiebat
785 1879 884 1972 quod
908 1879 958 1951 illi
989 1879 1218 1952 solummodo
1251 1881 1573 1971 conquerebantur
1602 1881 1648 1954 de
1679 1881 1756 1974 ipso

591 2002 653 2095 qui
668 1995 706 2092 (¹)
731 2002 857 2075 vivens
876 2006 972 2075 erat.
999 2000 1100 2074 Unde
1129 1999 1236 2075 dicit:
1262 2002 1294 2071 et
1316 2003 1416 2072 socio
1447 2005 1549 2072 Duco
1579 2005 1662 2092 mro,
1689 2002 1760 2075 sci·

590 2120 673 2194 licet
698 2120 868 2216 Virgilius
893 2120 1035 2213 sapiens
1059 2125 1177 2212 poeta,
1201 2123 1274 2211 lece
1302 2139 1410 2190 ccooo
1438 2121 1476 2190 dt
1500 2123 1598 2191 votcr
1623 2124 1757 2211 portur

593 2262 617 2312 u
642 2243 698 2312 tor
721 2245 1035 2329 constudentem
1060 2238 1182 2311 minus
1206 2237 1481 2332 indignarentur
1505 2238 1534 2311 si
1560 2239 1659 2311 solus
1675 2239 1756 2330 iret,

593 2360 680 2452 quia
694 2351 731 2449 d)
758 2369 838 2434 erat
863 2363 1045 2450 mortuus,
1072 2363 1108 2431 et
1124 2346 1159 2446 (³)
1181 2357 1341 2450 placaret
1360 2375 1435 2448 eos,
1453 2361 1490 2429 et
1510 2356 1560 2430 sic
1586 2356 1760 2451 impetra·

593 2489 650 2554 ret
673 2497 863 2551 accessum
888 2497 956 2571 pro
980 2483 1122 2549 autore.
1150 2475 1220 2548 Per
1245 2475 1314 2548 hoc
1340 2481 1465 2548 autem
1496 2474 1630 2570 figurat
1663 2477 1761 2567 quod

591 2596 760 2691 Virgilius
787 2596 900 2669 voluit
926 2603 1068 2669 tentare
1093 2595 1121 2667 si
1148 2614 1214 2687 per
1231 2615 1271 2669 se
1288 2602 1431 2687 poterat
1451 2594 1623 2669 inducere
1637 2585 1672 2686 (ὗ)
1692 2617 1762 2669 au-

591 2724 710 2791 torem
748 2715 793 2788 ad
833 2715 937 2786 istam
978 2714 1183 2806 materiam,
1215 2715 1381 2787 sednon
1413 2714 1541 2808 potuit.
1572 2717 1616 2788 Et
1646 2715 1762 2810 tangit

590 2834 761 2909 ellectum
788 2833 911 2906 dicens
935 2832 1033 2926 quod
1060 2832 1244 2906 modicum
1267 2833 1332 2905 visi
1349 2841 1435 2906 sunt
1450 2834 1585 2927 placari
1595 2825 1644 2926 (⁵),
1663 2833 1761 2908 unde

589 2953 696 3027 dicit:
723 2957 816 3043 ator,
843 2952 934 3025 idest
959 2958 1047 3025 tunc
1072 2952 1120 3025 illi
1146 2951 1342 3046 daemones,
1363 2956 1520 3025 allusero
1545 2975 1592 3025 nn
1614 2974 1705 3044 poco
1729 2957 1763 3025 et

589 3093 684 3164 pron
709 3075 898 3163 dompno,
924 3071 1015 3146 idest
1041 3071 1323 3166 indignationem
1350 3093 1463 3167 quam
1489 3073 1608 3165 primo
1626 3093 1759 3148 conce·

590 3200 719 3289 perant
744 3193 821 3267 viso
847 3200 980 3265 autore
1004 3192 1100 3284 vivo,
1126 3214 1145 3263 e
1168 3194 1298 3264 duser:
1317 3196 1393 3266 vien
1410 3196 1550 3283 lurotu,
1568 3193 1654 3284 quia
1672 3192 1761 3265 alias

589 3314 647 3388 hic
672 3314 780 3406 misti,
798 3320 835 3387 et
856 3313 941 3405 quia
969 3333 1042 3385 uon
1070 3332 1109 3385 es
1135 3313 1303 3386 exiturus
1328 3313 1374 3387 de
1399 3314 1555 3408 inferno,
1574 3314 1668 3388 sicut
1685 3314 1762 3388 iste

590 3434 654 3526 qui
679 3432 777 3506 venit
802 3438 844 3504 ut
871 3431 1006 3505 referat
1035 3431 1082 3504 ad
1115 3422 1266 3522 vivosl⁶l
1301 3431 1347 3505 de
1378 3452 1524 3506 summa
1556 3433 1763 3508 infelicitate

590 3558 838 3646 peccatorum,
856 3556 894 3624 et
914 3550 965 3624 sic
991 3558 1140 3625 revocet
1156 3551 1322 3624 homines
1340 3552 1388 3624 ab
1406 3552 1472 3625 ista
1490 3553 1607 3646 patria
1626 3559 1762 3643 nostra,

592 3693 703 3766 quam
722 3691 868 3764 semper
886 3670 1044 3764 petimus
1060 3676 1097 3743 et
1114 3678 1284 3763 optamus
1302 3668 1537 3764 magnificare
1554 3676 1592 3743 et
1604 3688 1761 3763 augere3

591 3790 819 3865 undedicit:
847 3782 1102 3862 etesiarum
1132 3781 1225 3862 tntrd
1249 3810 1318 3881 per
1349 3796 1465 3880 questo
1496 3809 1621 3879 repro,
1653 3788 1756 3880 quasi

588 3910 702 3985 dicat:
730 3910 836 3983 nimis
853 3909 920 3981 suit
936 3908 1058 3981 audax
1078 3908 1115 3980 in
1133 3909 1302 3983 intrando
1323 3908 1509 3983 Internum
1528 3914 1565 3981 et
1583 3906 1761 3980 audacter

590 4028 689 4104 venit
714 4032 917 4123 hucusque,
948 4027 1011 4102 sed
1043 4048 1115 4099 non
1141 4027 1275 4121 poterit
1298 4027 1497 4122 procedere
1522 4025 1695 4116 ulterius3
1721 4031 1758 4098 et

589 4149 671 4224 ideo
696 4169 769 4223 non
794 4158 849 4224 est
879 4147 945 4220 nisi
979 4168 1096 4219 unum
1129 4146 1321 4222 consilium
1356 4146 1453 4241 quod
1469 4136 1505 4238 (⁷)
1537 4145 1685 4220 desistat
1714 4144 1762 4217 ab

590 4270 718 4344 itinere
748 4267 1155 4362 mammotrectus
1186 4266 1253 4340 ista
1286 4266 1527 4361 descriptione
1541 4257 1578 4359 (⁸)
1613 4265 1758 4358 luterni,

592 4391 688 4466 unde
706 4391 819 4465 dicit:
848 4393 904 4462 sol
926 4410 963 4461 se
985 4391 1115 4461 ritornt
1133 4410 1202 4478 per
1232 4390 1279 4459 lo·
1295 4390 1379 4481 sollo
1408 4391 1546 4478 strudo,
1572 4387 1663 4461 idest
1692 4405 1758 4480 per

653 4649 680 4708 (¹)
698 4653 751 4706 116,
768 4649 813 4710 qui
830 4648 901 4696 rivus
916 4650 981 4696 erat.
1108 4643 1136 4706 (¹)
1154 4649 1208 4704 llll,
1225 4646 1270 4708 qui
1286 4649 1351 4695 erat.
1476 4643 1503 4707 (¹)
1518 4644 1548 4694 E.
1561 4648 1590 4693 ul
1605 4643 1728 4707 placaret.

652 4724 679 4784 (⁸)
695 4724 720 4772 S.
735 4725 858 4773 iuducere
873 4724 952 4774 istum
967 4727 1086 4773 autorem
1102 4723 1128 4772 iu
1145 4723 1229 4773 istam.
1477 4723 1504 4785 (¹)
1521 4722 1551 4772 B.
1567 4720 1668 4784 placati.

641 4798 679 4861 -1“)
695 4800 728 4859 S,
745 4800 776 4850 E.
793 4813 807 4849 e
825 4805 879 4860 111,
895 4801 966 4850 vivos
982 4813 1048 4850 nora
1064 4800 1096 4849 de
1113 4813 1222 4848 summa.

652 4876 678 4939 Γ)
695 4877 724 4926 Ε.
741 4877 839 4927 scllieet
854 4876 931 4940 quod.
1108 4875 1135 4937 (⁸)
1150 4876 1181 4926 Ε.
1198 4876 1369 4940 descriptione
1386 4876 1474 4928 indm
1490 4875 1595 4926 lnlernl.
