4154 6546
595 794 664 864 tat
987 806 1189 860 conaturum
1213 807 1362 859 rnrnmu

592 962 633 1028 ut
647 953 831 1027 modicum
845 951 1007 1047 spacium
1023 957 1231 1024 remaneret
1243 951 1310 1023 sibi
1326 951 1372 1024 ad
1386 952 1648 1046 exhalandum3
1663 954 1761 1030 unde

590 1093 656 1148 aer
680 1072 728 1145 ibi
752 1072 914 1144 inclusus
939 1075 1018 1142 erat
1042 1069 1149 1141 nimis
1173 1069 1383 1142 suffocatus.
1409 1069 1587 1165 Secundo,
1614 1072 1700 1165 quia
1721 1065 1757 1164 (¹)

589 1192 654 1267 sibi
679 1192 902 1266 admiscetur
918 1211 1016 1282 aqua
1034 1189 1157 1282 maris,
1175 1209 1259 1281 quae
1275 1189 1323 1262 ibi
1346 1191 1606 1285 corrumpitur.
1625 1192 1757 1286 Tertio,

589 1311 675 1405 quia
700 1311 738 1383 in
763 1309 916 1384 circuitu
943 1310 1053 1383 babet
1069 1329 1181 1383 venas
1197 1309 1413 1403 sulphureas
1427 1300 1477 1403 (²),
1495 1331 1579 1403 quae
1595 1311 1758 1386 inficiunt

588 1452 735 1526 aquam,
762 1430 860 1504 unde
885 1436 966 1503 erat
989 1429 1038 1502 ibi
1063 1429 1174 1503 densa
1199 1427 1316 1525 caligo
1345 1435 1383 1503 et
1414 1429 1508 1504 letor
1537 1430 1759 1524 sulphureus

588 1550 681 1624 adeo
706 1548 804 1642 quod
829 1568 916 1622 aves
940 1547 1097 1642 desuper
1121 1548 1286 1622 volantes
1317 1548 1439 1622 statim
1465 1548 1692 1624 necabantur
1705 1539 1754 1639 (³).

587 1668 671 1742 ldeo
703 1667 835 1741 merito
871 1666 1088 1740 intrantibus
1120 1665 1311 1740 videbatur
1341 1667 1520 1758 Avernus,
1556 1667 1647 1741 idest
1679 1667 1756 1742 sine

586 1786 824 1861 delectatione
837 1773 886 1875 (ἢ.
912 1785 977 1859 llic
1001 1785 1168 1858 Avernus
1193 1785 1302 1859 babet
1317 1807 1432 1878 aquas
1457 1786 1696 1880 impotabiles,
1718 1793 1757 1860 et

585 1905 700 2001 gignit
723 1924 859 1999 paucos
884 1903 1009 1997 pisces,
1035 1923 1168 1998 parvos
1192 1909 1305 1997 atque
1330 1903 1464 1999 nigros,
1491 1911 1528 1978 et
1546 1906 1645 1978 nullo
1671 1904 1754 1977 usui

585 2024 748 2097 bumano
772 2021 997 2115 commodos,
1022 2021 1085 2095 sed
1117 2021 1253 2095 multos
1282 2027 1319 2095 et
1352 2023 1533 2096 maximos
1558 2022 1754 2115 aliquando

586 2142 712 2235 recipit
736 2162 759 2215 a
784 2141 878 2215 mari
902 2142 1038 2236 agitato
1063 2146 1100 2214 et
1125 2139 1280 2235 impulso
1302 2139 1337 2212 in
1359 2160 1458 2233 eum,
1477 2141 1540 2234 qui
1561 2140 1753 2214 assuefacti

585 2260 713 2336 vivunt
730 2261 788 2354 ibi,
804 2261 866 2335 sed
885 2262 1007 2334 nullus
1020 2260 1175 2353 piscator
1187 2259 1331 2333 intestat
1348 2280 1421 2333 eos.
1439 2260 1541 2334 Unde
1558 2261 1614 2333 vir
1631 2259 1753 2334 suavis
1832 2267 1835 2272 ’

584 2381 802 2474 eloquentiae
827 2381 1017 2455 Boccatius
1041 2381 1087 2454 de
1112 2380 1279 2454 Certaldo
1304 2379 1340 2452 in
1366 2400 1434 2453 suo
1451 2380 1544 2454 libro
1561 2380 1606 2454 de
1632 2381 1753 2454 dumi-

583 2499 690 2573 nibus
714 2500 836 2573 scribit
861 2520 901 2573 se
926 2499 1069 2590 vidisse,
1094 2505 1271 2594 regnante
1297 2498 1436 2572 lamoso
1454 2501 1555 2595 Rege
1579 2500 1752 2594 Roberto,

583 2622 661 2690 tam
686 2617 863 2712 grandem
892 2617 1162 2690 multitudinem
1180 2617 1331 2710 piscium
1353 2617 1508 2711 ejectam
1528 2617 1563 2691 in
1586 2619 1693 2713 ripas,
1710 2625 1753 2692 ut

583 2735 770 2810 videretur
796 2735 882 2828 quid
908 2740 1203 2828 monstmosum3
1221 2743 1257 2809 et
1273 2756 1402 2811 omnes
1418 2744 1523 2811 erant
1540 2738 1688 2832 mortui,
1715 2746 1752 2813 et

583 2855 679 2928 intus
705 2855 797 2950 nigri
812 2845 849 2946 (⁵)
874 2854 911 2926 in
937 2855 1112 2948 sulphure
1136 2853 1232 2928 letidi
1251 2855 1311 2948 ita,
1332 2857 1432 2949 quod
1455 2858 1597 2931 nullum
1614 2858 1750 2932 animal

582 2974 753 3070 gustabat
777 2993 824 3047 ex
850 2973 927 3066 illis,
953 2981 990 3047 et
1014 2973 1180 3047 dicebant
1211 2973 1278 3047 viri
1310 2975 1507 3068 prudentes
1539 2977 1678 3071 experti
1704 2977 1750 3051 de

582 3098 746 3166 contrata
781 3092 879 3184 quod
916 3112 1020 3166 venae
1049 3092 1258 3186 sulphureae
1290 3101 1526 3187 erumpentes
1556 3095 1592 3167 in
1624 3095 1745 3169 lacum

581 3216 687 3285 erant
700 3216 808 3283 tantae
825 3210 996 3284 efficacia
1010 3218 1050 3283 ut
1062 3211 1178 3305 pisces
1191 3220 1376 3286 necarent.
1389 3213 1628 3287 Crediderunt
1638 3213 1747 3288 etiam

581 3329 719 3424 antiqui
745 3329 793 3402 ibi
819 3349 898 3403 esse
923 3329 992 3403 iter
1017 3330 1062 3403 ad
1079 3330 1225 3425 interos,
1243 3331 1330 3424 quia
1352 3331 1400 3405 ibi
1422 3330 1556 3406 fiebant
1574 3332 1747 3407 sacrificia

579 3447 646 3522 diis
662 3448 897 3522 internatibus
914 3439 1137 3544 sanguine(⁶)
1157 3450 1341 3543 buman03
1363 3450 1461 3524 unde
1478 3451 1608 3543 Ulixes,
1635 3470 1745 3545 quem

580 3567 761 3641 llomerus
787 3566 888 3663 lingit
902 3557 939 3658 (⁷)
965 3569 1148 3641 viventem
1174 3568 1281 3642 ivisse
1298 3569 1344 3641 ad
1363 3570 1550 3642 lniernum
1569 3572 1617 3643 xl
1633 3571 1747 3666 Odys-

579 3707 663 3781 seae,
684 3693 726 3759 ut
746 3687 869 3781 magni
895 3688 1073 3781 sapientes
1099 3687 1303 3781 opinantur,
1330 3687 1459 3781 primo,
1478 3696 1636 3763 mactato
1662 3692 1747 3766 llel-

577 3826 715 3902 penore
745 3807 843 3880 socio
873 3826 953 3898 suo,
986 3806 1171 3879 revocavit
1203 3806 1355 3881 umbras
1386 3807 1433 3881 ab
1464 3808 1587 3883 inieris
1619 3811 1655 3883 vi
1686 3832 1746 3885 sa-

578 3926 799 4000 crificiorum
824 3934 861 4000 et
886 3925 1183 4019 incantationum,
1210 3946 1301 4017 quas
1326 3927 1507 4001 consuluit
1529 3929 1575 4002 de
1601 3929 1743 4004 tuturis.

579 4044 749 4118 Similiter
774 4051 897 4139 postea
922 4045 1050 4137 Encas,
1076 4064 1188 4137 quem
1214 4043 1384 4140 Virgilius
1409 4045 1510 4142 lingit
1530 4048 1574 4121 Vl
1591 4049 1744 4123 Eneidos

579 4163 690 4237 etiam
716 4164 897 4237 viventem
928 4163 1035 4237 ivisse
1064 4163 1110 4237 ad
1140 4163 1339 4257 Internum,
1371 4163 1560 4240 immolato
1591 4167 1744 4242 Misseno
1819 4248 1826 4261 ,

579 4283 738 4358 tubicine
759 4272 796 4374 (⁸)
828 4302 907 4375 suo,
938 4282 1033 4355 idem
1067 4281 1159 4356 iecit.
1191 4282 1261 4356 Sed
1290 4282 1461 4378 Virgilius
1489 4283 1741 4360 crudelitatem

639 4524 668 4588 (¹)
683 4527 713 4575 E.
729 4526 789 4589 quia
804 4526 847 4576 ibi.
934 4523 1008 4589 (ἺΒ.
1025 4524 1179 4590 sulphureas
1194 4526 1258 4576 adeo
1274 4526 1344 4590 quod
1359 4539 1426 4576 avec
1518 4526 1544 4590 (η
1561 4525 1592 4578 ll.
1608 4531 1742 4578 nemim.

639 4607 666 4670 (⁸)
683 4608 789 4659 Averno
804 4623 893 4670 propr.
910 4594 1029 4672 Αὀρνος,
1046 4609 1117 4673 quasi
1139 4623 1213 4659 senza
1235 4607 1336 4668 occelli,
1358 4608 1445 4659 dall’oe
1472 4611 1604 4675 privativa,
1626 4598 1744 4674 cipite,

576 4683 686 4744 accello,
708 4685 803 4746 perebo
822 4685 859 4747 gli
880 4684 982 4745 cccclii,
1004 4685 1053 4735 cbo
1073 4686 1199 4736 solanus
1218 4685 1244 4735 sl
1260 4685 1286 4735 di
1301 4697 1377 4748 sopra
1393 4685 1419 4735 di
1435 4698 1501 4747 esso,
1518 4686 1647 4736 cadamo
1663 4686 1743 4736 morti

577 4758 620 4808 du
635 4758 718 4808 latore
734 4759 783 4808 cbo
798 4758 905 4810 assim

639 4835 666 4897 (⁸)
684 4839 737 4894 tto,
754 4834 784 4883 lt
800 4848 815 4885 e
831 4834 856 4885 S.
872 4835 939 4899 nigri
955 4841 981 4887 et
998 4837 1131 4901 sulphure.
1319 4836 1346 4900 (⁸)
1361 4836 1387 4888 S.
1403 4838 1436 4887 dc
1452 4839 1582 4902 unguine.

641 4911 668 4975 Π)
684 4913 714 4963 Ε.
732 4913 809 4962 canit.
1322 4912 1349 4973 (⁸)
1364 4913 1394 4963 E.
1412 4912 1523 4964 tibicine.
