<?xml version="1.0" encoding="UTF-8"?>
<!DOCTYPE html PUBLIC "-//W3C//DTD XHTML 1.0 Transitional//EN"
    "http://www.w3.org/TR/xhtml1/DTD/xhtml1-transitional.dtd">
<html xmlns="http://www.w3.org/1999/xhtml" xml:lang="en" lang="en">
 <head>
  <title>
</title>
<meta http-equiv="Content-Type" content="text/html;charset=utf-8" />
  <meta name='ocr-system' content='tesseract 3.04.00' />
  <meta name='ocr-capabilities' content='ocr_page ocr_carea ocr_par ocr_line ocrx_word'/>
</head>
<body>
  <div class='ocr_page' id='page_1' title='image "./comentumsuperda00benvgoog_0211.png"; bbox 0 0 4154 6546; ppageno 0'>
   <div class='ocr_carea' id='block_1_1' title="bbox 863 761 1617 834">
    <p class='ocr_par' dir='ltr' id='par_1_1' title="bbox 863 761 1617 834">
     <span class='ocr_line' id='line_1_1' title="bbox 863 761 1617 834; baseline 0.001 -11"><span class='ocrx_word' id='word_1_1' title='bbox 863 766 1002 823; x_wconf 65' lang='lat' dir='ltr'>murus</span> <span class='ocrx_word' id='word_1_2' title='bbox 1026 768 1202 834; x_wconf 75' lang='lat' dir='ltr'>QUARTUS.</span> <span class='ocrx_word' id='word_1_3' title='bbox 1247 763 1249 768; x_wconf 74' lang='grc'><strong>’</strong></span> <span class='ocrx_word' id='word_1_4' title='bbox 1550 761 1617 824; x_wconf 69' lang='grc'>169</span> 
     </span>
    </p>
   </div>
   <div class='ocr_carea' id='block_1_2' title="bbox 408 912 1631 4266">
    <p class='ocr_par' dir='ltr' id='par_1_2' title="bbox 408 912 1631 4266">
     <span class='ocr_line' id='line_1_2' title="bbox 447 912 1622 1008; baseline -0.004 -16"><span class='ocrx_word' id='word_1_5' title='bbox 447 915 664 993; x_wconf 79' lang='lat' dir='ltr'>evertissent</span> <span class='ocrx_word' id='word_1_6' title='bbox 688 921 727 991; x_wconf 87' lang='lat' dir='ltr'>et</span> <span class='ocrx_word' id='word_1_7' title='bbox 752 912 866 1007; x_wconf 80' lang='lat' dir='ltr'>ipsam</span> <span class='ocrx_word' id='word_1_8' title='bbox 891 912 1107 1008; x_wconf 77' lang='lat' dir='ltr'>sapientiam</span> <span class='ocrx_word' id='word_1_9' title='bbox 1138 919 1176 988; x_wconf 84' lang='lat' dir='ltr'>et</span> <span class='ocrx_word' id='word_1_10' title='bbox 1205 913 1303 1008; x_wconf 86' lang='lat' dir='ltr'>ipsos</span> <span class='ocrx_word' id='word_1_11' title='bbox 1334 913 1525 1008; x_wconf 83' lang='lat' dir='ltr'>sapientes,</span> <span class='ocrx_word' id='word_1_12' title='bbox 1557 915 1622 987; x_wconf 86' lang='lat' dir='ltr'>nisi</span> 
     </span>
     <span class='ocr_line' id='line_1_3' title="bbox 446 1032 1623 1128; baseline -0.003 -16"><span class='ocrx_word' id='word_1_13' title='bbox 446 1036 588 1114; x_wconf 65' lang='lat' dir='ltr'>rondes</span> <span class='ocrx_word' id='word_1_14' title='bbox 610 1041 651 1111; x_wconf 85' lang='lat' dir='ltr'>et</span> <span class='ocrx_word' id='word_1_15' title='bbox 676 1034 844 1128; x_wconf 81' lang='lat' dir='ltr'>vobrptas</span> <span class='ocrx_word' id='word_1_16' title='bbox 869 1033 997 1109; x_wconf 90' lang='lat' dir='ltr'>mundi</span> <span class='ocrx_word' id='word_1_17' title='bbox 1021 1032 1201 1108; x_wconf 86' lang='lat' dir='ltr'>detineret</span> <span class='ocrx_word' id='word_1_18' title='bbox 1218 1052 1285 1108; x_wconf 86' lang='lat' dir='ltr'>eos</span> <span class='ocrx_word' id='word_1_19' title='bbox 1302 1040 1510 1128; x_wconf 74' lang='lat' dir='ltr'>occupatos,</span> <span class='ocrx_word' id='word_1_20' title='bbox 1536 1036 1623 1128; x_wconf 87' lang='lat' dir='ltr'>quia</span> 
     </span>
     <span class='ocr_line' id='line_1_4' title="bbox 446 1146 1625 1245; baseline -0.004 -9"><span class='ocrx_word' id='word_1_21' title='bbox 446 1177 519 1236; x_wconf 85' lang='lat' dir='ltr'>nou</span> <span class='ocrx_word' id='word_1_22' title='bbox 535 1155 699 1232; x_wconf 76' lang='lat' dir='ltr'>sentiunt</span> <span class='ocrx_word' id='word_1_23' title='bbox 714 1152 993 1231; x_wconf 72' lang='lat' dir='ltr'>delectationem</span> <span class='ocrx_word' id='word_1_24' title='bbox 1011 1153 1077 1228; x_wconf 86' lang='lat' dir='ltr'>nisi</span> <span class='ocrx_word' id='word_1_25' title='bbox 1091 1153 1314 1229; x_wconf 82' lang='lat' dir='ltr'>sensibilium</span> <span class='ocrx_word' id='word_1_26' title='bbox 1326 1146 1375 1245; x_wconf 81' lang='lat'>(¹).</span> <span class='ocrx_word' id='word_1_27' title='bbox 1390 1155 1493 1230; x_wconf 88' lang='lat' dir='ltr'>Unde</span> <span class='ocrx_word' id='word_1_28' title='bbox 1504 1163 1625 1231; x_wconf 87' lang='lat' dir='ltr'>mater</span> 
     </span>
     <span class='ocr_line' id='line_1_5' title="bbox 445 1274 1625 1371; baseline 0.003 -20"><span class='ocrx_word' id='word_1_29' title='bbox 445 1276 599 1353; x_wconf 81' lang='lat' dir='ltr'>Neronis</span> <span class='ocrx_word' id='word_1_30' title='bbox 624 1275 778 1352; x_wconf 84' lang='lat' dir='ltr'>retraxit</span> <span class='ocrx_word' id='word_1_31' title='bbox 804 1294 891 1348; x_wconf 89' lang='lat' dir='ltr'>enm</span> <span class='ocrx_word' id='word_1_32' title='bbox 918 1295 940 1348; x_wconf 91' lang='lat' dir='ltr'>a</span> <span class='ocrx_word' id='word_1_33' title='bbox 965 1274 1086 1348; x_wconf 87' lang='lat' dir='ltr'>studio</span> <span class='ocrx_word' id='word_1_34' title='bbox 1111 1274 1356 1370; x_wconf 77' lang='lat' dir='ltr'>philosophie,</span> <span class='ocrx_word' id='word_1_35' title='bbox 1376 1275 1500 1351; x_wconf 80' lang='lat' dir='ltr'>dicens</span> <span class='ocrx_word' id='word_1_36' title='bbox 1524 1279 1625 1371; x_wconf 88' lang='lat' dir='ltr'>quod</span> 
     </span>
     <span class='ocr_line' id='line_1_6' title="bbox 449 1395 1625 1493; baseline -0.004 -16"><span class='ocrx_word' id='word_1_37' title='bbox 449 1403 531 1477; x_wconf 73' lang='lat' dir='ltr'>erni</span> <span class='ocrx_word' id='word_1_38' title='bbox 554 1395 739 1471; x_wconf 78' lang='lat' dir='ltr'>mntrurin</span> <span class='ocrx_word' id='word_1_39' title='bbox 763 1395 970 1490; x_wconf 70' lang='lat' dir='ltr'><strong>imperanti,</strong></span> <span class='ocrx_word' id='word_1_40' title='bbox 996 1402 1039 1469; x_wconf 91' lang='lat' dir='ltr'>nt</span> <span class='ocrx_word' id='word_1_41' title='bbox 1062 1395 1148 1469; x_wconf 83' lang='lat' dir='ltr'>dicit</span> <span class='ocrx_word' id='word_1_42' title='bbox 1173 1395 1379 1470; x_wconf 80' lang='lat' dir='ltr'>Suetonius.</span> <span class='ocrx_word' id='word_1_43' title='bbox 1407 1397 1504 1493; x_wconf 81' lang='lat' dir='ltr'>Ergo</span> <span class='ocrx_word' id='word_1_44' title='bbox 1529 1397 1625 1472; x_wconf 87' lang='lat' dir='ltr'>hene</span> 
     </span>
     <span class='ocr_line' id='line_1_7' title="bbox 449 1515 1625 1612; baseline -0.001 -20"><span class='ocrx_word' id='word_1_45' title='bbox 449 1517 512 1612; x_wconf 83' lang='lat' dir='ltr'>qui</span> <span class='ocrx_word' id='word_1_46' title='bbox 539 1520 746 1610; x_wconf 85' lang='lat' dir='ltr'>sequuntur</span> <span class='ocrx_word' id='word_1_47' title='bbox 771 1535 866 1590; x_wconf 84' lang='lat' dir='ltr'>rana</span> <span class='ocrx_word' id='word_1_48' title='bbox 891 1535 966 1589; x_wconf 89' lang='lat' dir='ltr'>non</span> <span class='ocrx_word' id='word_1_49' title='bbox 992 1520 1144 1609; x_wconf 79' lang='lat' dir='ltr'><strong>possunt</strong></span> <span class='ocrx_word' id='word_1_50' title='bbox 1176 1515 1314 1589; x_wconf 86' lang='lat' dir='ltr'>intrare</span> <span class='ocrx_word' id='word_1_51' title='bbox 1344 1517 1535 1591; x_wconf 83' lang='lat' dir='ltr'>castellum</span> <span class='ocrx_word' id='word_1_52' title='bbox 1566 1539 1625 1592; x_wconf 88' lang='lat' dir='ltr'>sa-</span> 
     </span>
     <span class='ocr_line' id='line_1_8' title="bbox 448 1628 1622 1734; baseline -0.001 -24"><span class='ocrx_word' id='word_1_53' title='bbox 448 1637 604 1734; x_wconf 85' lang='lat' dir='ltr'>pientiae.</span> <span class='ocrx_word' id='word_1_54' title='bbox 634 1637 679 1710; x_wconf 79' lang='lat' dir='ltr'>ut</span> <span class='ocrx_word' id='word_1_55' title='bbox 710 1635 867 1732; x_wconf 81' lang='lat' dir='ltr'>erphent</span> <span class='ocrx_word' id='word_1_56' title='bbox 899 1641 1009 1710; x_wconf 80' lang='lat' dir='ltr'>autor</span> <span class='ocrx_word' id='word_1_57' title='bbox 1043 1656 1156 1708; x_wconf 90' lang='lat' dir='ltr'>sunm</span> <span class='ocrx_word' id='word_1_58' title='bbox 1183 1635 1375 1711; x_wconf 89' lang='lat' dir='ltr'>introitum</span> <span class='ocrx_word' id='word_1_59' title='bbox 1407 1628 1445 1728; x_wconf 81' lang='lat'>(²)</span> <span class='ocrx_word' id='word_1_60' title='bbox 1477 1637 1622 1711; x_wconf 86' lang='lat' dir='ltr'>dioens:</span> 
     </span>
     <span class='ocr_line' id='line_1_9' title="bbox 447 1756 1624 1854; baseline 0.002 -22"><span class='ocrx_word' id='word_1_61' title='bbox 447 1761 558 1832; x_wconf 78' lang='lat' dir='ltr'>intui</span> <span class='ocrx_word' id='word_1_62' title='bbox 581 1778 647 1832; x_wconf 71' lang='grc' dir='ltr'>σαι</span> <span class='ocrx_word' id='word_1_63' title='bbox 671 1759 780 1849; x_wconf 76' lang='lat' dir='ltr'>praesti</span> <span class='ocrx_word' id='word_1_64' title='bbox 800 1758 894 1831; x_wconf 84' lang='lat' dir='ltr'>sooii</span> <span class='ocrx_word' id='word_1_65' title='bbox 915 1777 985 1848; x_wconf 86' lang='lat' dir='ltr'>per</span> <span class='ocrx_word' id='word_1_66' title='bbox 1011 1761 1092 1829; x_wconf 70' lang='lat' dir='ltr'>setta</span> <span class='ocrx_word' id='word_1_67' title='bbox 1114 1763 1231 1848; x_wconf 81' lang='lat' dir='ltr'>porte,</span> <span class='ocrx_word' id='word_1_68' title='bbox 1263 1756 1365 1850; x_wconf 82' lang='lat' dir='ltr'>idest,</span> <span class='ocrx_word' id='word_1_69' title='bbox 1395 1779 1461 1853; x_wconf 88' lang='lat' dir='ltr'>per</span> <span class='ocrx_word' id='word_1_70' title='bbox 1491 1759 1624 1854; x_wconf 89' lang='lat' dir='ltr'>princi-</span> 
     </span>
     <span class='ocr_line' id='line_1_10' title="bbox 449 1874 1624 1973; baseline 0.001 -20"><span class='ocrx_word' id='word_1_71' title='bbox 449 1878 508 1973; x_wconf 88' lang='lat' dir='ltr'>pia</span> <span class='ocrx_word' id='word_1_72' title='bbox 533 1877 593 1951; x_wconf 92' lang='lat' dir='ltr'>Vll</span> <span class='ocrx_word' id='word_1_73' title='bbox 618 1876 866 1955; x_wconf 70' lang='lat' dir='ltr'><strong>scientiarum</strong></span> <span class='ocrx_word' id='word_1_74' title='bbox 889 1874 960 1951; x_wconf 91' lang='lat' dir='ltr'>Sed</span> <span class='ocrx_word' id='word_1_75' title='bbox 976 1881 1105 1950; x_wconf 86' lang='lat' dir='ltr'>eontra</span> <span class='ocrx_word' id='word_1_76' title='bbox 1130 1874 1276 1951; x_wconf 79' lang='lat' dir='ltr'>videon</span> <span class='ocrx_word' id='word_1_77' title='bbox 1300 1875 1399 1970; x_wconf 83' lang='lat' dir='ltr'>quod</span> <span class='ocrx_word' id='word_1_78' title='bbox 1424 1884 1535 1953; x_wconf 86' lang='lat' dir='ltr'>autor</span> <span class='ocrx_word' id='word_1_79' title='bbox 1558 1878 1624 1954; x_wconf 90' lang='lat' dir='ltr'>de-</span> 
     </span>
     <span class='ocr_line' id='line_1_11' title="bbox 449 1987 1625 2100; baseline -0.004 -22"><span class='ocrx_word' id='word_1_80' title='bbox 449 1999 571 2077; x_wconf 82' lang='lat' dir='ltr'>buerit</span> <span class='ocrx_word' id='word_1_81' title='bbox 595 1997 715 2093; x_wconf 87' lang='lat' dir='ltr'>potius</span> <span class='ocrx_word' id='word_1_82' title='bbox 733 1996 890 2072; x_wconf 73' lang='lat' dir='ltr'>intrasse</span> <span class='ocrx_word' id='word_1_83' title='bbox 903 1987 941 2087; x_wconf 84' lang='lat'>(³)</span> <span class='ocrx_word' id='word_1_84' title='bbox 959 1995 1114 2070; x_wconf 71' lang='lat' dir='ltr'>domm</span> <span class='ocrx_word' id='word_1_85' title='bbox 1131 1995 1365 2091; x_wconf 78' lang='lat' dir='ltr'>philosophiae</span> <span class='ocrx_word' id='word_1_86' title='bbox 1381 2017 1468 2072; x_wconf 82' lang='lat' dir='ltr'>enm</span> <span class='ocrx_word' id='word_1_87' title='bbox 1486 1999 1625 2100; x_wconf 75' lang='lat' dir='ltr'>Aristo-</span> 
     </span>
     <span class='ocr_line' id='line_1_12' title="bbox 450 2114 1624 2215; baseline -0.004 -18"><span class='ocrx_word' id='word_1_88' title='bbox 450 2120 533 2213; x_wconf 83' lang='lat' dir='ltr'>tele,</span> <span class='ocrx_word' id='word_1_89' title='bbox 560 2118 712 2194; x_wconf 64' lang='lat' dir='ltr'>moran</span> <span class='ocrx_word' id='word_1_90' title='bbox 735 2122 774 2193; x_wconf 88' lang='lat' dir='ltr'>et</span> <span class='ocrx_word' id='word_1_91' title='bbox 791 2116 953 2209; x_wconf 87' lang='lat' dir='ltr'>Platone,</span> <span class='ocrx_word' id='word_1_92' title='bbox 970 2114 1037 2208; x_wconf 80' lang='lat' dir='ltr'>qui</span> <span class='ocrx_word' id='word_1_93' title='bbox 1056 2114 1209 2190; x_wconf 78' lang='lat' dir='ltr'>tnenmt</span> <span class='ocrx_word' id='word_1_94' title='bbox 1223 2115 1440 2211; x_wconf 87' lang='lat' dir='ltr'>principales</span> <span class='ocrx_word' id='word_1_95' title='bbox 1460 2119 1624 2215; x_wconf 78' lang='lat' dir='ltr'>magistri</span> 
     </span>
     <span class='ocr_line' id='line_1_13' title="bbox 451 2227 1624 2337; baseline -0.003 -19"><span class='ocrx_word' id='word_1_96' title='bbox 451 2243 563 2337; x_wconf 79' lang='lat' dir='ltr'>ipsiru</span> <span class='ocrx_word' id='word_1_97' title='bbox 575 2227 820 2336; x_wconf 74' lang='lat' dir='ltr'>sapientiet‘),</span> <span class='ocrx_word' id='word_1_98' title='bbox 833 2245 876 2314; x_wconf 90' lang='lat' dir='ltr'>ut</span> <span class='ocrx_word' id='word_1_99' title='bbox 887 2239 1032 2314; x_wconf 87' lang='lat' dir='ltr'>dicetur</span> <span class='ocrx_word' id='word_1_100' title='bbox 1044 2239 1155 2334; x_wconf 86' lang='lat' dir='ltr'>paulo</span> <span class='ocrx_word' id='word_1_101' title='bbox 1172 2245 1262 2334; x_wconf 85' lang='lat' dir='ltr'>post.</span> <span class='ocrx_word' id='word_1_102' title='bbox 1278 2238 1331 2314; x_wconf 78' lang='lat' dir='ltr'>nd</span> <span class='ocrx_word' id='word_1_103' title='bbox 1345 2241 1415 2315; x_wconf 86' lang='lat' dir='ltr'>hoc</span> <span class='ocrx_word' id='word_1_104' title='bbox 1429 2242 1624 2317; x_wconf 77' lang='lat' dir='ltr'>dicendum</span> 
     </span>
     <span class='ocr_line' id='line_1_14' title="bbox 453 2357 1625 2456; baseline 0 -20"><span class='ocrx_word' id='word_1_105' title='bbox 453 2361 551 2456; x_wconf 81' lang='lat' dir='ltr'>qrrod</span> <span class='ocrx_word' id='word_1_106' title='bbox 575 2367 686 2436; x_wconf 88' lang='lat' dir='ltr'>antor</span> <span class='ocrx_word' id='word_1_107' title='bbox 711 2358 917 2436; x_wconf 86' lang='lat' dir='ltr'>oonsiderat</span> <span class='ocrx_word' id='word_1_108' title='bbox 942 2359 1001 2434; x_wconf 87' lang='lat' dir='ltr'>hie</span> <span class='ocrx_word' id='word_1_109' title='bbox 1024 2357 1287 2453; x_wconf 80' lang='lat' dir='ltr'>philosophiam</span> <span class='ocrx_word' id='word_1_110' title='bbox 1314 2364 1351 2434; x_wconf 85' lang='lat' dir='ltr'>et</span> <span class='ocrx_word' id='word_1_111' title='bbox 1374 2367 1474 2435; x_wconf 86' lang='lat' dir='ltr'>artes</span> <span class='ocrx_word' id='word_1_112' title='bbox 1491 2362 1625 2455; x_wconf 69' lang='lat' dir='ltr'>stride,</span> 
     </span>
     <span class='ocr_line' id='line_1_15' title="bbox 453 2468 1626 2578; baseline -0.003 -20"><span class='ocrx_word' id='word_1_113' title='bbox 453 2489 561 2578; x_wconf 83' lang='lat' dir='ltr'>prout</span> <span class='ocrx_word' id='word_1_114' title='bbox 585 2487 673 2557; x_wconf 87' lang='lat' dir='ltr'>sunt</span> <span class='ocrx_word' id='word_1_115' title='bbox 697 2479 915 2556; x_wconf 73' lang='lat' dir='ltr'>mommio</span> <span class='ocrx_word' id='word_1_116' title='bbox 939 2485 977 2554; x_wconf 84' lang='lat' dir='ltr'>et</span> <span class='ocrx_word' id='word_1_117' title='bbox 1000 2477 1210 2553; x_wconf 76' lang='lat' dir='ltr'>accomoda</span> <span class='ocrx_word' id='word_1_118' title='bbox 1223 2468 1262 2569; x_wconf 51' lang='grc' dir='ltr'>(Β)</span> <span class='ocrx_word' id='word_1_119' title='bbox 1286 2485 1405 2572; x_wconf 71' lang='lat' dir='ltr'>poetae</span> <span class='ocrx_word' id='word_1_120' title='bbox 1420 2503 1431 2575; x_wconf 80' lang='lat'>3</span> <span class='ocrx_word' id='word_1_121' title='bbox 1445 2488 1505 2554; x_wconf 84' lang='lat' dir='ltr'>est</span> <span class='ocrx_word' id='word_1_122' title='bbox 1528 2481 1626 2556; x_wconf 88' lang='lat' dir='ltr'>enim</span> 
     </span>
     <span class='ocr_line' id='line_1_16' title="bbox 456 2597 1627 2699; baseline -0.003 -21"><span class='ocrx_word' id='word_1_123' title='bbox 456 2602 595 2699; x_wconf 78' lang='lat' dir='ltr'>poetria</span> <span class='ocrx_word' id='word_1_124' title='bbox 628 2600 800 2695; x_wconf 79' lang='lat' dir='ltr'>quedam</span> <span class='ocrx_word' id='word_1_125' title='bbox 836 2599 1060 2694; x_wconf 83' lang='lat' dir='ltr'>philosophia</span> <span class='ocrx_word' id='word_1_126' title='bbox 1098 2599 1228 2673; x_wconf 81' lang='lat' dir='ltr'>velata.</span> <span class='ocrx_word' id='word_1_127' title='bbox 1267 2597 1368 2673; x_wconf 86' lang='lat' dir='ltr'>Unde</span> <span class='ocrx_word' id='word_1_128' title='bbox 1404 2605 1490 2674; x_wconf 86' lang='lat' dir='ltr'>nota</span> <span class='ocrx_word' id='word_1_129' title='bbox 1528 2601 1627 2694; x_wconf 85' lang='lat' dir='ltr'>quad</span> 
     </span>
     <span class='ocr_line' id='line_1_17' title="bbox 456 2719 1625 2818; baseline -0.003 -21"><span class='ocrx_word' id='word_1_130' title='bbox 456 2744 566 2799; x_wconf 78' lang='lat' dir='ltr'>verns</span> <span class='ocrx_word' id='word_1_131' title='bbox 600 2728 708 2818; x_wconf 87' lang='lat' dir='ltr'>poeta</span> <span class='ocrx_word' id='word_1_132' title='bbox 741 2720 851 2796; x_wconf 87' lang='lat' dir='ltr'>dehet</span> <span class='ocrx_word' id='word_1_133' title='bbox 879 2719 973 2794; x_wconf 88' lang='lat' dir='ltr'>scire</span> <span class='ocrx_word' id='word_1_134' title='bbox 1002 2739 1132 2794; x_wconf 89' lang='lat' dir='ltr'>omnes</span> <span class='ocrx_word' id='word_1_135' title='bbox 1160 2719 1339 2814; x_wconf 62' lang='lat' dir='ltr'>scientias„</span> <span class='ocrx_word' id='word_1_136' title='bbox 1369 2740 1443 2794; x_wconf 93' lang='lat' dir='ltr'>non</span> <span class='ocrx_word' id='word_1_137' title='bbox 1475 2720 1625 2815; x_wconf 86' lang='lat' dir='ltr'>quidem</span> 
     </span>
     <span class='ocr_line' id='line_1_18' title="bbox 456 2839 1629 2938; baseline 0.001 -21"><span class='ocrx_word' id='word_1_138' title='bbox 456 2843 574 2938; x_wconf 76' lang='lat' dir='ltr'>plene,</span> <span class='ocrx_word' id='word_1_139' title='bbox 598 2842 662 2920; x_wconf 87' lang='lat' dir='ltr'>sed</span> <span class='ocrx_word' id='word_1_140' title='bbox 691 2842 822 2916; x_wconf 86' lang='lat' dir='ltr'>saltem</span> <span class='ocrx_word' id='word_1_141' title='bbox 849 2839 1027 2916; x_wconf 85' lang='lat' dir='ltr'>terminos</span> <span class='ocrx_word' id='word_1_142' title='bbox 1057 2839 1224 2913; x_wconf 91' lang='lat' dir='ltr'>omnium</span> <span class='ocrx_word' id='word_1_143' title='bbox 1250 2841 1498 2916; x_wconf 84' lang='lat' dir='ltr'>scientiarum.</span> <span class='ocrx_word' id='word_1_144' title='bbox 1526 2843 1629 2918; x_wconf 89' lang='lat' dir='ltr'>Unde</span> 
     </span>
     <span class='ocr_line' id='line_1_19' title="bbox 454 2959 1626 3055; baseline -0.003 -18"><span class='ocrx_word' id='word_1_145' title='bbox 454 2962 586 3037; x_wconf 85' lang='lat' dir='ltr'>merito</span> <span class='ocrx_word' id='word_1_146' title='bbox 610 2960 831 3053; x_wconf 74' lang='lat' dir='ltr'>Aristotelen,</span> <span class='ocrx_word' id='word_1_147' title='bbox 860 2966 900 3034; x_wconf 89' lang='lat' dir='ltr'>et</span> <span class='ocrx_word' id='word_1_148' title='bbox 923 2959 1095 3033; x_wconf 84' lang='lat' dir='ltr'>lloratius</span> <span class='ocrx_word' id='word_1_149' title='bbox 1120 2960 1157 3033; x_wconf 93' lang='lat' dir='ltr'>in</span> <span class='ocrx_word' id='word_1_150' title='bbox 1181 2981 1249 3034; x_wconf 87' lang='lat' dir='ltr'>sna</span> <span class='ocrx_word' id='word_1_151' title='bbox 1279 2961 1418 3055; x_wconf 88' lang='lat' dir='ltr'>poetria</span> <span class='ocrx_word' id='word_1_152' title='bbox 1450 2962 1626 3037; x_wconf 89' lang='lat' dir='ltr'>assimilat</span> 
     </span>
     <span class='ocr_line' id='line_1_20' title="bbox 454 3071 1627 3179; baseline -0.003 -22"><span class='ocrx_word' id='word_1_153' title='bbox 454 3083 633 3179; x_wconf 65' lang='lat' dir='ltr'>medeam</span> <span class='ocrx_word' id='word_1_154' title='bbox 652 3071 689 3173; x_wconf 79' lang='lat'>(⁶)</span> <span class='ocrx_word' id='word_1_155' title='bbox 715 3080 892 3176; x_wconf 78' lang='lat' dir='ltr'>pieturae3</span> <span class='ocrx_word' id='word_1_156' title='bbox 914 3080 1010 3155; x_wconf 86' lang='lat' dir='ltr'>sicut</span> <span class='ocrx_word' id='word_1_157' title='bbox 1034 3081 1133 3155; x_wconf 90' lang='lat' dir='ltr'>enim</span> <span class='ocrx_word' id='word_1_158' title='bbox 1158 3101 1232 3154; x_wconf 90' lang='lat' dir='ltr'>non</span> <span class='ocrx_word' id='word_1_159' title='bbox 1257 3087 1375 3175; x_wconf 77' lang='lat' dir='ltr'>potest</span> <span class='ocrx_word' id='word_1_160' title='bbox 1400 3101 1481 3156; x_wconf 88' lang='lat' dir='ltr'>esse</span> <span class='ocrx_word' id='word_1_161' title='bbox 1505 3082 1627 3155; x_wconf 87' lang='lat' dir='ltr'>honus</span> 
     </span>
     <span class='ocr_line' id='line_1_21' title="bbox 454 3188 1626 3300; baseline 0 -23"><span class='ocrx_word' id='word_1_162' title='bbox 454 3206 571 3300; x_wconf 82' lang='lat' dir='ltr'>pictor</span> <span class='ocrx_word' id='word_1_163' title='bbox 594 3202 661 3297; x_wconf 82' lang='lat' dir='ltr'>qui</span> <span class='ocrx_word' id='word_1_164' title='bbox 682 3221 759 3279; x_wconf 76' lang='lat' dir='ltr'>nori</span> <span class='ocrx_word' id='word_1_165' title='bbox 783 3200 928 3276; x_wconf 81' lang='lat' dir='ltr'>noverit</span> <span class='ocrx_word' id='word_1_166' title='bbox 951 3201 998 3275; x_wconf 88' lang='lat' dir='ltr'>de</span> <span class='ocrx_word' id='word_1_167' title='bbox 1021 3200 1195 3274; x_wconf 87' lang='lat' dir='ltr'>omnihus</span> <span class='ocrx_word' id='word_1_168' title='bbox 1219 3201 1332 3277; x_wconf 83' lang='lat' dir='ltr'>rebus</span> <span class='ocrx_word' id='word_1_169' title='bbox 1355 3200 1494 3294; x_wconf 87' lang='lat' dir='ltr'>aliquid</span> <span class='ocrx_word' id='word_1_170' title='bbox 1509 3188 1559 3293; x_wconf 82' lang='lat'><strong>(⁷),</strong></span> <span class='ocrx_word' id='word_1_171' title='bbox 1578 3200 1626 3277; x_wconf 71' lang='lat' dir='ltr'>ita</span> 
     </span>
     <span class='ocr_line' id='line_1_22' title="bbox 451 3310 1629 3420; baseline -0.007 -20"><span class='ocrx_word' id='word_1_172' title='bbox 451 3337 489 3402; x_wconf 86' lang='lat' dir='ltr'>et</span> <span class='ocrx_word' id='word_1_173' title='bbox 524 3330 643 3420; x_wconf 86' lang='lat' dir='ltr'>poeta,</span> <span class='ocrx_word' id='word_1_174' title='bbox 665 3322 733 3418; x_wconf 75' lang='lat' dir='ltr'>nni</span> <span class='ocrx_word' id='word_1_175' title='bbox 763 3343 838 3397; x_wconf 80' lang='lat' dir='ltr'>nnn</span> <span class='ocrx_word' id='word_1_176' title='bbox 867 3321 1015 3397; x_wconf 81' lang='lat' dir='ltr'>seirerlt</span> <span class='ocrx_word' id='word_1_177' title='bbox 1043 3321 1089 3396; x_wconf 91' lang='lat' dir='ltr'>de</span> <span class='ocrx_word' id='word_1_178' title='bbox 1122 3321 1294 3395; x_wconf 85' lang='lat' dir='ltr'>omnihus</span> <span class='ocrx_word' id='word_1_179' title='bbox 1327 3321 1484 3395; x_wconf 83' lang='lat' dir='ltr'>scientiis</span> <span class='ocrx_word' id='word_1_180' title='bbox 1503 3310 1553 3414; x_wconf 80' lang='lat'>(⁸),</span> <span class='ocrx_word' id='word_1_181' title='bbox 1586 3327 1629 3393; x_wconf 89' lang='lat' dir='ltr'>ut</span> 
     </span>
     <span class='ocr_line' id='line_1_23' title="bbox 408 3442 1629 3540; baseline -0.005 -18"><span class='ocrx_word' id='word_1_182' title='bbox 408 3479 414 3489; x_wconf 84' lang='lat'>·</span> <span class='ocrx_word' id='word_1_183' title='bbox 456 3451 556 3540; x_wconf 79' lang='lat' dir='ltr'>patet</span> <span class='ocrx_word' id='word_1_184' title='bbox 579 3442 817 3520; x_wconf 83' lang='lat' dir='ltr'>discurrendo</span> <span class='ocrx_word' id='word_1_185' title='bbox 841 3443 880 3517; x_wconf 91' lang='lat' dir='ltr'>in</span> <span class='ocrx_word' id='word_1_186' title='bbox 904 3448 982 3517; x_wconf 84' lang='lat' dir='ltr'>toto</span> <span class='ocrx_word' id='word_1_187' title='bbox 1006 3449 1177 3538; x_wconf 83' lang='lat' dir='ltr'>poemate</span> <span class='ocrx_word' id='word_1_188' title='bbox 1202 3463 1281 3516; x_wconf 91' lang='lat' dir='ltr'>suo.</span> <span class='ocrx_word' id='word_1_189' title='bbox 1303 3443 1347 3516; x_wconf 80' lang='lat' dir='ltr'>ut</span> <span class='ocrx_word' id='word_1_190' title='bbox 1371 3442 1515 3516; x_wconf 86' lang='lat' dir='ltr'>subdit:</span> <span class='ocrx_word' id='word_1_191' title='bbox 1545 3445 1629 3516; x_wconf 75' lang='lat' dir='ltr'>Giar-</span> 
     </span>
     <span class='ocr_line' id='line_1_24' title="bbox 451 3563 1630 3659; baseline -0.003 -19"><span class='ocrx_word' id='word_1_192' title='bbox 451 3586 576 3658; x_wconf 71' lang='lat' dir='ltr'>pneno</span> <span class='ocrx_word' id='word_1_193' title='bbox 597 3569 639 3640; x_wconf 82' lang='lat' dir='ltr'>tn</span> <span class='ocrx_word' id='word_1_194' title='bbox 657 3571 769 3659; x_wconf 80' lang='lat' dir='ltr'>proto</span> <span class='ocrx_word' id='word_1_195' title='bbox 796 3567 836 3640; x_wconf 81' lang='lat' dir='ltr'>di</span> <span class='ocrx_word' id='word_1_196' title='bbox 860 3568 980 3658; x_wconf 71' lang='lat' dir='ltr'>[reem</span> <span class='ocrx_word' id='word_1_197' title='bbox 1010 3567 1176 3639; x_wconf 71' lang='lat' dir='ltr'>perdtus.</span> <span class='ocrx_word' id='word_1_198' title='bbox 1209 3565 1254 3638; x_wconf 81' lang='lat' dir='ltr'>ut</span> <span class='ocrx_word' id='word_1_199' title='bbox 1283 3564 1342 3642; x_wconf 87' lang='lat' dir='ltr'>hic</span> <span class='ocrx_word' id='word_1_200' title='bbox 1373 3563 1487 3657; x_wconf 83' lang='lat' dir='ltr'>aliqui</span> <span class='ocrx_word' id='word_1_201' title='bbox 1516 3584 1630 3658; x_wconf 89' lang='lat' dir='ltr'>expo-</span> 
     </span>
     <span class='ocr_line' id='line_1_25' title="bbox 452 3683 1630 3782; baseline -0.006 -19"><span class='ocrx_word' id='word_1_202' title='bbox 452 3694 544 3763; x_wconf 83' lang='lat' dir='ltr'>nnut</span> <span class='ocrx_word' id='word_1_203' title='bbox 568 3684 669 3782; x_wconf 70' lang='lat' dir='ltr'>quaed</span> <span class='ocrx_word' id='word_1_204' title='bbox 682 3685 784 3769; x_wconf 59' lang='lat' dir='ltr'>md</span> <span class='ocrx_word' id='word_1_205' title='bbox 799 3691 947 3780; x_wconf 84' lang='lat' dir='ltr'>pratum</span> <span class='ocrx_word' id='word_1_206' title='bbox 965 3683 1102 3781; x_wconf 84' lang='lat' dir='ltr'>figurat</span> <span class='ocrx_word' id='word_1_207' title='bbox 1118 3684 1176 3759; x_wconf 90' lang='lat' dir='ltr'>hic</span> <span class='ocrx_word' id='word_1_208' title='bbox 1193 3685 1383 3779; x_wconf 79' lang='lat' dir='ltr'>pratiram,</span> <span class='ocrx_word' id='word_1_209' title='bbox 1401 3690 1441 3758; x_wconf 86' lang='lat' dir='ltr'>et</span> <span class='ocrx_word' id='word_1_210' title='bbox 1461 3684 1630 3772; x_wconf 82' lang='lat' dir='ltr'>fluviolus</span> 
     </span>
     <span class='ocr_line' id='line_1_26' title="bbox 456 3795 1630 3902; baseline -0.007 -17"><span class='ocrx_word' id='word_1_211' title='bbox 456 3808 671 3902; x_wconf 66' lang='lat' dir='ltr'>boeotium</span> <span class='ocrx_word' id='word_1_212' title='bbox 693 3805 760 3881; x_wconf 83' lang='lat' dir='ltr'>sed</span> <span class='ocrx_word' id='word_1_213' title='bbox 788 3807 861 3883; x_wconf 86' lang='lat' dir='ltr'>boc</span> <span class='ocrx_word' id='word_1_214' title='bbox 885 3805 977 3879; x_wconf 84' lang='lat' dir='ltr'>mihi</span> <span class='ocrx_word' id='word_1_215' title='bbox 999 3826 1076 3880; x_wconf 92' lang='lat' dir='ltr'>non</span> <span class='ocrx_word' id='word_1_216' title='bbox 1100 3807 1243 3900; x_wconf 85' lang='lat' dir='ltr'>plaeet3</span> <span class='ocrx_word' id='word_1_217' title='bbox 1270 3805 1345 3879; x_wconf 89' lang='lat' dir='ltr'>imo</span> <span class='ocrx_word' id='word_1_218' title='bbox 1373 3803 1455 3878; x_wconf 84' lang='lat' dir='ltr'>diro</span> <span class='ocrx_word' id='word_1_219' title='bbox 1468 3795 1505 3895; x_wconf 77' lang='lat'>(⁸)</span> <span class='ocrx_word' id='word_1_220' title='bbox 1529 3803 1630 3896; x_wconf 86' lang='lat' dir='ltr'>quod</span> 
     </span>
     <span class='ocr_line' id='line_1_27' title="bbox 456 3923 1631 4024; baseline -0.004 -19"><span class='ocrx_word' id='word_1_221' title='bbox 456 3935 603 4024; x_wconf 74' lang='lat' dir='ltr'>predum</span> <span class='ocrx_word' id='word_1_222' title='bbox 629 3927 753 4004; x_wconf 76' lang='lat' dir='ltr'>vireas</span> <span class='ocrx_word' id='word_1_223' title='bbox 778 3925 915 4024; x_wconf 78' lang='lat' dir='ltr'>dgurat</span> <span class='ocrx_word' id='word_1_224' title='bbox 937 3926 1141 4002; x_wconf 76' lang='lat' dir='ltr'>viredinem</span> <span class='ocrx_word' id='word_1_225' title='bbox 1170 3926 1278 4003; x_wconf 81' lang='lat' dir='ltr'>lamae</span> <span class='ocrx_word' id='word_1_226' title='bbox 1308 3925 1504 3999; x_wconf 87' lang='lat' dir='ltr'>illustrium</span> <span class='ocrx_word' id='word_1_227' title='bbox 1529 3923 1631 4000; x_wconf 80' lang='lat' dir='ltr'>riro-</span> 
     </span>
     <span class='ocr_line' id='line_1_28' title="bbox 458 4045 1629 4144; baseline -0.003 -21"><span class='ocrx_word' id='word_1_228' title='bbox 458 4070 554 4144; x_wconf 84' lang='lat' dir='ltr'>mm,</span> <span class='ocrx_word' id='word_1_229' title='bbox 581 4048 672 4144; x_wconf 74' lang='lat' dir='ltr'>onia</span> <span class='ocrx_word' id='word_1_230' title='bbox 703 4047 870 4122; x_wconf 80' lang='lat' dir='ltr'>siruiliter</span> <span class='ocrx_word' id='word_1_231' title='bbox 900 4046 1072 4143; x_wconf 79' lang='lat' dir='ltr'>Virgilius</span> <span class='ocrx_word' id='word_1_232' title='bbox 1097 4047 1143 4119; x_wconf 82' lang='lat' dir='ltr'>vi</span> <span class='ocrx_word' id='word_1_233' title='bbox 1171 4045 1349 4142; x_wconf 80' lang='lat' dir='ltr'>Eneydos,</span> <span class='ocrx_word' id='word_1_234' title='bbox 1379 4051 1419 4120; x_wconf 87' lang='lat' dir='ltr'>et</span> <span class='ocrx_word' id='word_1_235' title='bbox 1447 4045 1629 4121; x_wconf 85' lang='lat' dir='ltr'>Homerus</span> 
     </span>
     <span class='ocr_line' id='line_1_29' title="bbox 458 4166 1627 4266; baseline -0.006 -21"><span class='ocrx_word' id='word_1_236' title='bbox 458 4169 508 4245; x_wconf 81' lang='lat' dir='ltr'>iti</span> <span class='ocrx_word' id='word_1_237' title='bbox 529 4168 700 4266; x_wconf 63' lang='lat' dir='ltr'>Odyssea</span> <span class='ocrx_word' id='word_1_238' title='bbox 723 4167 868 4263; x_wconf 69' lang='lat' dir='ltr'>fingunt</span> <span class='ocrx_word' id='word_1_239' title='bbox 891 4166 990 4241; x_wconf 80' lang='lat' dir='ltr'>viros</span> <span class='ocrx_word' id='word_1_240' title='bbox 1015 4167 1176 4242; x_wconf 61' lang='lat' dir='ltr'>illumres</span> <span class='ocrx_word' id='word_1_241' title='bbox 1192 4173 1291 4242; x_wconf 73' lang='lat' dir='ltr'>stare</span> <span class='ocrx_word' id='word_1_242' title='bbox 1307 4167 1344 4241; x_wconf 93' lang='lat' dir='ltr'>in</span> <span class='ocrx_word' id='word_1_243' title='bbox 1365 4173 1469 4261; x_wconf 84' lang='lat' dir='ltr'>prato</span> <span class='ocrx_word' id='word_1_244' title='bbox 1487 4166 1627 4241; x_wconf 82' lang='lat' dir='ltr'>virenti.</span> 
     </span>
    </p>
   </div>
   <div class='ocr_carea' id='block_1_3' title="bbox 458 4368 1632 4902">
    <p class='ocr_par' dir='ltr' id='par_1_3' title="bbox 518 4368 1594 4433">
     <span class='ocr_line' id='line_1_30' title="bbox 518 4368 1594 4433; baseline -0.007 -9"><span class='ocrx_word' id='word_1_245' title='bbox 518 4369 545 4432; x_wconf 75' lang='lat'>(¹)</span> <span class='ocrx_word' id='word_1_246' title='bbox 563 4375 616 4431; x_wconf 76' lang='lat' dir='ltr'>nb,</span> <span class='ocrx_word' id='word_1_247' title='bbox 633 4371 681 4423; x_wconf 79' lang='lat' dir='ltr'>nlsl</span> <span class='ocrx_word' id='word_1_248' title='bbox 696 4371 852 4424; x_wconf 79' lang='lat' dir='ltr'>sensibilem.</span> <span class='ocrx_word' id='word_1_249' title='bbox 1104 4370 1132 4431; x_wconf 64' lang='grc' dir='ltr'>(Ἴ</span> <span class='ocrx_word' id='word_1_250' title='bbox 1147 4371 1173 4422; x_wconf 85' lang='lat' dir='ltr'>S.</span> <span class='ocrx_word' id='word_1_251' title='bbox 1191 4372 1327 4422; x_wconf 78' lang='lat' dir='ltr'>introltnm</span> <span class='ocrx_word' id='word_1_252' title='bbox 1342 4369 1482 4433; x_wconf 65' lang='lat' dir='ltr'>umentia,</span> <span class='ocrx_word' id='word_1_253' title='bbox 1499 4368 1594 4418; x_wconf 81' lang='lat' dir='ltr'>dicens.</span> 
     </span>
    </p>

    <p class='ocr_par' dir='ltr' id='par_1_4' title="bbox 518 4446 1369 4510">
     <span class='ocr_line' id='line_1_31' title="bbox 518 4446 1369 4510; baseline -0.005 -10"><span class='ocrx_word' id='word_1_254' title='bbox 518 4446 547 4508; x_wconf 57' lang='grc' dir='ltr'>θ]</span> <span class='ocrx_word' id='word_1_255' title='bbox 564 4452 618 4506; x_wconf 74' lang='lat' dir='ltr'>trs,</span> <span class='ocrx_word' id='word_1_256' title='bbox 633 4449 741 4500; x_wconf 69' lang='lat' dir='ltr'>intrare⁸</span> <span class='ocrx_word' id='word_1_257' title='bbox 1104 4447 1131 4509; x_wconf 75' lang='lat'>(⁸)</span> <span class='ocrx_word' id='word_1_258' title='bbox 1146 4448 1173 4497; x_wconf 82' lang='lat' dir='ltr'>S.</span> <span class='ocrx_word' id='word_1_259' title='bbox 1190 4447 1369 4510; x_wconf 68' lang='lat' dir='ltr'>philosophie.</span> 
     </span>
    </p>

    <p class='ocr_par' dir='ltr' id='par_1_5' title="bbox 516 4523 789 4584">
     <span class='ocr_line' id='line_1_32' title="bbox 516 4523 789 4584; baseline 0 -9"><span class='ocrx_word' id='word_1_260' title='bbox 516 4523 543 4584; x_wconf 74' lang='grc' dir='ltr'>ι’)</span> <span class='ocrx_word' id='word_1_261' title='bbox 559 4523 590 4574; x_wconf 74' lang='lat' dir='ltr'>lt</span> <span class='ocrx_word' id='word_1_262' title='bbox 606 4525 789 4575; x_wconf 68' lang='lat' dir='ltr'>miste.</span> 
     </span>
    </p>

    <p class='ocr_par' dir='ltr' id='par_1_6' title="bbox 516 4598 1288 4665">
     <span class='ocr_line' id='line_1_33' title="bbox 516 4598 1288 4665; baseline -0.013 -7"><span class='ocrx_word' id='word_1_263' title='bbox 516 4598 543 4660; x_wconf 79' lang='lat' dir='ltr'>t&#39;l</span> <span class='ocrx_word' id='word_1_264' title='bbox 560 4604 614 4660; x_wconf 76' lang='lat' dir='ltr'>lu.</span> <span class='ocrx_word' id='word_1_265' title='bbox 631 4603 735 4665; x_wconf 70' lang='lat' dir='ltr'>mlum</span> <span class='ocrx_word' id='word_1_266' title='bbox 750 4601 853 4664; x_wconf 73' lang='lat' dir='ltr'>pieton.</span> <span class='ocrx_word' id='word_1_267' title='bbox 866 4627 895 4641; x_wconf 88' lang='lat'><em>-</em></span> <span class='ocrx_word' id='word_1_268' title='bbox 906 4600 933 4653; x_wconf 72' lang='grc' dir='ltr'>Β.</span> <span class='ocrx_word' id='word_1_269' title='bbox 949 4613 965 4651; x_wconf 84' lang='lat' dir='ltr'>e</span> <span class='ocrx_word' id='word_1_270' title='bbox 982 4601 1012 4650; x_wconf 82' lang='grc' dir='ltr'>Ε.</span> <span class='ocrx_word' id='word_1_271' title='bbox 1028 4600 1156 4664; x_wconf 71' lang='lat' dir='ltr'>poetria</span> <span class='ocrx_word' id='word_1_272' title='bbox 1172 4599 1288 4662; x_wconf 73' lang='lat' dir='ltr'>pletum.</span> 
     </span>
    </p>

    <p class='ocr_par' dir='ltr' id='par_1_7' title="bbox 519 4672 913 4740">
     <span class='ocr_line' id='line_1_34' title="bbox 519 4672 913 4740; baseline 0.008 -16"><span class='ocrx_word' id='word_1_273' title='bbox 519 4674 545 4735; x_wconf 66' lang='lat' dir='ltr'>(h</span> <span class='ocrx_word' id='word_1_274' title='bbox 561 4673 588 4724; x_wconf 87' lang='lat' dir='ltr'>ll.</span> <span class='ocrx_word' id='word_1_275' title='bbox 604 4672 682 4725; x_wconf 75' lang='lat' dir='ltr'>rehtu</span> <span class='ocrx_word' id='word_1_276' title='bbox 698 4674 790 4726; x_wconf 78' lang='lat' dir='ltr'>saltem</span> <span class='ocrx_word' id='word_1_277' title='bbox 807 4675 913 4740; x_wconf 66' lang='lat' dir='ltr'>uliwld.</span> 
     </span>
    </p>

    <p class='ocr_par' dir='ltr' id='par_1_8' title="bbox 458 4749 1632 4902">
     <span class='ocr_line' id='line_1_35' title="bbox 517 4749 1632 4816; baseline -0.004 -15"><span class='ocrx_word' id='word_1_278' title='bbox 517 4749 544 4810; x_wconf 85' lang='lat'>(¹)</span> <span class='ocrx_word' id='word_1_279' title='bbox 561 4754 615 4811; x_wconf 80' lang='lat' dir='ltr'>rte,</span> <span class='ocrx_word' id='word_1_280' title='bbox 632 4749 657 4801; x_wconf 82' lang='lat' dir='ltr'>S.</span> <span class='ocrx_word' id='word_1_281' title='bbox 672 4763 688 4801; x_wconf 84' lang='lat' dir='ltr'>e</span> <span class='ocrx_word' id='word_1_282' title='bbox 705 4750 736 4802; x_wconf 85' lang='lat' dir='ltr'>R.</span> <span class='ocrx_word' id='word_1_283' title='bbox 750 4751 865 4804; x_wconf 59' lang='lat' dir='ltr'>natantiis</span> <span class='ocrx_word' id='word_1_284' title='bbox 879 4752 985 4816; x_wconf 71' lang='lat' dir='ltr'>aliquid.</span> <span class='ocrx_word' id='word_1_285' title='bbox 1002 4751 1076 4802; x_wconf 83' lang='lat' dir='ltr'>Unde</span> <span class='ocrx_word' id='word_1_286' title='bbox 1092 4755 1170 4802; x_wconf 82' lang='lat' dir='ltr'>antor</span> <span class='ocrx_word' id='word_1_287' title='bbox 1185 4757 1275 4803; x_wconf 72' lang='lat' dir='ltr'>nodet</span> <span class='ocrx_word' id='word_1_288' title='bbox 1286 4757 1408 4816; x_wconf 73' lang='lat' dir='ltr'>tanqum</span> <span class='ocrx_word' id='word_1_289' title='bbox 1418 4750 1550 4815; x_wconf 71' lang='lat' dir='ltr'>periodus</span> <span class='ocrx_word' id='word_1_290' title='bbox 1559 4755 1632 4813; x_wconf 76' lang='lat' dir='ltr'>poeta</span> 
     </span>
     <span class='ocr_line' id='line_1_36' title="bbox 458 4825 1104 4902; baseline 0.005 -26"><span class='ocrx_word' id='word_1_291' title='bbox 458 4825 554 4891; x_wconf 72' lang='lat' dir='ltr'>aliquid</span> <span class='ocrx_word' id='word_1_292' title='bbox 570 4827 641 4878; x_wconf 82' lang='lat' dir='ltr'>norit</span> <span class='ocrx_word' id='word_1_293' title='bbox 656 4826 689 4878; x_wconf 84' lang='lat' dir='ltr'>de</span> <span class='ocrx_word' id='word_1_294' title='bbox 704 4828 825 4881; x_wconf 76' lang='lat' dir='ltr'>omibus</span> <span class='ocrx_word' id='word_1_295' title='bbox 841 4830 960 4889; x_wconf 73' lang='lat' dir='ltr'>sciendis,</span> <span class='ocrx_word' id='word_1_296' title='bbox 978 4835 1007 4880; x_wconf 87' lang='lat' dir='ltr'>ut</span> <span class='ocrx_word' id='word_1_297' title='bbox 1024 4833 1104 4902; x_wconf 66' lang='lat' dir='ltr'>Wil-</span> 
     </span>
    </p>
   </div>
   <div class='ocr_carea' id='block_1_4' title="bbox 522 4901 837 4970">
    <p class='ocr_par' dir='ltr' id='par_1_9' title="bbox 522 4901 837 4970">
     <span class='ocr_line' id='line_1_37' title="bbox 522 4901 837 4970; baseline -0.016 -8"><span class='ocrx_word' id='word_1_298' title='bbox 522 4901 837 4970; x_wconf 59' lang='lat' dir='ltr'>ris-acomoni.</span> 
     </span>
    </p>
   </div>
   <div class='ocr_carea' id='block_1_5' title="bbox 0 0 2098 6546">
    <p class='ocr_par' dir='ltr' id='par_1_10' title="bbox 0 0 2098 6546">
     <span class='ocr_line' id='line_1_38' title="bbox 0 0 2098 6546; baseline 0 0"><span class='ocrx_word' id='word_1_299' title='bbox 0 0 2098 6546; x_wconf 95' lang='lat' dir='ltr'> </span> 
     </span>
    </p>
   </div>
  </div>
 </body>
</html>
