4154 6546
779 834 916 889 einans
940 834 1097 890 uncinus
1121 836 1288 902 eersrns.
1523 808 1619 890 'lit

447 989 503 1057 est
527 980 822 1076 printadecima3
842 980 889 1054 oa
913 1000 988 1073 qno
1015 1001 1161 1055 summe
1188 980 1371 1054 mirantur
1396 980 1519 1076 magni
1540 999 1621 1054 ma-

448 1100 585 1195 rinarii,
610 1100 696 1194 quia
726 1119 799 1174 nen
827 1099 879 1173 sic
908 1099 948 1171 llt
980 1098 1017 1172 in
1047 1100 1202 1194 oriente,
1229 1119 1297 1174 nee
1322 1099 1478 1174 inmari
1504 1099 1621 1174 medl-

449 1227 631 1295 lerrnneo.
657 1219 697 1295 ln
722 1224 866 1292 tantum
891 1216 991 1292 enim
1018 1239 1116 1311 aqna
1143 1220 1254 1292 maris
1288 1218 1465 1293 excrescit
1489 1218 1526 1290 in
1557 1238 1621 1291 oc·

446 1339 600 1432 eluente,
618 1339 717 1432 qnod
734 1358 832 1432 sepe
852 1337 935 1411 lacit
957 1338 1107 1411 llnmina
1126 1338 1360 1413 retrocedere
1377 1359 1464 1412 cum
1486 1356 1622 1432 magne

447 1459 598 1553 &npetu
625 1457 730 1532 Unde
753 1457 790 1530 in
816 1457 955 1552 Anglia,
973 1476 1058 1549 qne
1084 1467 1139 1533 cst
1164 1457 1201 1529 in
1226 1458 1371 1532 Oceano
1396 1456 1620 1549 occidentali,

448 1579 497 1652 lta
522 1576 766 1670 supercrescit
791 1595 896 1649 mare
920 1576 1018 1670 apud
1040 1576 1222 1649 londram
1241 1577 1427 1651 civitatem
1446 1575 1621 1672 regalem,

447 1697 548 1792 qued
563 1715 661 1789 aqua
678 1694 838 1770 lluminls
854 1695 1025 1768 Thamisii
1043 1695 1321 1791 supergreditur
1338 1700 1486 1790 pentem
1502 1693 1619 1769 altum

448 1816 563 1893 valde.
590 1814 644 1889 ld
668 1815 894 1909 propesitum
920 1834 1035 1911 ergo:
1062 1816 1100 1888 in
1125 1815 1304 1910 Flandria,
1324 1835 1409 1909 quae
1433 1821 1488 1888 est
1512 1815 1620 1909 juxta

447 1933 646 2027 Oceanum,
673 1938 710 2008 et
735 1933 878 2026 respicit
896 1926 934 2025 (¹)
960 1934 997 2005 in
1035 1934 1332 2029 septentrionem,
1368 1934 1408 2006 lit
1438 1934 1487 2009 lta
1518 1931 1620 2007 tertis

448 2053 582 2148 liniue,
595 2053 695 2147 qnod
708 2052 843 2148 detegit
861 2053 945 2125 litus
962 2052 1158 2146 aliquande
1176 2073 1243 2148 per
1261 2075 1308 2126 xv
1325 2044 1362 2144 (¹)
1381 2052 1564 2144 milliaria3
1582 2058 1620 2124 et

447 2172 497 2249 ita
523 2174 689 2247 rellnnus
716 2171 897 2266 receperit
920 2178 1060 2246 terram
1088 2173 1136 2245 ita
1164 2172 1349 2265 velociter,
1376 2173 1475 2265 quod
1500 2192 1620 2263 equus

448 2293 676 2368 velocissime
687 2311 842 2365 currens
857 2309 929 2363 nen
943 2297 1063 2386 posset
1076 2290 1235 2366 evadere
1248 2292 1295 2365 ad
1309 2297 1445 2366 terram
1459 2312 1481 2366 a
1495 2280 1618 2383 tami)

447 2412 653 2505 impetuose
674 2429 841 2502 recursu,
852 2409 950 2482 unde
967 2430 1063 2502 aqna
1082 2410 1213 2484 crescit
1230 2430 1296 2504 per
1312 2410 1519 2503 quindecim
1536 2431 1620 2506 pas-

445 2551 521 2622 sus,
547 2536 585 2604 et
609 2529 690 2623 plus
722 2535 759 2602 et
785 2528 915 2601 mlnns.
943 2527 1019 2603 llec
1044 2537 1168 2603 antem
1199 2529 1329 2604 accidit
1353 2531 1558 2605 notabiliter
1583 2530 1620 2602 in

447 2648 625 2741 Flandria,
656 2647 744 2741 quin
778 2647 825 2720 ihi
856 2654 911 2723 est
940 2649 1188 2722 bassissimnm
1215 2650 1335 2723 selum
1362 2651 1557 2744 plusquam
1583 2650 1620 2722 in

446 2769 569 2862 alque
599 2773 715 2862 parte,
739 2767 838 2841 unde
862 2787 929 2842 ner
953 2774 1008 2841 est
1025 2769 1073 2841 ihi
1092 2789 1236 2843 crassus
1255 2776 1292 2844 et
1310 2770 1484 2843 humidus
1503 2770 1619 2862 valde,

447 2887 496 2961 lta
526 2886 625 2980 qued
651 2885 848 2979 aliquando
873 2887 964 2980 plnit
988 2887 1036 2960 lbi
1060 2908 1126 2981 per
1150 2908 1215 2961 sex
1242 2908 1396 2963 menses.
1419 2887 1620 2963 Flandren·

448 3026 506 3080 ses
536 3025 628 3101 ergo
652 3004 844 3100 propinqui
872 3005 965 3079 mari
991 3004 1129 3078 iaciunt
1164 3027 1316 3102 magnos
1346 3010 1405 3082 rel
1436 3009 1528 3081 altos
1554 3028 1621 3103 ng·

447 3145 567 3222 geres,
585 3144 633 3199 ne
657 3146 763 3199 mare
789 3125 941 3198 inundet
966 3130 1002 3199 et
1029 3124 1175 3198 invadat
1201 3146 1331 3199 eornm
1357 3147 1467 3222 agros
1492 3137 1529 3203 et
1553 3127 1621 3200 (le-

448 3266 544 3318 mes:
569 3251 607 3318 et
632 3264 718 3318 cum
746 3251 822 3319 teto
847 3245 916 3318 hoc
942 3243 1138 3338 aliquande
1165 3265 1268 3319 mare
1295 3245 1482 3319 inundavit
1505 3251 1618 3319 totam

447 3362 672 3459 provinciam
698 3382 854 3456 eernm3
885 3382 932 3437 ex
967 3383 1043 3456 qne
1078 3363 1240 3437 maxima
1268 3364 1462 3439 multitudo
1487 3384 1619 3438 eorum

446 3481 700 3557 oenlnratiene
711 3481 805 3556 laeta
817 3480 1115 3557 deliberaverunt
1123 3483 1250 3558 venire
1263 3484 1308 3556 ad
1322 3484 1572 3579 occupandam
1580 3471 1619 3576 (⁸)

447 3602 586 3675 ltaliam
612 3599 778 3696 reginam
807 3619 1019 3697 regnorum.
1047 3602 1118 3675 Sed
1143 3602 1230 3695 qnid
1256 3604 1350 3677 vnde
1366 3624 1434 3699 per
1449 3605 1619 3698 exempla
1688 3650 1691 3654 -

448 3724 600 3796 vewrat
624 3739 711 3793 eum
737 3721 849 3814 paule
872 3726 959 3794 ante
984 3740 1090 3795 mare
1107 3721 1343 3796 suffocaverit
1358 3723 1407 3796 ibi
1424 3725 1619 3818 plusquam

446 3838 655 3934 quindecim
691 3838 802 3912 millia
837 3839 1040 3913 hominum.
1080 3840 1179 3914 ldern
1219 3841 1355 3915 iaciunt
1392 3842 1550 3938 paduani
1582 3842 1619 3914 ln

448 3960 548 4034 ltalia
569 3960 677 4054 juxta
701 3957 856 4032 lluvium
881 3977 1025 4053 eornm,
1060 3960 1123 4053 qui
1157 3960 1290 4037 dicitnr
1315 3962 1460 4056 Brenta,
1490 3969 1619 4037 eontra

447 4079 681 4154 alluvionem.
696 4079 772 4152 llec
788 4078 976 4173 praemlsso
994 4100 1092 4153 nnnc
1109 4079 1237 4155 ordina
1254 4080 1306 4155 sic
1322 4081 1484 4156 literam:
1502 4086 1616 4174 metit,

448 4199 584 4274 scillcet
612 4219 767 4296 aggeres
797 4199 861 4293 qul
886 4206 992 4273 erant
1016 4220 1063 4273 ex
1090 4204 1251 4293 utraque
1275 4207 1379 4295 parte
1404 4193 1615 4295 llumlnlsfft

448 4319 703 4416 phlegetontis,
733 4341 823 4392 eren
848 4323 930 4414 sulti
959 4341 984 4392 e
1014 4323 1081 4393 tale
1105 4323 1270 4412 imagine,
1297 4320 1388 4394 idest
1412 4321 1617 4396 similitudi-

449 4459 545 4531 nem,
568 4441 664 4530 quali
682 4442 939 4531 ifiammiaplri,
961 4439 1024 4533 qni
1041 4439 1128 4513 elim
1148 4439 1267 4513 venati
1284 4445 1370 4513 snut
1386 4439 1540 4534 oimbn'3
1568 4448 1617 4514 te-

510 4625 537 4685 (2)
553 4622 583 4672 E.
601 4623 705 4685 resplrlt
721 4623 930 4685 septentrionem.
1116 4623 1146 4686 Γ)
1163 4623 1193 4674 ll.
1208 4635 1258 4687 par
1271 4624 1387 4687 ΜΨ
1401 4622 1532 4675 milliaria.
1656 4655 1660 4662 ·

509 4694 536 4758 (⁸)
553 4698 583 4747 Ε.
599 4710 615 4747 a
632 4702 684 4748 tn
700 4697 800 4748 lurion
815 4712 904 4760 eum,
920 4699 989 4750 nuda
1005 4712 1072 4763 aqna
1087 4701 1182 4750 «σωκ
1197 4712 1244 4763 per
1259 4700 1374 4764 qums
1389 4698 1471 4750 nlllla
1486 4713 1617 4764 meum,

445 4778 472 4822 st
488 4771 547 4838 plns
562 4776 589 4823 et
604 4773 691 4823 mian
706 4773 852 4837 aliquunde.
869 4773 928 4825 llec
943 4780 1040 4825 autem.

509 4848 535 4912 θ)
551 4848 582 4898 B.
599 4849 632 4898 ad
647 4849 944 4912 mundanalium
961 4851 1076 4914 regim
1091 4863 1194 4901 eornm.
1211 4849 1271 4903 M.

447 4971 451 4979 .
505 4923 536 4988 θ
553 4929 607 4986 lie,
622 4926 696 4977 Μὴ·
711 4926 834 4977 fluminis.
