<?xml version="1.0" encoding="UTF-8"?>
<!DOCTYPE html PUBLIC "-//W3C//DTD XHTML 1.0 Transitional//EN"
    "http://www.w3.org/TR/xhtml1/DTD/xhtml1-transitional.dtd">
<html xmlns="http://www.w3.org/1999/xhtml" xml:lang="en" lang="en">
 <head>
  <title>
</title>
<meta http-equiv="Content-Type" content="text/html;charset=utf-8" />
  <meta name='ocr-system' content='tesseract 3.04.00' />
  <meta name='ocr-capabilities' content='ocr_page ocr_carea ocr_par ocr_line ocrx_word'/>
</head>
<body>
  <div class='ocr_page' id='page_1' title='image "./comentumsuperda00benvgoog_0591.png"; bbox 0 0 4154 6546; ppageno 0'>
   <div class='ocr_carea' id='block_1_1' title="bbox 452 776 1328 848">
    <p class='ocr_par' dir='ltr' id='par_1_1' title="bbox 452 776 1328 848">
     <span class='ocr_line' id='line_1_1' title="bbox 452 776 1328 848; baseline -0.009 -1"><span class='ocrx_word' id='word_1_1' title='bbox 452 776 524 847; x_wconf 70' lang='lat'>542</span> <span class='ocrx_word' id='word_1_2' title='bbox 850 793 1054 848; x_wconf 81' lang='lat' dir='ltr'>conunrun</span> <span class='ocrx_word' id='word_1_3' title='bbox 1078 794 1229 847; x_wconf 81' lang='lat' dir='ltr'>rnrnnru</span> <span class='ocrx_word' id='word_1_4' title='bbox 1326 836 1328 839; x_wconf 78' lang='grc'><strong>,</strong></span> 
     </span>
    </p>
   </div>
   <div class='ocr_carea' id='block_1_2' title="bbox 446 937 1639 4517">
    <p class='ocr_par' dir='ltr' id='par_1_2' title="bbox 448 937 1639 3529">
     <span class='ocr_line' id='line_1_2' title="bbox 449 937 1624 1036; baseline 0.004 -26"><span class='ocrx_word' id='word_1_5' title='bbox 449 937 530 1010; x_wconf 91' lang='lat' dir='ltr'>buit</span> <span class='ocrx_word' id='word_1_6' title='bbox 555 938 653 1012; x_wconf 91' lang='lat' dir='ltr'>enim</span> <span class='ocrx_word' id='word_1_7' title='bbox 680 939 874 1013; x_wconf 88' lang='lat' dir='ltr'>mulierem</span> <span class='ocrx_word' id='word_1_8' title='bbox 901 940 1075 1032; x_wconf 79' lang='lat' dir='ltr'>ferocem,</span> <span class='ocrx_word' id='word_1_9' title='bbox 1101 958 1186 1012; x_wconf 91' lang='lat' dir='ltr'>cum</span> <span class='ocrx_word' id='word_1_10' title='bbox 1214 958 1289 1032; x_wconf 85' lang='lat' dir='ltr'>qua</span> <span class='ocrx_word' id='word_1_11' title='bbox 1314 939 1441 1015; x_wconf 88' lang='lat' dir='ltr'>vivere</span> <span class='ocrx_word' id='word_1_12' title='bbox 1465 961 1538 1015; x_wconf 92' lang='lat' dir='ltr'>non</span> <span class='ocrx_word' id='word_1_13' title='bbox 1555 962 1624 1036; x_wconf 92' lang='lat' dir='ltr'>po·</span> 
     </span>
     <span class='ocr_line' id='line_1_3' title="bbox 450 1055 1624 1155; baseline 0.003 -24"><span class='ocrx_word' id='word_1_14' title='bbox 450 1064 546 1131; x_wconf 84' lang='lat' dir='ltr'>terat</span> <span class='ocrx_word' id='word_1_15' title='bbox 555 1081 565 1150; x_wconf 89' lang='lat'>;</span> <span class='ocrx_word' id='word_1_16' title='bbox 596 1055 678 1131; x_wconf 87' lang='lat' dir='ltr'>ideo</span> <span class='ocrx_word' id='word_1_17' title='bbox 707 1058 804 1132; x_wconf 90' lang='lat' dir='ltr'>dedit</span> <span class='ocrx_word' id='word_1_18' title='bbox 833 1076 873 1132; x_wconf 85' lang='lat' dir='ltr'>se</span> <span class='ocrx_word' id='word_1_19' title='bbox 903 1057 1126 1153; x_wconf 82' lang='lat' dir='ltr'>turpitudini.</span> <span class='ocrx_word' id='word_1_20' title='bbox 1160 1057 1263 1132; x_wconf 84' lang='lat' dir='ltr'>Unde</span> <span class='ocrx_word' id='word_1_21' title='bbox 1288 1065 1462 1133; x_wconf 83' lang='lat' dir='ltr'><strong>narratur</strong></span> <span class='ocrx_word' id='word_1_22' title='bbox 1490 1059 1537 1134; x_wconf 90' lang='lat' dir='ltr'>de</span> <span class='ocrx_word' id='word_1_23' title='bbox 1565 1080 1624 1155; x_wconf 86' lang='lat' dir='ltr'>oo,</span> 
     </span>
     <span class='ocr_line' id='line_1_4' title="bbox 450 1176 1624 1273; baseline 0.006 -26"><span class='ocrx_word' id='word_1_24' title='bbox 450 1176 549 1269; x_wconf 91' lang='lat' dir='ltr'>quod</span> <span class='ocrx_word' id='word_1_25' title='bbox 567 1196 654 1250; x_wconf 89' lang='lat' dir='ltr'>cum</span> <span class='ocrx_word' id='word_1_26' title='bbox 674 1179 788 1252; x_wconf 90' lang='lat' dir='ltr'>semel</span> <span class='ocrx_word' id='word_1_27' title='bbox 805 1177 1063 1252; x_wconf 80' lang='lat' dir='ltr'>introduxisset</span> <span class='ocrx_word' id='word_1_28' title='bbox 1076 1197 1234 1272; x_wconf 89' lang='lat' dir='ltr'>puerum</span> <span class='ocrx_word' id='word_1_29' title='bbox 1249 1177 1285 1251; x_wconf 94' lang='lat' dir='ltr'>in</span> <span class='ocrx_word' id='word_1_30' title='bbox 1298 1197 1487 1252; x_wconf 86' lang='lat' dir='ltr'>cameram</span> <span class='ocrx_word' id='word_1_31' title='bbox 1505 1200 1624 1273; x_wconf 88' lang='lat' dir='ltr'>suam,</span> 
     </span>
     <span class='ocr_line' id='line_1_5' title="bbox 450 1295 1627 1392; baseline 0.007 -24"><span class='ocrx_word' id='word_1_32' title='bbox 450 1295 517 1369; x_wconf 82' lang='lat' dir='ltr'>ista</span> <span class='ocrx_word' id='word_1_33' title='bbox 535 1296 668 1370; x_wconf 90' lang='lat' dir='ltr'>mulier</span> <span class='ocrx_word' id='word_1_34' title='bbox 686 1296 882 1370; x_wconf 81' lang='lat' dir='ltr'>furibunda</span> <span class='ocrx_word' id='word_1_35' title='bbox 901 1297 1065 1371; x_wconf 85' lang='lat' dir='ltr'>cucurrit</span> <span class='ocrx_word' id='word_1_36' title='bbox 1082 1296 1128 1370; x_wconf 91' lang='lat' dir='ltr'>ad</span> <span class='ocrx_word' id='word_1_37' title='bbox 1148 1296 1344 1371; x_wconf 80' lang='lat' dir='ltr'>fenestram</span> <span class='ocrx_word' id='word_1_38' title='bbox 1361 1297 1484 1392; x_wconf 86' lang='lat' dir='ltr'>palatii</span> <span class='ocrx_word' id='word_1_39' title='bbox 1501 1299 1571 1392; x_wconf 88' lang='lat' dir='ltr'>sui,</span> <span class='ocrx_word' id='word_1_40' title='bbox 1589 1309 1627 1376; x_wconf 86' lang='lat' dir='ltr'>et</span> 
     </span>
     <span class='ocr_line' id='line_1_6' title="bbox 449 1409 1629 1510; baseline 0.004 -21"><span class='ocrx_word' id='word_1_41' title='bbox 449 1415 560 1510; x_wconf 89' lang='lat' dir='ltr'>coepit</span> <span class='ocrx_word' id='word_1_42' title='bbox 578 1417 740 1491; x_wconf 89' lang='lat' dir='ltr'>clamare</span> <span class='ocrx_word' id='word_1_43' title='bbox 757 1439 802 1492; x_wconf 86' lang='lat' dir='ltr'>ex</span> <span class='ocrx_word' id='word_1_44' title='bbox 820 1409 857 1508; x_wconf 83' lang='lat'>(¹)</span> <span class='ocrx_word' id='word_1_45' title='bbox 874 1418 946 1492; x_wconf 87' lang='lat' dir='ltr'>alta</span> <span class='ocrx_word' id='word_1_46' title='bbox 966 1434 1080 1491; x_wconf 68' lang='lat' dir='ltr'>voce‘:</span> <span class='ocrx_word' id='word_1_47' title='bbox 1099 1420 1150 1491; x_wconf 87' lang='lat' dir='ltr'>od</span> <span class='ocrx_word' id='word_1_48' title='bbox 1164 1420 1292 1509; x_wconf 65' lang='lat' dir='ltr'>ionem,</span> <span class='ocrx_word' id='word_1_49' title='bbox 1310 1420 1361 1491; x_wconf 86' lang='lat' dir='ltr'>od</span> <span class='ocrx_word' id='word_1_50' title='bbox 1375 1416 1501 1509; x_wconf 66' lang='lat' dir='ltr'>ionem.</span> <span class='ocrx_word' id='word_1_51' title='bbox 1524 1422 1629 1495; x_wconf 90' lang='lat' dir='ltr'>Tunc</span> 
     </span>
     <span class='ocr_line' id='line_1_7' title="bbox 454 1536 1627 1634; baseline 0.005 -25"><span class='ocrx_word' id='word_1_52' title='bbox 454 1536 759 1610; x_wconf 87' lang='lat' dir='ltr'>concurrentibus</span> <span class='ocrx_word' id='word_1_53' title='bbox 785 1537 922 1631; x_wconf 84' lang='lat' dir='ltr'>vicinis,</span> <span class='ocrx_word' id='word_1_54' title='bbox 949 1537 1016 1611; x_wconf 86' lang='lat' dir='ltr'>iste</span> <span class='ocrx_word' id='word_1_55' title='bbox 1041 1536 1200 1611; x_wconf 84' lang='lat' dir='ltr'>lacobus</span> <span class='ocrx_word' id='word_1_56' title='bbox 1224 1557 1396 1633; x_wconf 82' lang='lat' dir='ltr'>egressus</span> <span class='ocrx_word' id='word_1_57' title='bbox 1426 1558 1627 1634; x_wconf 84' lang='lat' dir='ltr'>cameram,</span> 
     </span>
     <span class='ocr_line' id='line_1_8' title="bbox 450 1657 1626 1750; baseline 0.003 -19"><span class='ocrx_word' id='word_1_58' title='bbox 450 1657 559 1750; x_wconf 87' lang='lat' dir='ltr'>ooepit</span> <span class='ocrx_word' id='word_1_59' title='bbox 592 1657 725 1730; x_wconf 91' lang='lat' dir='ltr'>minari</span> <span class='ocrx_word' id='word_1_60' title='bbox 760 1658 870 1731; x_wconf 86' lang='lat' dir='ltr'>uxori</span> <span class='ocrx_word' id='word_1_61' title='bbox 903 1663 1079 1749; x_wconf 90' lang='lat' dir='ltr'>mortem;</span> <span class='ocrx_word' id='word_1_62' title='bbox 1113 1663 1151 1730; x_wconf 88' lang='lat' dir='ltr'>at</span> <span class='ocrx_word' id='word_1_63' title='bbox 1180 1658 1239 1732; x_wconf 92' lang='lat' dir='ltr'>illa</span> <span class='ocrx_word' id='word_1_64' title='bbox 1271 1658 1415 1732; x_wconf 89' lang='lat' dir='ltr'>rediens</span> <span class='ocrx_word' id='word_1_65' title='bbox 1446 1658 1493 1734; x_wconf 86' lang='lat' dir='ltr'>ad</span> <span class='ocrx_word' id='word_1_66' title='bbox 1523 1659 1626 1734; x_wconf 90' lang='lat' dir='ltr'>lene-</span> 
     </span>
     <span class='ocr_line' id='line_1_9' title="bbox 449 1776 1625 1873; baseline 0.005 -25"><span class='ocrx_word' id='word_1_67' title='bbox 449 1785 577 1869; x_wconf 87' lang='lat' dir='ltr'>stram,</span> <span class='ocrx_word' id='word_1_68' title='bbox 602 1777 764 1850; x_wconf 85' lang='lat' dir='ltr'>clamare</span> <span class='ocrx_word' id='word_1_69' title='bbox 789 1776 915 1871; x_wconf 87' lang='lat' dir='ltr'>coepit:</span> <span class='ocrx_word' id='word_1_70' title='bbox 943 1797 1015 1850; x_wconf 93' lang='lat' dir='ltr'>non</span> <span class='ocrx_word' id='word_1_71' title='bbox 1041 1777 1204 1871; x_wconf 85' lang='lat' dir='ltr'>veniatis,</span> <span class='ocrx_word' id='word_1_72' title='bbox 1222 1777 1309 1870; x_wconf 89' lang='lat' dir='ltr'>qnia</span> <span class='ocrx_word' id='word_1_73' title='bbox 1332 1777 1424 1873; x_wconf 80' lang='lat' dir='ltr'>iguis</span> <span class='ocrx_word' id='word_1_74' title='bbox 1442 1778 1625 1854; x_wconf 79' lang='lat' dir='ltr'>extinctus</span> 
     </span>
     <span class='ocr_line' id='line_1_10' title="bbox 449 1888 1624 1991; baseline 0.002 -21"><span class='ocrx_word' id='word_1_75' title='bbox 449 1902 515 1970; x_wconf 89' lang='lat' dir='ltr'>est.</span> <span class='ocrx_word' id='word_1_76' title='bbox 541 1896 585 1968; x_wconf 85' lang='lat' dir='ltr'>Et</span> <span class='ocrx_word' id='word_1_77' title='bbox 610 1896 661 1970; x_wconf 92' lang='lat' dir='ltr'>sic</span> <span class='ocrx_word' id='word_1_78' title='bbox 679 1903 765 1969; x_wconf 87' lang='lat' dir='ltr'>uota</span> <span class='ocrx_word' id='word_1_79' title='bbox 787 1917 873 1970; x_wconf 89' lang='lat' dir='ltr'>cum</span> <span class='ocrx_word' id='word_1_80' title='bbox 895 1902 1032 1990; x_wconf 88' lang='lat' dir='ltr'>quanta</span> <span class='ocrx_word' id='word_1_81' title='bbox 1053 1897 1200 1971; x_wconf 85' lang='lat' dir='ltr'>solertia</span> <span class='ocrx_word' id='word_1_82' title='bbox 1222 1902 1257 1971; x_wconf 88' lang='lat' dir='ltr'>et</span> <span class='ocrx_word' id='word_1_83' title='bbox 1274 1897 1468 1991; x_wconf 85' lang='lat' dir='ltr'>prudentia</span> <span class='ocrx_word' id='word_1_84' title='bbox 1490 1888 1527 1989; x_wconf 79' lang='lat'>(²)</span> <span class='ocrx_word' id='word_1_85' title='bbox 1554 1898 1624 1972; x_wconf 89' lang='lat' dir='ltr'>viri</span> 
     </span>
     <span class='ocr_line' id='line_1_11' title="bbox 448 2014 1625 2110; baseline 0.004 -23"><span class='ocrx_word' id='word_1_86' title='bbox 448 2014 606 2089; x_wconf 82' lang='lat' dir='ltr'>debeant</span> <span class='ocrx_word' id='word_1_87' title='bbox 632 2015 768 2089; x_wconf 87' lang='lat' dir='ltr'>ducere</span> <span class='ocrx_word' id='word_1_88' title='bbox 794 2035 940 2109; x_wconf 82' lang='lat' dir='ltr'>uxores.</span> <span class='ocrx_word' id='word_1_89' title='bbox 968 2014 1068 2109; x_wconf 81' lang='lat' dir='ltr'>vide,</span> <span class='ocrx_word' id='word_1_90' title='bbox 1094 2016 1140 2089; x_wconf 91' lang='lat' dir='ltr'>ad</span> <span class='ocrx_word' id='word_1_91' title='bbox 1165 2016 1253 2110; x_wconf 91' lang='lat' dir='ltr'>quid</span> <span class='ocrx_word' id='word_1_92' title='bbox 1269 2016 1458 2091; x_wconf 87' lang='lat' dir='ltr'>devenerit</span> <span class='ocrx_word' id='word_1_93' title='bbox 1474 2017 1542 2092; x_wconf 87' lang='lat' dir='ltr'>iste</span> <span class='ocrx_word' id='word_1_94' title='bbox 1558 2038 1625 2092; x_wconf 87' lang='lat' dir='ltr'>va·-</span> 
     </span>
     <span class='ocr_line' id='line_1_12' title="bbox 450 2134 1625 2230; baseline 0.004 -23"><span class='ocrx_word' id='word_1_95' title='bbox 450 2134 528 2208; x_wconf 92' lang='lat' dir='ltr'>lens</span> <span class='ocrx_word' id='word_1_96' title='bbox 558 2135 673 2209; x_wconf 89' lang='lat' dir='ltr'>miles.</span> <span class='ocrx_word' id='word_1_97' title='bbox 701 2137 797 2210; x_wconf 88' lang='lat' dir='ltr'>llere</span> <span class='ocrx_word' id='word_1_98' title='bbox 821 2136 989 2210; x_wconf 84' lang='lat' dir='ltr'>acerbior</span> <span class='ocrx_word' id='word_1_99' title='bbox 1017 2156 1127 2230; x_wconf 87' lang='lat' dir='ltr'>poena</span> <span class='ocrx_word' id='word_1_100' title='bbox 1159 2135 1287 2210; x_wconf 89' lang='lat' dir='ltr'>inlerni</span> <span class='ocrx_word' id='word_1_101' title='bbox 1319 2143 1375 2210; x_wconf 88' lang='lat' dir='ltr'>est</span> <span class='ocrx_word' id='word_1_102' title='bbox 1406 2138 1528 2211; x_wconf 87' lang='lat' dir='ltr'>suavis</span> <span class='ocrx_word' id='word_1_103' title='bbox 1563 2158 1625 2213; x_wconf 90' lang='lat' dir='ltr'>re·</span> 
     </span>
     <span class='ocr_line' id='line_1_13' title="bbox 448 2255 1639 2367; baseline 0.003 -41"><span class='ocrx_word' id='word_1_104' title='bbox 448 2261 574 2348; x_wconf 90' lang='lat' dir='ltr'>spectu</span> <span class='ocrx_word' id='word_1_105' title='bbox 606 2255 729 2328; x_wconf 88' lang='lat' dir='ltr'>malae·</span> <span class='ocrx_word' id='word_1_106' title='bbox 745 2256 889 2349; x_wconf 81' lang='lat' dir='ltr'>uxoris3</span> <span class='ocrx_word' id='word_1_107' title='bbox 922 2276 988 2351; x_wconf 87' lang='lat' dir='ltr'>per</span> <span class='ocrx_word' id='word_1_108' title='bbox 1013 2255 1109 2329; x_wconf 88' lang='lat' dir='ltr'>diem</span> <span class='ocrx_word' id='word_1_109' title='bbox 1136 2275 1210 2328; x_wconf 93' lang='lat' dir='ltr'>non</span> <span class='ocrx_word' id='word_1_110' title='bbox 1237 2255 1348 2330; x_wconf 86' lang='lat' dir='ltr'>hahes</span> <span class='ocrx_word' id='word_1_111' title='bbox 1377 2255 1531 2348; x_wconf 85' lang='lat' dir='ltr'>bonum,</span> <span class='ocrx_word' id='word_1_112' title='bbox 1557 2277 1639 2367; x_wconf 59' lang='lat' dir='ltr'>per,</span> 
     </span>
     <span class='ocr_line' id='line_1_14' title="bbox 450 2374 1624 2469; baseline 0.003 -23"><span class='ocrx_word' id='word_1_113' title='bbox 450 2383 596 2449; x_wconf 87' lang='lat' dir='ltr'>noctem</span> <span class='ocrx_word' id='word_1_114' title='bbox 618 2374 732 2469; x_wconf 88' lang='lat' dir='ltr'>peius.</span> <span class='ocrx_word' id='word_1_115' title='bbox 759 2374 851 2448; x_wconf 87' lang='lat' dir='ltr'>Dicit</span> <span class='ocrx_word' id='word_1_116' title='bbox 876 2394 967 2469; x_wconf 82' lang='lat' dir='ltr'>ergo</span> <span class='ocrx_word' id='word_1_117' title='bbox 993 2374 1059 2448; x_wconf 88' lang='lat' dir='ltr'>iste</span> <span class='ocrx_word' id='word_1_118' title='bbox 1084 2374 1218 2448; x_wconf 90' lang='lat' dir='ltr'>dese:</span> <span class='ocrx_word' id='word_1_119' title='bbox 1245 2382 1278 2447; x_wconf 85' lang='lat' dir='ltr'>et</span> <span class='ocrx_word' id='word_1_120' title='bbox 1300 2377 1335 2447; x_wconf 82' lang='lat' dir='ltr'>io</span> <span class='ocrx_word' id='word_1_121' title='bbox 1360 2377 1420 2449; x_wconf 85' lang='lat' dir='ltr'>clle</span> <span class='ocrx_word' id='word_1_122' title='bbox 1438 2385 1543 2468; x_wconf 81' lang='lat' dir='ltr'>posto</span> <span class='ocrx_word' id='word_1_123' title='bbox 1558 2397 1624 2450; x_wconf 82' lang='lat' dir='ltr'>son</span> 
     </span>
     <span class='ocr_line' id='line_1_15' title="bbox 452 2493 1626 2590; baseline 0.006 -26"><span class='ocrx_word' id='word_1_124' title='bbox 452 2513 517 2564; x_wconf 82' lang='lat' dir='ltr'>con</span> <span class='ocrx_word' id='word_1_125' title='bbox 535 2496 613 2565; x_wconf 84' lang='lat' dir='ltr'>loro</span> <span class='ocrx_word' id='word_1_126' title='bbox 633 2496 671 2565; x_wconf 84' lang='lat' dir='ltr'>in</span> <span class='ocrx_word' id='word_1_127' title='bbox 695 2514 808 2584; x_wconf 86' lang='lat' dir='ltr'>croce,</span> <span class='ocrx_word' id='word_1_128' title='bbox 835 2493 926 2568; x_wconf 91' lang='lat' dir='ltr'>idest</span> <span class='ocrx_word' id='word_1_129' title='bbox 943 2494 980 2565; x_wconf 92' lang='lat' dir='ltr'>in</span> <span class='ocrx_word' id='word_1_130' title='bbox 998 2494 1127 2567; x_wconf 91' lang='lat' dir='ltr'>eodem</span> <span class='ocrx_word' id='word_1_131' title='bbox 1146 2494 1313 2571; x_wconf 89' lang='lat' dir='ltr'>cruciatu</span> <span class='ocrx_word' id='word_1_132' title='bbox 1330 2502 1367 2570; x_wconf 86' lang='lat' dir='ltr'>ct</span> <span class='ocrx_word' id='word_1_133' title='bbox 1383 2516 1504 2590; x_wconf 87' lang='lat' dir='ltr'>poena,</span> <span class='ocrx_word' id='word_1_134' title='bbox 1530 2497 1626 2571; x_wconf 85' lang='lat' dir='ltr'>sicut</span> 
     </span>
     <span class='ocr_line' id='line_1_16' title="bbox 451 2613 1624 2710; baseline 0.004 -26"><span class='ocrx_word' id='word_1_135' title='bbox 451 2633 535 2685; x_wconf 92' lang='lat' dir='ltr'>sum</span> <span class='ocrx_word' id='word_1_136' title='bbox 560 2613 670 2684; x_wconf 92' lang='lat' dir='ltr'>simul</span> <span class='ocrx_word' id='word_1_137' title='bbox 696 2633 781 2686; x_wconf 92' lang='lat' dir='ltr'>cum</span> <span class='ocrx_word' id='word_1_138' title='bbox 809 2614 860 2687; x_wconf 90' lang='lat' dir='ltr'>eis</span> <span class='ocrx_word' id='word_1_139' title='bbox 886 2613 923 2687; x_wconf 96' lang='lat' dir='ltr'>in</span> <span class='ocrx_word' id='word_1_140' title='bbox 949 2613 1077 2687; x_wconf 86' lang='lat' dir='ltr'>eodem</span> <span class='ocrx_word' id='word_1_141' title='bbox 1097 2614 1268 2709; x_wconf 88' lang='lat' dir='ltr'>tripudio,</span> <span class='ocrx_word' id='word_1_142' title='bbox 1282 2618 1337 2710; x_wconf 80' lang='lat' dir='ltr'>sui</span> <span class='ocrx_word' id='word_1_143' title='bbox 1354 2621 1488 2708; x_wconf 81' lang='lat' dir='ltr'>Jacopo</span> <span class='ocrx_word' id='word_1_144' title='bbox 1505 2619 1624 2689; x_wconf 75' lang='lat' dir='ltr'>Rust‘·</span> 
     </span>
     <span class='ocr_line' id='line_1_17' title="bbox 450 2731 1624 2828; baseline 0.003 -23"><span class='ocrx_word' id='word_1_145' title='bbox 450 2735 554 2825; x_wconf 71' lang='lat' dir='ltr'>cneci,</span> <span class='ocrx_word' id='word_1_146' title='bbox 575 2738 611 2806; x_wconf 89' lang='lat' dir='ltr'>et</span> <span class='ocrx_word' id='word_1_147' title='bbox 637 2752 724 2806; x_wconf 90' lang='lat' dir='ltr'>ecce</span> <span class='ocrx_word' id='word_1_148' title='bbox 748 2753 915 2826; x_wconf 83' lang='lat' dir='ltr'>causam,</span> <span class='ocrx_word' id='word_1_149' title='bbox 933 2755 952 2805; x_wconf 86' lang='lat' dir='ltr'>e</span> <span class='ocrx_word' id='word_1_150' title='bbox 968 2741 1062 2806; x_wconf 80' lang='lat' dir='ltr'>cerlo</span> <span class='ocrx_word' id='word_1_151' title='bbox 1087 2737 1124 2807; x_wconf 87' lang='lat' dir='ltr'>la</span> <span class='ocrx_word' id='word_1_152' title='bbox 1145 2737 1237 2826; x_wconf 81' lang='lat' dir='ltr'>fiera</span> <span class='ocrx_word' id='word_1_153' title='bbox 1255 2738 1381 2826; x_wconf 76' lang='lat' dir='ltr'>moplic</span> <span class='ocrx_word' id='word_1_154' title='bbox 1391 2731 1454 2828; x_wconf 80' lang='lat' dir='ltr'>pid</span> <span class='ocrx_word' id='word_1_155' title='bbox 1472 2738 1624 2809; x_wconf 73' lang='lat' dir='ltr'>clt&#39;altm</span> 
     </span>
     <span class='ocr_line' id='line_1_18' title="bbox 449 2853 1625 2960; baseline 0.004 -34"><span class='ocrx_word' id='word_1_156' title='bbox 449 2857 499 2926; x_wconf 77' lang='lat' dir='ltr'>nti</span> <span class='ocrx_word' id='word_1_157' title='bbox 523 2875 618 2925; x_wconf 81' lang='lat' dir='ltr'>noce.</span> <span class='ocrx_word' id='word_1_158' title='bbox 645 2853 880 2927; x_wconf 85' lang='lat' dir='ltr'>Maledicatur</span> <span class='ocrx_word' id='word_1_159' title='bbox 899 2854 966 2927; x_wconf 85' lang='lat' dir='ltr'>ista</span> <span class='ocrx_word' id='word_1_160' title='bbox 988 2855 1196 2948; x_wconf 78' lang='lat' dir='ltr'>excusatio;</span> <span class='ocrx_word' id='word_1_161' title='bbox 1214 2855 1298 2930; x_wconf 87' lang='lat' dir='ltr'>lecit</span> <span class='ocrx_word' id='word_1_162' title='bbox 1319 2856 1415 2929; x_wconf 90' lang='lat' dir='ltr'>enim</span> <span class='ocrx_word' id='word_1_163' title='bbox 1435 2857 1501 2931; x_wconf 89' lang='lat' dir='ltr'>iste</span> <span class='ocrx_word' id='word_1_164' title='bbox 1517 2877 1625 2960; x_wconf 87' lang='lat' dir='ltr'>more</span> 
     </span>
     <span class='ocr_line' id='line_1_19' title="bbox 448 2973 1624 3070; baseline 0.001 -21"><span class='ocrx_word' id='word_1_165' title='bbox 448 2973 593 3067; x_wconf 87' lang='lat' dir='ltr'>Orphei,</span> <span class='ocrx_word' id='word_1_166' title='bbox 611 2973 686 3067; x_wconf 81' lang='lat' dir='ltr'>qui,</span> <span class='ocrx_word' id='word_1_167' title='bbox 705 2980 746 3045; x_wconf 91' lang='lat' dir='ltr'>ut</span> <span class='ocrx_word' id='word_1_168' title='bbox 763 2973 901 3047; x_wconf 88' lang='lat' dir='ltr'>dictum</span> <span class='ocrx_word' id='word_1_169' title='bbox 923 2981 978 3048; x_wconf 90' lang='lat' dir='ltr'>est</span> <span class='ocrx_word' id='word_1_170' title='bbox 994 2975 1152 3069; x_wconf 82' lang='lat' dir='ltr'>capitulo</span> <span class='ocrx_word' id='word_1_171' title='bbox 1172 2975 1229 3068; x_wconf 91' lang='lat' dir='ltr'>IV,</span> <span class='ocrx_word' id='word_1_172' title='bbox 1247 2975 1387 3070; x_wconf 87' lang='lat' dir='ltr'>perdita</span> <span class='ocrx_word' id='word_1_173' title='bbox 1405 2996 1524 3050; x_wconf 83' lang='lat' dir='ltr'>uxore</span> <span class='ocrx_word' id='word_1_174' title='bbox 1543 2997 1624 3067; x_wconf 81' lang='lat' dir='ltr'>sua,</span> 
     </span>
     <span class='ocr_line' id='line_1_20' title="bbox 449 3086 1625 3191; baseline 0 -21"><span class='ocrx_word' id='word_1_175' title='bbox 449 3094 559 3189; x_wconf 87' lang='lat' dir='ltr'>ooepit</span> <span class='ocrx_word' id='word_1_176' title='bbox 585 3094 622 3166; x_wconf 90' lang='lat' dir='ltr'>in</span> <span class='ocrx_word' id='word_1_177' title='bbox 647 3100 766 3167; x_wconf 89' lang='lat' dir='ltr'>totum</span> <span class='ocrx_word' id='word_1_178' title='bbox 793 3114 968 3188; x_wconf 88' lang='lat' dir='ltr'>spernere</span> <span class='ocrx_word' id='word_1_179' title='bbox 996 3088 1226 3168; x_wconf 87' lang='lat' dir='ltr'>loemininum</span> <span class='ocrx_word' id='word_1_180' title='bbox 1243 3086 1280 3187; x_wconf 85' lang='lat'>(³)</span> <span class='ocrx_word' id='word_1_181' title='bbox 1306 3116 1444 3190; x_wconf 82' lang='lat' dir='ltr'>genus:</span> <span class='ocrx_word' id='word_1_182' title='bbox 1475 3101 1625 3191; x_wconf 87' lang='lat' dir='ltr'>propter</span> 
     </span>
     <span class='ocr_line' id='line_1_21' title="bbox 448 3204 1622 3308; baseline 0.003 -20"><span class='ocrx_word' id='word_1_183' title='bbox 448 3214 547 3308; x_wconf 86' lang='lat' dir='ltr'>quod</span> <span class='ocrx_word' id='word_1_184' title='bbox 573 3213 747 3287; x_wconf 88' lang='lat' dir='ltr'>mulieres</span> <span class='ocrx_word' id='word_1_185' title='bbox 774 3220 891 3286; x_wconf 90' lang='lat' dir='ltr'>totum</span> <span class='ocrx_word' id='word_1_186' title='bbox 919 3214 1021 3286; x_wconf 92' lang='lat' dir='ltr'>illum</span> <span class='ocrx_word' id='word_1_187' title='bbox 1047 3214 1244 3290; x_wconf 88' lang='lat' dir='ltr'>crudeliter</span> <span class='ocrx_word' id='word_1_188' title='bbox 1270 3215 1480 3292; x_wconf 88' lang='lat' dir='ltr'>lacerarunt</span> <span class='ocrx_word' id='word_1_189' title='bbox 1494 3204 1543 3307; x_wconf 74' lang='lat'>(⁸).</span> <span class='ocrx_word' id='word_1_190' title='bbox 1570 3217 1622 3291; x_wconf 82' lang='lat' dir='ltr'>lta</span> 
     </span>
     <span class='ocr_line' id='line_1_22' title="bbox 448 3324 1625 3431; baseline 0 -23"><span class='ocrx_word' id='word_1_191' title='bbox 448 3335 589 3408; x_wconf 87' lang='lat' dir='ltr'>utinam</span> <span class='ocrx_word' id='word_1_192' title='bbox 624 3332 852 3427; x_wconf 83' lang='lat' dir='ltr'>contingeret</span> <span class='ocrx_word' id='word_1_193' title='bbox 885 3333 1018 3406; x_wconf 84' lang='lat' dir='ltr'>talibus</span> <span class='ocrx_word' id='word_1_194' title='bbox 1049 3324 1099 3426; x_wconf 55' lang='grc' dir='ltr'>(ὅ),</span> <span class='ocrx_word' id='word_1_195' title='bbox 1137 3333 1224 3425; x_wconf 88' lang='lat' dir='ltr'>quia</span> <span class='ocrx_word' id='word_1_196' title='bbox 1257 3334 1450 3429; x_wconf 83' lang='lat' dir='ltr'>pauciores</span> <span class='ocrx_word' id='word_1_197' title='bbox 1483 3335 1625 3431; x_wconf 91' lang='lat' dir='ltr'>reperi-</span> 
     </span>
     <span class='ocr_line' id='line_1_23' title="bbox 449 3464 589 3529; baseline -0.014 -2"><span class='ocrx_word' id='word_1_198' title='bbox 449 3464 589 3529; x_wconf 84' lang='lat' dir='ltr'>rentur.</span> 
     </span>
    </p>

    <p class='ocr_par' dir='ltr' id='par_1_3' title="bbox 446 3572 1624 4517">
     <span class='ocr_line' id='line_1_24' title="bbox 520 3572 1618 3669; baseline 0 -22"><span class='ocrx_word' id='word_1_199' title='bbox 520 3577 555 3647; x_wconf 85' lang='lat' dir='ltr'>S’</span> <span class='ocrx_word' id='word_1_200' title='bbox 568 3575 603 3669; x_wconf 83' lang='lat' dir='ltr'>io</span> <span class='ocrx_word' id='word_1_201' title='bbox 625 3576 714 3665; x_wconf 83' lang='lat' dir='ltr'>sossi</span> <span class='ocrx_word' id='word_1_202' title='bbox 736 3579 837 3643; x_wconf 81' lang='lat' dir='ltr'>stato.</span> <span class='ocrx_word' id='word_1_203' title='bbox 855 3572 925 3644; x_wconf 90' lang='lat' dir='ltr'>lsta</span> <span class='ocrx_word' id='word_1_204' title='bbox 950 3578 1005 3645; x_wconf 89' lang='lat' dir='ltr'>est</span> <span class='ocrx_word' id='word_1_205' title='bbox 1031 3572 1138 3646; x_wconf 87' lang='lat' dir='ltr'>tertia</span> <span class='ocrx_word' id='word_1_206' title='bbox 1163 3592 1248 3666; x_wconf 86' lang='lat' dir='ltr'>pars</span> <span class='ocrx_word' id='word_1_207' title='bbox 1272 3573 1455 3667; x_wconf 82' lang='lat' dir='ltr'>generalis</span> <span class='ocrx_word' id='word_1_208' title='bbox 1480 3572 1518 3646; x_wconf 95' lang='lat' dir='ltr'>in</span> <span class='ocrx_word' id='word_1_209' title='bbox 1544 3592 1618 3667; x_wconf 83' lang='lat' dir='ltr'>quo</span> 
     </span>
     <span class='ocr_line' id='line_1_25' title="bbox 447 3691 1622 3787; baseline -0.004 -17"><span class='ocrx_word' id='word_1_210' title='bbox 447 3701 557 3769; x_wconf 85' lang='lat' dir='ltr'>autor</span> <span class='ocrx_word' id='word_1_211' title='bbox 575 3692 768 3787; x_wconf 89' lang='lat' dir='ltr'>respondet</span> <span class='ocrx_word' id='word_1_212' title='bbox 793 3692 837 3765; x_wconf 91' lang='lat' dir='ltr'>ad</span> <span class='ocrx_word' id='word_1_213' title='bbox 864 3691 970 3784; x_wconf 80' lang='lat' dir='ltr'>dicta,</span> <span class='ocrx_word' id='word_1_214' title='bbox 997 3698 1034 3765; x_wconf 89' lang='lat' dir='ltr'>et</span> <span class='ocrx_word' id='word_1_215' title='bbox 1060 3699 1186 3765; x_wconf 89' lang='lat' dir='ltr'>narrat</span> <span class='ocrx_word' id='word_1_216' title='bbox 1207 3692 1455 3767; x_wconf 84' lang='lat' dir='ltr'>mutationem</span> <span class='ocrx_word' id='word_1_217' title='bbox 1472 3712 1622 3766; x_wconf 91' lang='lat' dir='ltr'>morum</span> 
     </span>
     <span class='ocr_line' id='line_1_26' title="bbox 447 3811 1620 3907; baseline -0.001 -20"><span class='ocrx_word' id='word_1_218' title='bbox 447 3833 526 3887; x_wconf 84' lang='lat' dir='ltr'>suae</span> <span class='ocrx_word' id='word_1_219' title='bbox 542 3812 678 3906; x_wconf 85' lang='lat' dir='ltr'>patriae.</span> <span class='ocrx_word' id='word_1_220' title='bbox 701 3812 745 3888; x_wconf 85' lang='lat' dir='ltr'>Et</span> <span class='ocrx_word' id='word_1_221' title='bbox 768 3811 888 3905; x_wconf 93' lang='lat' dir='ltr'>primo</span> <span class='ocrx_word' id='word_1_222' title='bbox 906 3811 1060 3887; x_wconf 85' lang='lat' dir='ltr'>ostendit</span> <span class='ocrx_word' id='word_1_223' title='bbox 1082 3833 1254 3907; x_wconf 84' lang='lat' dir='ltr'>maguam</span> <span class='ocrx_word' id='word_1_224' title='bbox 1272 3812 1484 3887; x_wconf 85' lang='lat' dir='ltr'>aviditatem</span> <span class='ocrx_word' id='word_1_225' title='bbox 1506 3833 1620 3906; x_wconf 89' lang='lat' dir='ltr'>quam</span> 
     </span>
     <span class='ocr_line' id='line_1_27' title="bbox 448 3930 1624 4024; baseline 0 -18"><span class='ocrx_word' id='word_1_226' title='bbox 448 3932 608 4006; x_wconf 85' lang='lat' dir='ltr'>habebat</span> <span class='ocrx_word' id='word_1_227' title='bbox 632 3932 679 4005; x_wconf 88' lang='lat' dir='ltr'>dc</span> <span class='ocrx_word' id='word_1_228' title='bbox 704 3930 911 4024; x_wconf 89' lang='lat' dir='ltr'>recipiendo</span> <span class='ocrx_word' id='word_1_229' title='bbox 936 3930 1033 4023; x_wconf 87' lang='lat' dir='ltr'>istos,</span> <span class='ocrx_word' id='word_1_230' title='bbox 1052 3931 1189 4005; x_wconf 88' lang='lat' dir='ltr'>dicens:</span> <span class='ocrx_word' id='word_1_231' title='bbox 1208 3936 1249 4003; x_wconf 91' lang='lat' dir='ltr'>Io</span> <span class='ocrx_word' id='word_1_232' title='bbox 1266 3934 1315 4004; x_wconf 86' lang='lat' dir='ltr'>mi</span> <span class='ocrx_word' id='word_1_233' title='bbox 1330 3935 1427 4004; x_wconf 82' lang='lat' dir='ltr'>sarci</span> <span class='ocrx_word' id='word_1_234' title='bbox 1445 3935 1568 4022; x_wconf 70' lang='lat' dir='ltr'>putam</span> <span class='ocrx_word' id='word_1_235' title='bbox 1584 3934 1624 4006; x_wconf 81' lang='lat' dir='ltr'>dt&#39;</span> 
     </span>
     <span class='ocr_line' id='line_1_28' title="bbox 446 4049 1620 4146; baseline -0.001 -22"><span class='ocrx_word' id='word_1_236' title='bbox 446 4059 536 4125; x_wconf 81' lang='lat' dir='ltr'>rollo</span> <span class='ocrx_word' id='word_1_237' title='bbox 555 4054 604 4123; x_wconf 88' lang='lat' dir='ltr'>da</span> <span class='ocrx_word' id='word_1_238' title='bbox 625 4054 693 4141; x_wconf 85' lang='lat' dir='ltr'>lor,</span> <span class='ocrx_word' id='word_1_239' title='bbox 711 4050 801 4123; x_wconf 85' lang='lat' dir='ltr'>idest</span> <span class='ocrx_word' id='word_1_240' title='bbox 823 4070 892 4144; x_wconf 85' lang='lat' dir='ltr'>ego</span> <span class='ocrx_word' id='word_1_241' title='bbox 909 4049 1135 4124; x_wconf 82' lang='lat' dir='ltr'>saltavissem</span> <span class='ocrx_word' id='word_1_242' title='bbox 1152 4051 1199 4125; x_wconf 86' lang='lat' dir='ltr'>de</span> <span class='ocrx_word' id='word_1_243' title='bbox 1215 4070 1352 4146; x_wconf 84' lang='lat' dir='ltr'>aggere</span> <span class='ocrx_word' id='word_1_244' title='bbox 1369 4050 1406 4124; x_wconf 93' lang='lat' dir='ltr'>in</span> <span class='ocrx_word' id='word_1_245' title='bbox 1423 4071 1499 4144; x_wconf 91' lang='lat' dir='ltr'>quo</span> <span class='ocrx_word' id='word_1_246' title='bbox 1515 4070 1620 4124; x_wconf 88' lang='lat' dir='ltr'>eram</span> 
     </span>
     <span class='ocr_line' id='line_1_29' title="bbox 446 4169 1622 4265; baseline -0.002 -19"><span class='ocrx_word' id='word_1_247' title='bbox 446 4171 598 4246; x_wconf 91' lang='lat' dir='ltr'>inlerius</span> <span class='ocrx_word' id='word_1_248' title='bbox 624 4171 718 4245; x_wconf 90' lang='lat' dir='ltr'>inter</span> <span class='ocrx_word' id='word_1_249' title='bbox 736 4191 798 4244; x_wconf 90' lang='lat' dir='ltr'>eos</span> <span class='ocrx_word' id='word_1_250' title='bbox 816 4170 861 4243; x_wconf 88' lang='lat' dir='ltr'>ad</span> <span class='ocrx_word' id='word_1_251' title='bbox 879 4169 1153 4265; x_wconf 84' lang='lat' dir='ltr'>gratulandum,</span> <span class='ocrx_word' id='word_1_252' title='bbox 1172 4173 1201 4242; x_wconf 75' lang='grc' dir='ltr'>ε’</span> <span class='ocrx_word' id='word_1_253' title='bbox 1213 4173 1248 4242; x_wconf 85' lang='lat' dir='ltr'>io</span> <span class='ocrx_word' id='word_1_254' title='bbox 1262 4173 1350 4265; x_wconf 79' lang='lat' dir='ltr'>[ossi</span> <span class='ocrx_word' id='word_1_255' title='bbox 1364 4177 1454 4243; x_wconf 77' lang='lat' dir='ltr'>stolo</span> <span class='ocrx_word' id='word_1_256' title='bbox 1479 4179 1622 4263; x_wconf 83' lang='lat' dir='ltr'>coperto</span> 
     </span>
     <span class='ocr_line' id='line_1_30' title="bbox 447 4290 1620 4386; baseline -0.001 -20"><span class='ocrx_word' id='word_1_257' title='bbox 447 4295 511 4366; x_wconf 86' lang='lat' dir='ltr'>dul</span> <span class='ocrx_word' id='word_1_258' title='bbox 537 4296 631 4386; x_wconf 75' lang='lat' dir='ltr'>foco,</span> <span class='ocrx_word' id='word_1_259' title='bbox 662 4290 753 4364; x_wconf 91' lang='lat' dir='ltr'>idest</span> <span class='ocrx_word' id='word_1_260' title='bbox 782 4296 881 4363; x_wconf 88' lang='lat' dir='ltr'>totns</span> <span class='ocrx_word' id='word_1_261' title='bbox 916 4297 1109 4385; x_wconf 86' lang='lat' dir='ltr'>exemptus</span> <span class='ocrx_word' id='word_1_262' title='bbox 1138 4311 1161 4364; x_wconf 85' lang='lat' dir='ltr'>a</span> <span class='ocrx_word' id='word_1_263' title='bbox 1195 4291 1351 4365; x_wconf 87' lang='lat' dir='ltr'>flammis</span> <span class='ocrx_word' id='word_1_264' title='bbox 1383 4290 1478 4365; x_wconf 87' lang='lat' dir='ltr'>sicut</span> <span class='ocrx_word' id='word_1_265' title='bbox 1514 4302 1620 4366; x_wconf 89' lang='lat' dir='ltr'>eram</span> 
     </span>
     <span class='ocr_line' id='line_1_31' title="bbox 449 4402 1623 4517; baseline 0.002 -32"><span class='ocrx_word' id='word_1_266' title='bbox 449 4412 485 4485; x_wconf 94' lang='lat' dir='ltr'>in</span> <span class='ocrx_word' id='word_1_267' title='bbox 512 4413 602 4517; x_wconf 85' lang='lat' dir='ltr'>ripa,</span> <span class='ocrx_word' id='word_1_268' title='bbox 629 4433 648 4483; x_wconf 87' lang='lat' dir='ltr'>e</span> <span class='ocrx_word' id='word_1_269' title='bbox 671 4414 777 4483; x_wconf 88' lang='lat' dir='ltr'>credo</span> <span class='ocrx_word' id='word_1_270' title='bbox 802 4414 876 4484; x_wconf 79' lang='lat' dir='ltr'>ciel</span> <span class='ocrx_word' id='word_1_271' title='bbox 899 4415 1016 4484; x_wconf 81' lang='lat' dir='ltr'>dottor</span> <span class='ocrx_word' id='word_1_272' title='bbox 1042 4414 1176 4484; x_wconf 67' lang='lat' dir='ltr'>l&#39;uvrtu</span> <span class='ocrx_word' id='word_1_273' title='bbox 1193 4417 1349 4504; x_wconf 60' lang='lat' dir='ltr'>miserto,</span> <span class='ocrx_word' id='word_1_274' title='bbox 1368 4411 1459 4487; x_wconf 86' lang='lat' dir='ltr'>idest</span> <span class='ocrx_word' id='word_1_275' title='bbox 1472 4402 1510 4504; x_wconf 54' lang='grc' dir='ltr'>(ὅ)</span> <span class='ocrx_word' id='word_1_276' title='bbox 1540 4413 1623 4487; x_wconf 87' lang='lat' dir='ltr'>Vir-</span> 
     </span>
    </p>
   </div>
   <div class='ocr_carea' id='block_1_3' title="bbox 446 4531 1622 4629">
    <p class='ocr_par' dir='ltr' id='par_1_4' title="bbox 446 4531 1622 4629">
     <span class='ocr_line' id='line_1_32' title="bbox 446 4531 1622 4629; baseline 0.001 -23"><span class='ocrx_word' id='word_1_277' title='bbox 446 4534 554 4629; x_wconf 82' lang='lat' dir='ltr'>gilius</span> <span class='ocrx_word' id='word_1_278' title='bbox 579 4532 820 4608; x_wconf 87' lang='lat' dir='ltr'>consensisset</span> <span class='ocrx_word' id='word_1_279' title='bbox 846 4532 946 4626; x_wconf 88' lang='lat' dir='ltr'>mihi,</span> <span class='ocrx_word' id='word_1_280' title='bbox 976 4531 1040 4606; x_wconf 90' lang='lat' dir='ltr'>sed</span> <span class='ocrx_word' id='word_1_281' title='bbox 1071 4552 1145 4605; x_wconf 95' lang='lat' dir='ltr'>non</span> <span class='ocrx_word' id='word_1_282' title='bbox 1179 4532 1267 4625; x_wconf 87' lang='lat' dir='ltr'>leci;</span> <span class='ocrx_word' id='word_1_283' title='bbox 1298 4532 1396 4608; x_wconf 87' lang='lat' dir='ltr'>unde</span> <span class='ocrx_word' id='word_1_284' title='bbox 1419 4532 1526 4607; x_wconf 89' lang='lat' dir='ltr'>dicit:</span> <span class='ocrx_word' id='word_1_285' title='bbox 1560 4554 1622 4607; x_wconf 78' lang='lat' dir='ltr'>nto</span> 
     </span>
    </p>
   </div>
   <div class='ocr_carea' id='block_1_4' title="bbox 506 4742 1573 4964">
    <p class='ocr_par' dir='ltr' id='par_1_5' title="bbox 506 4742 1573 4964">
     <span class='ocr_line' id='line_1_33' title="bbox 506 4742 1325 4808; baseline 0.001 -13"><span class='ocrx_word' id='word_1_286' title='bbox 506 4742 534 4806; x_wconf 81' lang='lat'>(¹)</span> <span class='ocrx_word' id='word_1_287' title='bbox 551 4745 581 4794; x_wconf 84' lang='lat' dir='ltr'>E.</span> <span class='ocrx_word' id='word_1_288' title='bbox 598 4745 712 4795; x_wconf 74' lang='lat' dir='ltr'>clamore</span> <span class='ocrx_word' id='word_1_289' title='bbox 728 4744 779 4794; x_wconf 73' lang='lat' dir='ltr'>alta</span> <span class='ocrx_word' id='word_1_290' title='bbox 796 4758 868 4794; x_wconf 83' lang='lat' dir='ltr'>rore.</span> <span class='ocrx_word' id='word_1_291' title='bbox 1074 4742 1101 4807; x_wconf 81' lang='lat'>(¹)</span> <span class='ocrx_word' id='word_1_292' title='bbox 1115 4745 1140 4795; x_wconf 86' lang='lat' dir='ltr'>S.</span> <span class='ocrx_word' id='word_1_293' title='bbox 1155 4746 1325 4808; x_wconf 74' lang='lat' dir='ltr'>providentio.</span> 
     </span>
     <span class='ocr_line' id='line_1_34' title="bbox 507 4819 1383 4883; baseline 0.005 -13"><span class='ocrx_word' id='word_1_294' title='bbox 507 4819 533 4880; x_wconf 79' lang='lat'>(¹)</span> <span class='ocrx_word' id='word_1_295' title='bbox 550 4821 580 4870; x_wconf 82' lang='lat' dir='ltr'>ll.</span> <span class='ocrx_word' id='word_1_296' title='bbox 596 4834 612 4871; x_wconf 81' lang='lat' dir='ltr'>a</span> <span class='ocrx_word' id='word_1_297' title='bbox 630 4826 682 4881; x_wconf 89' lang='grc'><strong>116,</strong></span> <span class='ocrx_word' id='word_1_298' title='bbox 701 4821 863 4871; x_wconf 84' lang='lat' dir='ltr'>loemlneurn.</span> <span class='ocrx_word' id='word_1_299' title='bbox 1075 4820 1102 4883; x_wconf 76' lang='lat'>(⁸)</span> <span class='ocrx_word' id='word_1_300' title='bbox 1121 4826 1175 4880; x_wconf 86' lang='grc'><strong>116,</strong></span> <span class='ocrx_word' id='word_1_301' title='bbox 1193 4821 1383 4874; x_wconf 73' lang='lat' dir='ltr'>laceraverunt.</span> 
     </span>
     <span class='ocr_line' id='line_1_35' title="bbox 506 4895 1573 4964; baseline 0.001 -17"><span class='ocrx_word' id='word_1_302' title='bbox 506 4895 534 4960; x_wconf 74' lang='lat'>(⁸)</span> <span class='ocrx_word' id='word_1_303' title='bbox 552 4901 605 4957; x_wconf 87' lang='grc'><strong>116,</strong></span> <span class='ocrx_word' id='word_1_304' title='bbox 623 4896 699 4947; x_wconf 75' lang='lat' dir='ltr'>laodic</span> <span class='ocrx_word' id='word_1_305' title='bbox 716 4898 817 4947; x_wconf 74' lang='lat' dir='ltr'>talibus.</span> <span class='ocrx_word' id='word_1_306' title='bbox 1073 4896 1099 4958; x_wconf 77' lang='lat'>(⁸)</span> <span class='ocrx_word' id='word_1_307' title='bbox 1117 4897 1147 4947; x_wconf 82' lang='lat' dir='ltr'>E.</span> <span class='ocrx_word' id='word_1_308' title='bbox 1163 4911 1178 4948; x_wconf 86' lang='grc'><strong>6</strong></span> <span class='ocrx_word' id='word_1_309' title='bbox 1199 4902 1254 4960; x_wconf 84' lang='grc'><strong>116,</strong></span> <span class='ocrx_word' id='word_1_310' title='bbox 1271 4899 1338 4950; x_wconf 68' lang='lat' dir='ltr'>tout</span> <span class='ocrx_word' id='word_1_311' title='bbox 1351 4899 1422 4964; x_wconf 77' lang='lat' dir='ltr'>quod</span> <span class='ocrx_word' id='word_1_312' title='bbox 1439 4899 1573 4964; x_wconf 63' lang='lat' dir='ltr'>Virgilius.</span> 
     </span>
    </p>
   </div>
   <div class='ocr_carea' id='block_1_5' title="bbox 0 0 2082 6546">
    <p class='ocr_par' dir='ltr' id='par_1_6' title="bbox 0 0 2082 6546">
     <span class='ocr_line' id='line_1_36' title="bbox 0 0 2082 6546; baseline 0 2"><span class='ocrx_word' id='word_1_313' title='bbox 0 0 2082 6546; x_wconf 95' lang='lat' dir='ltr'> </span> 
     </span>
    </p>
   </div>
  </div>
 </body>
</html>
