4154 6546
666 852 669 855 ,
784 791 922 846 caurus
947 790 1104 846 nncrnus
1129 790 1304 857 ounnrus.
1551 778 1618 846 t81

450 936 549 1013 bum
566 957 652 1012 cum
667 936 849 1031 superbia,
863 936 949 1029 quia
966 930 1013 1030 (¹),
1028 942 1069 1009 ut
1087 936 1254 1010 videmus
1271 934 1433 1028 quotidie
1449 937 1495 1011 de
1514 936 1621 1033 lacto,

449 1056 631 1152 superbus
655 1055 809 1130 destruit
834 1055 1048 1150 superbum,
1065 1062 1103 1130 et
1119 1055 1170 1128 sic
1187 1053 1358 1149 superbia
1375 1055 1620 1150 presternitur

447 1176 495 1251 ad
520 1182 659 1251 terram
684 1196 772 1250 cum
796 1175 877 1249 vult
901 1176 1099 1275 ascendere
1124 1176 1271 1248 coelum.
1289 1175 1394 1248 Nunc
1419 1175 1546 1249 ordina
1568 1177 1619 1251 sic

447 1296 610 1372 literam:
629 1295 716 1370 dicit
734 1295 935 1391 Capaneus
950 1320 958 1368 :
975 1300 1061 1369 Jove
1077 1316 1147 1367 non
1161 1295 1326 1388 potrebbe
1349 1315 1435 1367 oum
1458 1297 1615 1368 verdeto

449 1417 599 1507 ocupa,
619 1414 755 1489 scilicet
774 1413 820 1488 de
840 1435 913 1507 me,
938 1417 967 1486 ε’
979 1418 1045 1487 etto
1063 1417 1198 1487 staucbi
1220 1417 1326 1488 ilsuo
1339 1416 1460 1507 sobre,
1481 1414 1617 1489 scilicet

374 1550 376 1555 '
450 1535 673 1626 Vulcanum;
701 1532 799 1607 unde
824 1539 911 1608 nota
935 1533 1034 1626 quod
1061 1534 1245 1609 Vulcanus
1260 1525 1296 1626 (²)
1322 1533 1415 1608 deus
1436 1534 1526 1630 ignis
1553 1532 1622 1605 tin-

450 1653 551 1751 gitur
568 1653 746 1726 labricare
766 1652 919 1727 fulmina
945 1651 1024 1726 lovi
1049 1653 1085 1726 in
1111 1654 1228 1727 Etlnna
1254 1658 1379 1727 monte
1396 1652 1537 1747 Siciliae,
1558 1653 1622 1746 qui

450 1772 538 1848 olim
564 1792 710 1867 semper
734 1771 897 1866 ardebat,
924 1772 1005 1847 ideo
1030 1773 1125 1848 bene
1150 1779 1231 1847 erat
1263 1771 1359 1847 bona
1394 1771 1511 1846 locina
1542 1772 1621 1847 talis

449 1891 553 1966 labri.
579 1892 655 1967 Hoc
680 1896 806 1964 autem
833 1891 968 1987 figurat
985 1893 1084 1986 quod
1102 1893 1241 1967 tulmen
1266 1898 1321 1967 est
1334 1882 1371 1984 (⁸)
1398 1891 1444 1967 de
1466 1893 1621 1967 materia

449 2012 567 2108 ignea,
593 2010 680 2105 quia
696 1997 734 2101 (⁸)
759 2009 806 2084 de
831 2031 968 2106 vapore
993 2005 1120 2105 calido,
1147 2019 1188 2085 ut
1217 2011 1301 2085 alibi
1331 2011 1490 2105 dicetur3
1517 2011 1621 2104 quasi

448 2128 543 2204 dicat
568 2112 752 2203 breviter:
779 2128 808 2201 si
835 2129 974 2223 Jupiter
999 2129 1172 2203 deiiceret
1197 2129 1232 2202 in
1250 2149 1312 2204 me
1328 2130 1451 2203 omnia
1469 2129 1620 2202 fulmina

448 2267 533 2343 quae
560 2267 723 2341 unquam
750 2253 872 2340 posset
891 2247 958 2319 sibi
984 2248 1105 2320 lacere
1125 2239 1161 2339 (⁵)
1180 2248 1377 2340 Vulcanus,
1398 2248 1495 2322 unde
1511 2247 1618 2322 dicit:

448 2369 498 2441 do
520 2370 588 2457 cati,
614 2366 705 2440 idest
730 2386 753 2439 a
778 2386 854 2459 quo
879 2366 1042 2441 Vulcano
1068 2367 1144 2461 ipse
1169 2368 1308 2462 Jupiter
1333 2370 1499 2459 mactato,
1530 2367 1622 2442 idest

449 2487 576 2580 iratus,
597 2508 700 2579 prese
725 2489 761 2559 lu
782 2489 921 2579 [olporc
946 2493 1062 2578 anan,
1090 2487 1147 2560 vel
1169 2486 1278 2580 dicas,
1301 2489 1349 2563 du
1372 2489 1428 2559 cut
1451 2488 1620 2576 mactato,
1736 2553 1739 2560 .

448 2604 541 2681 idest
564 2627 586 2680 a
612 2626 687 2699 quo
713 2607 802 2680 love
825 2604 918 2680 irato
936 2625 1006 2702 ego
1023 2608 1235 2700 Capanaeus,
1250 2608 1361 2697 preci,
1380 2604 1471 2678 idest
1495 2603 1616 2699 recepi

448 2725 488 2800 in
504 2745 578 2819 me,
592 2728 629 2798 tu
643 2728 781 2818 lolpore
798 2732 913 2816 ocum,
931 2748 1015 2820 quae
1040 2725 1244 2820 penetravit
1260 2724 1383 2798 omnia
1399 2743 1505 2798 arma
1522 2742 1619 2818 mea,
1724 2803 1728 2810 ,

448 2847 551 2937 made,
577 2846 668 2920 idest
691 2866 714 2919 a
740 2866 815 2940 quo
840 2846 999 2943 fulgure,
1016 2849 1051 2918 io
1062 2867 1230 2939 percusso
1246 2848 1301 2938 sui
1317 2847 1338 2917 Γ
1348 2848 1467 2918 uldmo
1484 2837 1532 2936 di,
1550 2844 1621 2919 sei-

448 2966 533 3040 lioet
557 2965 616 3039 die
641 2965 780 3059 mortis,
806 2965 954 3059 quando
979 2965 1030 3039 fui
1056 2965 1299 3059 precipitatus
1315 2963 1362 3038 de
1386 2963 1503 3037 muris
1527 2964 1621 3038 'lbe-

291 3175 301 3186 ·
448 3085 642 3178 barum,·o
665 3088 786 3176 septi,
811 3084 903 3159 idest
923 3085 980 3159 vel
1001 3085 1030 3157 si
1047 3085 1122 3179 ipse
1140 3084 1291 3179 Jupiter,
1308 3085 1442 3155 stauclti
1456 3086 1507 3172 pli
1522 3085 1619 3173 altri,

448 3202 541 3280 idest
563 3205 652 3278 alios
678 3205 801 3280 labros
825 3204 942 3279 socios
959 3203 1110 3278 Vulcani
1127 3204 1164 3276 in
1185 3202 1349 3277 iaciendo
1370 3203 1534 3297 lulmina,
1555 3203 1619 3296 qui

448 3322 598 3418 quidem
615 3323 713 3417 socii,
731 3322 935 3414 secundum
961 3322 1151 3419 Virgilium
1169 3328 1207 3396 et
1223 3322 1324 3416 alios,
1343 3322 1516 3396 dicuntur
1537 3342 1620 3397 esse

447 3449 534 3536 tres,
551 3442 687 3517 scilicet
710 3442 875 3535 Brontes,
893 3442 1063 3538 Steropes
1081 3448 1117 3517 et
1134 3441 1341 3538 Piragmon,
1360 3449 1397 3516 et
1413 3461 1542 3516 omnes
1561 3441 1617 3515 isti

448 3561 603 3636 ministri
639 3561 773 3635 montis
811 3562 939 3638 Etbnae
974 3563 1204 3660 appellantur
1239 3561 1401 3658 generali
1439 3562 1619 3636 vocabulo

447 3683 626 3780 cyclopes,
652 3681 698 3755 de
723 3681 859 3776 quibus
884 3681 1032 3756 Ovidius
1058 3682 1151 3756 libro
1176 3682 1421 3775 Faustorum3
1451 3688 1489 3756 et
1513 3680 1616 3755 dicit:

448 3822 473 3873 a
497 3808 593 3874 muta
623 3822 648 3873 α
678 3807 787 3892 mutu,
818 3800 908 3875 idest
936 3801 1157 3894 altematim‚
1187 3800 1341 3874 vicissim
1373 3799 1554 3896 fatigando
1579 3789 1616 3892 (⁶)

448 3940 548 3994 nunc
563 3918 694 4012 unum,
708 3940 807 3993 nunc
822 3920 948 4015 alium,
965 3923 1004 3993 iu
1020 3920 1241 4012 Monpibetto,
1258 3918 1426 3994 *scilicet
1442 3918 1479 3990 in
1501 3918 1617 3991 Etbna

448 4045 575 4113 monte
595 4037 726 4132 ,Sicilire
750 4038 914 4133 ardente,
940 4040 1027 4134 quia
1044 4039 1132 4113 olim
1150 4039 1340 4114 emittebat
1355 4036 1490 4135 ignem,
1511 4036 1618 4111 bodie

449 4179 532 4234 non.
564 4157 609 4231 ut
639 4157 772 4232 dicitur
802 4158 1004 4254 vulgariter
1033 4159 1248 4256 llongibello
1270 4148 1309 4251 (l
1327 4158 1358 4252 *,
1385 4180 1409 4231 a
1433 4160 1471 4231 lu
1496 4160 1619 4252 moino

447 4300 574 4371 aegro,
599 4277 685 4372 quia
711 4278 816 4375 nigra
840 4286 907 4372 ert,
932 4279 996 4352 ubi
1021 4278 1113 4355 labri
1138 4285 1313 4354 exercent
1337 4279 1491 4372 serrum,
1521 4280 1619 4351 ctio-

509 4442 536 4507 (ll
552 4444 583 4494 E.
600 4442 667 4494 eleut
682 4442 800 4493 ridemus
814 4444 929 4508 qnotidie
946 4444 978 4494 de
994 4443 1071 4504 lacto,
1088 4443 1187 4494 scillcet
1203 4443 1274 4509 quod
1291 4443 1427 4505 superbus.

508 4518 538 4585 (Ἴ
552 4520 583 4570 ll.
599 4519 732 4569 Vulcanus
748 4519 843 4570 dleltm
858 4533 872 4569 a
888 4521 971 4584 poetis
986 4520 1057 4570 liena
1073 4520 1145 4585 ignia,
1157 4520 1201 4585 qul
1212 4519 1341 4584 figuratur
1357 4517 1484 4568 fabricare
1494 4516 1552 4567 lori
1562 4514 1618 4566 tul-

445 4597 792 4737 Ἥιῗῗίιιιωῆι
1120 4612 1554 4735 ωἰηιιιιωωωιαοπυοω

507 4747 731 4811 nauarent.
1118 4746 1345 4812 prauumue.

508 4798 1618 4889 monmuenecunwrnramrarwumonamnomdmu

446 4901 1143 4970 qnlnpplltoeunlalezlonedtgllrltrltreterti.
1201 4972 1204 4977 ἢ

579 5010 598 5052 i.
1456 5009 1480 5050 81
