4154 6546
452 770 522 837 llo
847 781 1049 863 consumor
1076 782 1227 835 rnvunm

373 971 376 975 -
450 927 580 1001 iratres
600 927 899 1022 consanguineos,
917 934 955 1001 et
976 927 1235 1001 nobilissimam
1256 927 1441 1003 civitatem
1459 927 1623 1023 Syracu·

450 1068 576 1119 sarum
601 1045 762 1140 implevit
785 1047 1026 1121 occisionibus
1051 1048 1200 1140 civium,
1218 1047 1255 1120 in
1272 1069 1345 1142 qua
1363 1053 1467 1140 pater
1489 1046 1623 1142 imple-

450 1173 554 1242 verat
577 1186 745 1240 carceres
777 1167 942 1261 captivis3
969 1167 1032 1241 sed
1062 1188 1136 1242 non
1170 1167 1237 1241 suit
1267 1168 1534 1263 magnanimus,
1562 1169 1621 1243 vel

451 1294 685 1381 temperatus,
713 1294 753 1359 ut
778 1293 892 1381 pater,
917 1287 992 1359 imo
1010 1288 1246 1382 ingluviosus,
1265 1297 1302 1363 et
1317 1288 1503 1382 ebriosus;
1521 1289 1622 1363 unde

450 1407 566 1481 lactus
603 1408 773 1482 omnibus
810 1407 968 1500 odiosus,
1007 1409 1181 1502 expulsus
1213 1409 1277 1481 ivit
1301 1407 1528 1502 Corinthum,
1555 1409 1619 1482 ubi

451 1528 562 1601 vitam
593 1528 831 1600 tristissimam
864 1528 969 1601 duxit
993 1547 1079 1601 cum
1115 1527 1316 1621 lenonibus,
1351 1529 1618 1623 meretricibus,

450 1648 508 1721 vel
525 1646 719 1741 aliquando
736 1646 859 1720 docuit
876 1667 1010 1741 pueros
1028 1648 1161 1721 literas
1172 1653 1261 1719 -E
1274 1651 1397 1740 quella.
1416 1649 1481 1723 llic
1496 1641 1638 1742 autor,l

449 1768 635 1841 nominato
673 1773 827 1862 tyranno
855 1768 1007 1861 antiquo
1032 1767 1078 1842 de
1104 1768 1232 1863 Sicilia,
1266 1770 1329 1862 qui
1361 1769 1483 1843 luerat
1507 1769 1618 1863 paulo

449 1895 535 1962 ante
560 1895 725 1981 tempora
749 1887 945 1961 Alexandri
970 1889 1099 1984 Magni,
1126 1910 1223 1963 nunc
1250 1889 1378 1962 transit
1402 1889 1439 1963 in
1465 1890 1617 1983 ltaliam,

450 2015 488 2082 et
512 2007 677 2081 nominat
703 2029 819 2081 rmum
845 2015 1042 2104 tyrannum
1070 2010 1290 2083 modernum
1315 2009 1527 2104 pessimm,
1548 2010 1619 2084 sci·

448 2127 531 2200 licet
555 2127 761 2200 Eccirinnm
786 2129 833 2202 dc
856 2129 1032 2201 Romano.
1059 2128 1113 2201 ld
1139 2129 1245 2203 cuius
1270 2128 1514 2225 cognitionem
1532 2130 1619 2203 bre-

449 2248 542 2321 viter
566 2254 622 2321 est
647 2248 847 2341 sciendum,
873 2249 971 2342 quod
998 2249 1065 2324 iste
1102 2249 1287 2322 Eccirinus
1321 2255 1498 2344 tyrannus
1530 2269 1619 2323 cru-

448 2368 651 2442 delissimus
690 2377 855 2463 tempore
892 2369 1052 2443 Federici
1090 2369 1240 2442 secundi
1277 2369 1344 2442 init
1372 2369 1419 2443 de
1452 2370 1619 2443 Romano

448 2490 595 2563 castello
620 2489 813 2562 comitatus
829 2490 978 2563 Tarvisii
993 2483 1044 2583 (¹),
1063 2510 1220 2585 magnus
1241 2490 1411 2563 dominus
1431 2496 1468 2564 et
1488 2496 1617 2584 potens

448 2611 484 2682 in
510 2610 586 2704 ipsa
611 2609 768 2682 llarcbia
793 2610 977 2683 Tarvisina
993 2601 1030 2700 (²)
1059 2616 1144 2704 lota,
1170 2610 1207 2682 in
1239 2631 1313 2703 qua
1347 2610 1513 2684 exercuit
1537 2629 1619 2684 ma-

448 2749 538 2824 gnas
564 2727 751 2802 violentias
776 2734 813 2801 et
837 2728 1082 2822 crudelitates,
1108 2728 1200 2803 adeo
1227 2729 1325 2823 quod
1351 2729 1499 2823 quidam
1527 2728 1619 2803 scri-

448 2855 610 2943 pserunt,
649 2849 767 2942 ipsum
805 2849 932 2924 iecisse
973 2850 1068 2922 mori
1106 2850 1368 2945 quinquaginta
1407 2850 1518 2924 millia
1550 2851 1618 2925 bo·

449 2969 610 3062 minnm3
636 2969 699 3042 sed
724 2968 818 3042 inter
843 2969 912 3042 alia
926 2960 963 3060 (³)
992 2970 1088 3044 mala
1115 2969 1237 3064 impia,
1264 2990 1379 3064 quum
1406 2970 1618 3064 perdidisset

448 3089 622 3181 Paduam,
649 3088 782 3161 luroris
808 3088 909 3162 rabie
934 3089 1154 3181 stimulatae,
1180 3089 1263 3162 lecit
1285 3088 1535 3164 crudelissime
1551 3108 1618 3163 ne-

448 3207 524 3282 cari
548 3208 740 3281 duodecim
768 3207 879 3280 millia
905 3209 1165 3282 Paduanorum
1200 3208 1312 3301 lerro,
1337 3208 1434 3282 lame
1459 3214 1497 3282 et
1521 3209 1617 3304 igne,

449 3349 541 3423 quos
572 3328 730 3403 babebat
745 3317 780 3420 (⁴)
808 3328 904 3422 apud
934 3349 984 3403 se.
1024 3329 1202 3423 Regnavit
1238 3328 1423 3402 Eccirinus
1461 3329 1617 3403 verone

448 3471 560 3522 xxxrv
585 3449 700 3541 annis,
725 3449 771 3522 de
795 3449 901 3522 cuius
926 3448 1097 3542 potentia,
1116 3448 1277 3540 nequitia
1303 3453 1341 3521 et
1365 3447 1475 3542 gestis
1498 3447 1616 3522 dicam

448 3571 553 3664 plene
579 3570 736 3664 capitulo
752 3571 800 3641 lx
826 3569 1004 3663 Paradisi3
1022 3569 1103 3643 ideo
1124 3568 1181 3642 bic
1205 3574 1282 3641 tam
1299 3568 1371 3642 cito
1388 3575 1614 3663 pertranseo.

448 3690 552 3762 Nunc
576 3690 622 3763 ad
648 3690 802 3783 literam,
833 3696 941 3762 autor
977 3688 1147 3761 describit
1175 3687 1381 3761 Eccirinum
1414 3690 1461 3763 ab
1490 3689 1616 3763 babitu

448 3810 621 3903 corporis,
647 3810 791 3883 dicens:
830 3830 849 3881 e
887 3813 999 3905 quella
1021 3813 1138 3902 fronte
1162 3809 1250 3879 elo
1268 3810 1294 3880 'l
1315 3812 1376 3900 pel
1402 3801 1474 3880 cosi
1506 3829 1619 3901 nero,-

448 3930 540 4003 idest
566 3930 720 4023 nigram.
749 3928 919 4002 Scribnnt
944 3927 1066 4021 aliqui,
1094 3927 1191 4020 quod
1216 3927 1404 4000 Eccirinus
1435 3927 1503 4001 luit
1533 3946 1618 4002 cor·

448 4071 537 4144 pore
566 4050 770 4143 mediocris,
801 4049 917 4145 niger,
953 4054 1049 4121 totns
1082 4047 1235 4142 pilosus3
1274 4048 1338 4121 sed
1367 4048 1493 4142 audio,
1519 4049 1619 4143 quod

448 4170 604 4244 babebat
630 4190 747 4241 unum
773 4169 887 4263 pilum
914 4168 1063 4263 longum
1089 4187 1199 4261 snper
1225 4186 1314 4240 naso
1329 4157 1380 4260 (Β),
1406 4167 1617 4260 quistatim

447 4290 670 4386 erigebatur,
688 4287 835 4382 quando
854 4287 1141 4361 excandescebat
1154 4287 1189 4359 in
1205 4287 1309 4379 iram,
1328 4293 1365 4360 et
1381 4292 1469 4360 tunc
1488 4307 1620 4362 omnes

447 4411 634 4505 fugiebant
659 4431 682 4484 a
707 4409 799 4482 lacie
834 4407 933 4500 eius;
959 4404 980 4482 e*
1002 4410 1174 4480 Azzolteo
1187 4433 1202 4498 ,·
1228 4413 1265 4479 et
1291 4406 1348 4480 bic
1382 4412 1479 4500 nota,
1518 4407 1618 4500 quod

446 4539 555 4606 autor
593 4531 710 4604 utitur
748 4529 890 4626 vulgari
929 4536 1043 4621 tusco,
1082 4528 1167 4621 quia
1200 4528 1247 4601 de
1277 4527 1331 4601 rei
1363 4526 1518 4602 veritate
1553 4546 1619 4600 vo-

447 4660 551 4727 catus
582 4652 649 4724 luit
679 4651 877 4744 Eccirinus,
916 4649 1010 4722 sicut
1047 4648 1171 4722 scribit
1203 4650 1383 4722 blussatus
1411 4647 1617 4740 Paduanus,

508 4823 535 4883 ζ’)
553 4825 582 4873 E.
601 4824 711 4873 Trlvisll.
930 4820 957 4884 (¹)
973 4821 998 4872 b
1016 4822 1242 4873 Turrinus-E.
1259 4822 1400 4873 Trivlsaaa.

508 4901 536 4962 (⁸)
553 4901 583 4950 n.
600 4901 649 4951 alia
666 4900 747 4952 millia
764 4902 841 4951 male
935 4896 963 4961 (⁸)
978 4898 1004 4949 S.
1020 4898 1128 4949 babebat
1144 4912 1241 4949 secum
1411 4895 1486 4957 mli.
1501 4906 1600 4945 mn.
