4154 6546
820 823 959 879 GXHVUS
982 825 1160 890 Quassus.
1509 819 1571 883 151

403 972 547 1048 vocavit
559 969 735 1062 Vliadam,
752 968 791 1042 in
807 986 883 1062 quo
898 968 1070 1043 describit
1082 962 1121 1060 (¹)
1138 969 1233 1045 bella
1247 971 1403 1065 Troiana
1420 978 1458 1046 et
1472 978 1577 1068 gesta

399 1091 555 1186 Achillis,
581 1108 695 1183 quem
721 1106 833 1182 super
857 1106 988 1162 omues
1005 1087 1132 1162 nititur
1148 1089 1409 1164 commendare
1429 1090 1467 1164 in
1483 1098 1577 1165 stre-

400 1212 540 1288 nuitate
563 1229 782 1301 armorum3
809 1215 847 1282 et
871 1213 927 1282 est
943 1207 1041 1281 istud
1056 1229 1150 1303 opus
1167 1230 1344 1306 magnum
1367 1209 1576 1285 distinctum

402 1333 438 1407 in
464 1330 577 1405 XXlV
602 1328 725 1404 libms.
752 1326 963 1401 Secundum
980 1346 1073 1420 opus
1098 1327 1294 1402 intitulavit
1318 1328 1517 1423 Odisseam,
1539 1330 1576 1403 in

403 1471 478 1546 qno
504 1455 635 1524 tractat
658 1448 706 1523 de
731 1447 1025 1543 peregrinatione
1050 1448 1185 1543 Hyris,
1211 1449 1426 1524 etintendit
1457 1451 1575 1545 ipsum

404 1568 665 1645 commendare
689 1585 800 1662 super
829 1586 959 1641 omnes
988 1586 1011 1640 a
1042 1567 1177 1642 virtute
1208 1568 1434 1663 prudentiae3
1460 1577 1498 1644 et
1522 1579 1577 1646 est

405 1688 501 1764 istud
517 1686 786 1783 opossimiliter
803 1705 979 1781 magnum
994 1684 1252 1760 etdistinctum
1271 1688 1308 1760 iu
1325 1689 1435 1762 XXIV
1453 1689 1575 1764 libros.

405 1809 449 1882 nt
473 1808 510 1881 in
534 1807 602 1881 ista
627 1805 773 1880 Odissea
792 1804 964 1901 Virgilius
979 1803 1142 1879 imitatus
1162 1813 1218 1880 est
1234 1807 1352 1901 ipsum
1373 1808 1574 1884 Homerum

406 1927 593 2022 inprimis
618 1927 662 2000 Vl
688 1926 787 1999 libris
819 1944 897 1998 suae
928 1924 1106 2019 Eneydos.
1136 1926 1237 1999 Sicut
1267 1927 1364 2001 cuim
1394 1929 1578 2003 Homerus

404 2047 573 2124 describit
589 2045 920 2141 peregrinationem
940 2044 1073 2139 Ulyxis,
1090 2047 1154 2139 qui
1180 2048 1318 2121 erravit
1337 2049 1371 2123 X
1389 2049 1494 2143 annis
1511 2070 1577 2144 per

406 2167 597 2259 mundum,
624 2166 674 2241 ita
705 2165 877 2261 Virgilius
908 2164 1240 2258 peregrinationem
1273 2167 1393 2261 Hneae,
1420 2168 1483 2264 qui
1516 2189 1577 2244 er-

406 2289 498 2364 ravit
530 2286 592 2360 VH
622 2285 737 2373 anuis.
771 2285 816 2358 Et
844 2284 939 2358 siem
971 2284 1154 2359 Homerus
1187 2285 1359 2361 describit
1386 2288 1573 2363 lulernum

406 2409 451 2482 Xl
466 2408 638 2500 Odisseae,
655 2407 703 2480 ita
724 2404 896 2501 Virgilius
921 2404 958 2476 in
972 2403 1016 2476 Vl
1034 2405 1210 2500 Eneydos.
1236 2407 1424 2495 Quantum
1449 2419 1576 2486 autem

403 2528 449 2604 ad
460 2528 609 2602 lliadam
623 2525 794 2622 Virgilius
810 2524 974 2599 imitatus
990 2532 1045 2598 est
1057 2526 1260 2601 Homerum
1274 2528 1310 2601 in
1322 2529 1401 2603 aliis
1413 2529 1458 2602 Vl
1476 2531 1578 2605 libris

403 2650 580 2745 nncydos,
597 2647 634 2721 iu
651 2646 787 2739 quibus
801 2645 974 2731 describit
982 2636 1020 2735 (²)
1038 2645 1131 2719 bellu
1148 2647 1269 2742 Eueae,
1286 2648 1380 2724 sicut
1396 2652 1578 2726 Homerus

405 2771 498 2845 bolla
521 2767 677 2843 AcbiHis.
704 2767 802 2862 llrgo
827 2766 923 2840 bene
940 2764 1109 2862 Virgilius
1126 2769 1273 2861 praelert
1289 2770 1494 2845 Homerum
1515 2791 1577 2847 oe·

407 2889 504 2963 teris.
528 2889 608 2961 Non
621 2876 658 2977 (³)
678 2892 803 2960 tamen
819 2883 958 2978 credas,
983 2886 1109 2979 lector,
1131 2887 1321 2984 Virgilium
1344 2909 1391 2964 ex
1417 2891 1487 2966 boc
1511 2890 1577 2965 de-

407 3011 496 3084 bere
520 3007 644 3080 minus
666 3004 820 3099 laudari,
851 3005 926 3078 imo
958 3013 1116 3098 uterque
1147 3014 1204 3082 est
1231 3008 1364 3104 dignus
1396 3011 1576 3085 venerari.

407 3130 498 3202 Nam
524 3144 611 3220 sepe
634 3123 804 3220 Virgilius
825 3124 863 3201 in
888 3125 1012 3199 multis
1036 3126 1179 3200 excedit
1202 3128 1418 3224 Homerum,
1445 3138 1482 3205 et
1508 3131 1577 3203 mi-

407 3246 569 3323 rabiliter
592 3244 700 3338 addit,
726 3244 867 3338 minuit,
892 3251 930 3321 ct
955 3245 1143 3338 immutat3
1169 3253 1207 3321 et
1231 3247 1326 3322 inter
1344 3248 1417 3323 alia
1434 3249 1578 3325 videtur

407 3365 575 3463 Virgilius
599 3364 923 3458 commenmndus,
948 3365 1047 3457 quod
1064 3385 1210 3439 summe
1226 3373 1328 3440 amat
1346 3366 1577 3462 brevitatem,

360 3451 371 3577 ‘-
390 3455 726 3699 dm
748 3466 1512 3580 l
1530 3489 1578 3565 l

404 3731 440 3800 ι’
453 3729 535 3801 ultr
546 3719 595 3800 dc.
613 3725 678 3799 Hic
695 3723 867 3820 Virgilius
885 3725 1050 3799 nominat
1065 3725 1269 3801 secundum
1286 3735 1446 3822 poetam,
1463 3749 1576 3822 quem

398 3848 498 3942 iuste
522 3846 671 3941 praelert
694 3844 773 3919 aliis
797 3843 913 3938 poetis
937 3844 1083 3938 Latinis,
1108 3846 1299 3920 Horatium
1319 3848 1466 3943 scilicet,
1491 3850 1576 3943 quia

404 3967 576 4043 Horatius
594 3965 740 4040 tradidit
755 3972 873 4040 artem
896 3965 1088 4059 poeticam,
1114 3974 1152 4041 et
1176 3967 1244 4041 luit
1269 3969 1443 4064 magister
1468 3948 1578 4065 ipsius

406 4088 541 4184 Virgilii
566 4094 604 4162 et
627 4085 754 4177 ovidii,
782 4085 965 4159 maximus
979 4073 1016 4176 (⁸)
1035 4087 1193 4160 moralis.
1219 4087 1302 4161 Fuit
1317 4095 1444 4165 autem
1460 4092 1578 4166 Hom-

406 4207 478 4281 tius
501 4213 607 4302 posta
631 4205 775 4280 italicus
806 4205 853 4281 de
878 4206 1038 4280 Venusia
1062 4207 1208 4283 civitate
1238 4208 1388 4303 Apulia),
1422 4232 1577 4308 corpore
1686 4246 1689 4251 >

406 4346 552 4421 parvus,
576 4344 749 4402 sermone
773 4324 918 4399 brevis:
947 4325 1044 4401 unde
1067 4327 1267 4423 angustus,
1288 4330 1394 4405 cuius
1411 4338 1578 4429 tempore

406 4445 539 4539 lloruit,
568 4452 649 4522 erat
677 4445 803 4519 solitus
837 4444 960 4518 dicere
995 4447 1093 4538 quod
1128 4468 1199 4521 noo
1234 4449 1388 4523 iaciebat
1420 4451 1578 4525 maiores

403 4567 571 4662 epistolas
596 4587 709 4659 quam
728 4564 803 4659 ipse
819 4572 935 4640 esset:
953 4572 990 4639 et
1006 4566 1194 4662 descripsit
1211 4569 1373 4663 satiram,
1390 4570 1481 4646 idest
1499 4592 1579 4645 ma-

758 4724 797 4731 ...
815 4725 887 4730 .-—..
905 4725 952 4731 —-
986 4725 1059 4731 ..-.—
1315 4726 1526 4737 ...ψη-...-
1539 4731 1543 4735 .
1557 4731 1577 4737 ..-

403 4770 407 4779 ’
465 4796 492 4855 ‹¹›
507 4794 540 4845 lt
554 4794 699 4860 ucrtprn.
1033 4792 1061 4856 (¹)
1079 4800 1133 4855 tta,
1150 4794 1293 4860 deotpato

465 4869 491 4931 (Ἶ
508 4875 563 4933 tte.
578 4870 638 4925 Non
653 4876 740 4922 tamen
754 4884 788 4922 cx
802 4871 853 4923 boc
870 4871 968 4932 credas,
986 4871 1077 4931 lector,
1095 4873 1233 4938 Virgilium
1250 4874 1345 4927 debers
1361 4876 1454 4924 mour.

465 4946 492 5006 τ’)
508 4945 538 4997 tt
555 4947 663 5001 mut
677 4945 795 5001 noratis
