4154 6546
771 791 908 846 cunnus
934 791 1061 847 nouus.
1429 778 1499 844 323

315 936 597 1048 Leloquentiam!
611 942 707 1010 -0
731 939 883 1011 carnuti.
917 935 982 1012 Hic
1015 943 1125 1012 autor
1149 935 1265 1031 posita
1289 935 1503 1030 operatione

331 1056 513 1150 Mercurii,
540 1056 641 1151 pouit
665 1056 745 1130 eius
771 1057 1116 1153 improperationem
1142 1063 1269 1131 contra
1295 1056 1502 1151 daemones3

329 1176 393 1270 qui
410 1177 571 1252 breviter
587 1177 690 1252 dicit:
709 1198 777 1253 cur
790 1178 1034 1253 contradicitis
1051 1178 1182 1254 divinae
1196 1178 1372 1254 voluntati
1384 1176 1504 1252 omni·

331 1300 486 1393 potentis
503 1299 564 1374 cui
581 1299 668 1374 nihii
693 1306 812 1395 potest
837 1301 1034 1376 resisteret
1050 1301 1141 1376 Dicit
1157 1321 1268 1397 ergo:
1286 1303 1355 1392 epit
1369 1302 1503 1373 mmin-

330 1414 398 1510 o‘d,
415 1418 506 1495 idest
525 1419 584 1495 itte
599 1421 803 1496 Mercurius
815 1421 926 1516 coepit
943 1421 1055 1515 toqui,
1069 1427 1108 1496 et
1123 1421 1263 1496 dicere:
1277 1421 1504 1495 ectromate

328 1541 455 1630 soatio,
481 1539 571 1614 idest
596 1539 633 1613 in
658 1540 809 1614 introitu
826 1541 931 1615 dictae
949 1548 1076 1636 portae,
1094 1564 1117 1614 o
1132 1547 1231 1634 pente
1254 1547 1404 1635 cospetto
1421 1561 1503 1615 cac·

328 1661 411 1732 dati
440 1662 599 1753 deiciet,
632 1660 768 1735 scilicet
800 1681 866 1755 per
899 1662 1110 1757 superbiam
1137 1668 1309 1757 vestram,
1335 1664 1416 1736 mcd’
1430 1669 1503 1736 estu

329 1784 560 1873 truootnnoio,
585 1780 677 1855 idest
702 1782 801 1857 unde
825 1783 885 1856 vei
901 1803 923 1856 a
941 1803 1017 1875 quo
1033 1783 1101 1857 ista
1123 1790 1199 1857 tarn
1220 1783 1418 1858 temeraria
1443 1803 1503 1857 so-

330 1901 466 1996 cordia,
479 1903 518 1974 in
543 1905 600 1974 voi
622 1904 787 1994 delleta,
809 1900 901 1976 idest
925 1909 1079 1978 vocatur
1096 1903 1132 1978 in
1154 1923 1230 1998 vos,
1243 1896 1372 1996 pcrcdd
1393 1905 1503 1976 ricui-

330 2025 454 2095 citrutc
478 2044 503 2095 a
528 2026 642 2116 poetic
668 2026 799 2114 neptia,
819 2021 909 2098 idect
926 2029 1054 2098 contra
1080 2023 1167 2098 iliud
1194 2025 1287 2099 veile
1303 2024 1380 2118 Dei,
1397 2024 1503 2119 quasi

329 2140 442 2216 dicat:
460 2144 598 2217 durnrn
610 2134 647 2235 (¹)
667 2149 723 2218 est
739 2150 866 2219 contra
884 2143 1073 2218 stimulum
1092 2145 1301 2239 calcitrare,
1318 2167 1343 2218 o
1359 2147 1415 2219 cui
1430 2165 1504 2218 oon
1580 2228 1583 2233 ,

327 2271 433 2356 ptiote
458 2267 530 2338 mai
553 2268 587 2339 ei
606 2266 658 2356 fio
682 2285 777 2337 esser
802 2285 941 2355 mozzo,
967 2265 1058 2340 idest
1086 2265 1192 2340 cuius
1221 2265 1418 2341 voluntatis
1447 2264 1503 2339 di-

335 2385 430 2459 vinae
460 2385 552 2481 tinis,
579 2405 769 2479 nunquam
797 2391 915 2480 potest
940 2406 1020 2461 esse
1045 2386 1247 2481 intercisus,
1272 2386 1335 2462 sed
1361 2393 1505 2480 oportet

334 2505 432 2598 quod
466 2506 546 2581 eius
575 2505 789 2580 mandatum
822 2525 967 2601 semper
997 2506 1193 2583 mandetur
1222 2507 1441 2600 executioni,
1466 2513 1504 2581 et

332 2626 402 2699 hoe
427 2626 522 2701 cedit
546 2626 649 2700 vobis
667 2625 715 2700 ad
735 2627 927 2700 cumulum
947 2627 1096 2702 maioris
1111 2627 1264 2722 doloris3
1282 2626 1381 2702 unde
1396 2626 1502 2702 dicit:

331 2748 425 2820 ecte
439 2742 503 2838 piri
520 2749 608 2819 volte
632 2748 716 2819 o’io
740 2749 906 2821 cresciuto
931 2748 1168 2843 commonia
1193 2748 1283 2823 alias
1296 2739 1333 2840 (¹)
1360 2748 1502 2822 animas

330 2867 498 2940 liberavit
521 2866 569 2940 ab
595 2866 728 2961 inieris,
747 2866 846 2943 unde
863 2868 1000 2942 subdit:
1026 2871 1086 2943 cite
1110 2872 1216 2961 ptooa
1231 2872 1319 2945 nelle
1337 2875 1416 2964 sota
1432 2871 1503 2943 dur

328 2989 367 3060 di
382 3006 506 3077 cozzo,
523 2984 628 3080 quasi
644 2985 759 3061 dicat:
786 2987 873 3059 nihii
894 2988 1042 3082 prodest
1059 2988 1225 3064 incutere
1241 2996 1278 3063 et
1294 2988 1397 3062 inniti
1414 3008 1502 3063 oon-

331 3113 387 3180 tra
407 3106 493 3201 iata,
510 3106 597 3201 quia
623 3106 690 3182 iste
711 3127 758 3182 ex
776 3106 964 3183 influentia
981 3107 1063 3182 coeii
1081 3113 1118 3181 et
1133 3107 1254 3182 divina
1271 3107 1498 3203 providentia

331 3227 440 3302 trahet
472 3247 693 3322 percurrere
724 3233 842 3303 totum
877 3227 1073 3321 infernum,
1099 3226 1194 3302 sicut
1218 3227 1292 3301 iam
1318 3227 1515 3323 percurrit-

331 3367 444 3420 unam
457 3354 613 3441 partem,
628 3348 725 3441 quod
739 3347 870 3442 probat
887 3368 953 3441 per
965 3348 1177 3443 exemptum
1190 3348 1401 3443 antiquum;
1416 3369 1501 3423 nam

331 3467 505 3541 Hercules
529 3467 597 3541 isto
624 3466 733 3542 modo
758 3467 823 3541 ivit
846 3467 893 3541 ad
914 3467 1111 3561 internum,
1132 3473 1170 3543 et
1186 3468 1296 3542 traxit
1313 3467 1397 3543 inde
1413 3467 1503 3543 Cer·
1574 3464 1577 3491 '

331 3588 463 3662 berum
489 3608 601 3681 quem
628 3589 726 3663 male
750 3588 951 3682 mulctavit,
979 3595 1021 3662 ut
1044 3586 1161 3684 patuit
1178 3588 1251 3663 iarn
1269 3609 1391 3683 supra.
1412 3589 1504 3664 Dicit

331 3727 422 3801 ergo
446 3708 555 3783 bene:
585 3708 734 3781 doncro
759 3715 891 3799 vostro,
917 3708 981 3803 qui
1007 3716 1063 3782 eet
1087 3714 1209 3782 vester
1226 3708 1325 3783 canis
1342 3709 1503 3784 inferna-

331 3828 384 3921 lis,
409 3821 439 3901 si
462 3829 527 3901 den
558 3831 593 3902 oi
620 3830 780 3920 n'cordu,
805 3826 897 3902 idest
921 3828 1016 3902 bene
1041 3828 1250 3904 meminisse
1275 3830 1435 3924 potestis,
1459 3850 1504 3903 ne

327 3957 437 4041 portu
454 3969 566 4022 oncor
588 3952 705 4042 pelato
721 3951 754 4021 et
769 3956 882 4050 nuato
907 3951 963 4023 e’l
984 3969 1114 4040 pozzo,
1139 3949 1285 4045 signum
1305 3950 1503 4046 servitutis,

329 4069 416 4162 quia
441 4074 580 4143 catenae
606 4068 746 4143 iniectae
772 4074 858 4141 sunt
882 4069 929 4142 ad
953 4075 1083 4165 guttur
1109 4076 1146 4144 et
1170 4069 1306 4143 ooiium
1324 4070 1415 4164 eius,
1434 4090 1502 4145 nec

330 4189 496 4285 potuistis
524 4189 700 4284 impedire
729 4189 939 4283 Herculem,
965 4196 1032 4263 aut
1069 4189 1263 4264 vindictam
1302 4190 1424 4265 iacere
1456 4190 1504 4265 de

330 4311 483 4404 Theseo,
508 4309 572 4403 qui
597 4309 736 4384 iecerat
760 4315 835 4383 tam
862 4309 999 4383 durum
1021 4308 1208 4383 insultum.
1228 4307 1312 4385 ldeo
1329 4309 1424 4384 bene
1443 4308 1500 4384 di·

330 4429 461 4504 cebant
477 4429 582 4504 iuriae
599 4449 710 4525 supra
725 4453 735 4502 z
753 4431 828 4502 mul
850 4449 921 4502 non
940 4430 1123 4520 nmpiumo
1139 4431 1177 4502 in
1200 4434 1303 4502 Tesco
1319 4433 1342 4503 t
1354 4433 1501 4523 mutto,
1576 4436 1580 4493 ζ

330 4548 434 4643 qnasi
459 4548 565 4624 dicat
580 4549 663 4625 iste:
689 4549 719 4624 si
745 4549 931 4642 Herculea,
958 4550 1134 4640 Theseus,
1154 4547 1276 4624 Ulixes
1292 4549 1440 4625 iverunt
1455 4551 1503 4626 ud

331 4672 516 4748 internum
543 4670 746 4746 secundum
772 4670 955 4745 fictionem
981 4675 1188 4765 poetarum,
1214 4676 1354 4764 quanto
1371 4671 1503 4745 meiius

394 4934 421 4994 (¹)
436 4933 467 4984 B.
483 4933 580 4984 durum
596 4937 635 4984 cat
651 4932 723 4984 vobi·
738 4937 838 4984 eontra.
933 4931 960 4995 (⁸)
976 4933 1078 4985 ltalia
1093 4931 1211 4986 mnne
1226 4932 1331 4989 m
