4154 6546
465 740 535 808 576
859 753 1062 812 connum
1087 756 1235 812 rurum

461 901 572 972 dictro
589 902 638 972 da
657 902 807 972 tumme
831 903 934 991 lasse,
955 901 1130 976 sciliceta
1151 902 1444 996 feneratoribus,
1462 903 1629 996 quisunt
1713 984 1719 997 Ι

462 1020 498 1092 in
524 1021 696 1095 continuo
721 1020 907 1115 multiplici
933 1022 1059 1097 labore
1072 1030 1115 1097 et
1132 1023 1305 1118 supplicio
1325 1045 1518 1118 manuum,
1538 1045 1629 1099 ocu-

328 1168 333 1184 ’
462 1142 581 1215 lorum
596 1135 645 1236 (¹),
672 1142 733 1216 sed
762 1143 877 1216 multo
903 1142 1019 1239 magis
1044 1144 1080 1216 in
1106 1144 1339 1218 mordacibus
1372 1145 1472 1220 curis
1503 1145 1627 1219 animi.

461 1264 504 1335 Et
529 1263 644 1359 tangit
668 1283 859 1337 ascensum
875 1254 911 1355 (²)
930 1284 1040 1337 suum
1068 1263 1212 1339 diceus:
1240 1269 1356 1352 douai
1378 1269 1409 1339 il.
1428 1269 1519 1339 duca
1544 1268 1628 1357 mio,

461 1382 595 1459 scilicet
618 1384 821 1480 Virgilium,
845 1375 911 1477 qui
928 1374 965 1477 (³)
982 1385 1061 1479 iam
1088 1385 1315 1480 disposuerat
1346 1406 1386 1461 se
1416 1386 1463 1459 ad
1494 1386 1628 1461 trausi-

461 1509 555 1596 tum3
582 1503 664 1577 ideo
688 1504 795 1578 dicit:
822 1507 949 1577 clr'cra
973 1495 1034 1595 pta
1053 1509 1156 1579 raldo
1180 1526 1222 1578 su
1247 1507 1284 1578 la
1307 1525 1446 1598 groppa
1465 1509 1523 1578 dcl
1538 1512 1628 1598 ficto

460 1626 624 1714 animale,
641 1623 776 1698 scilicet
792 1624 968 1718 Gerionis,
987 1645 1062 1717 quo
1085 1624 1226 1717 nullum
1244 1625 1380 1699 animal
1397 1632 1452 1699 est
1468 1626 1627 1699 lerocius

459 1742 496 1815 in
521 1742 674 1837 interno,
694 1764 769 1818 non
789 1744 932 1818 Charon
959 1745 1023 1837 qui
1048 1750 1270 1841 transportat
1293 1746 1435 1821 animas
1459 1745 1626 1819 omnium

458 1863 555 1935 ultra
579 1864 741 1957 primum
767 1864 916 1958 flumen,
942 1885 1016 1938 uon
1042 1865 1207 1961 Phlegias
1238 1866 1301 1960 qui
1335 1865 1455 1939 traicit
1485 1866 1627 1940 animas

456 2005 479 2057 a
503 1983 635 2078 palude
659 1984 919 2080 munitatem,
937 1985 1023 2080 quia
1041 1985 1109 2061 iste
1125 1986 1283 2063 traducit
1297 1975 1333 2079 (⁸)
1351 1986 1492 2060 animas
1508 2008 1531 2061 a
1549 1986 1627 2061 vio·

457 2103 566 2178 leutia
590 2103 637 2178 ad
663 2105 956 2198 fraudulentiam,
976 2127 1060 2198 quae
1077 2105 1219 2180 excedit
1236 2105 1410 2179 malitiam
1436 2113 1474 2180 et
1499 2107 1626 2181 inocu-

456 2223 656 2320 tinentiam,
682 2225 768 2318 quia
793 2235 848 2302 est
872 2233 1056 2322 cooperta,
1074 2226 1123 2300 ita
1149 2226 1247 2319 quod
1274 2228 1384 2300 bomo
1410 2248 1483 2301 nou
1507 2234 1626 2322 potest

455 2345 582 2441 vitare,
609 2354 645 2422 et
670 2346 746 2445 agit
771 2367 856 2420 cum
883 2348 1071 2422 electione.
1098 2348 1143 2420 Et
1172 2348 1231 2421 bic
1257 2353 1341 2421 uota
1367 2348 1465 2442 quod
1491 2349 1625 2423 Gerion
1757 2413 1760 2417 ,

456 2486 520 2539 rer
547 2466 613 2539 luit
640 2468 818 2542 violentus
841 2473 879 2542 et
904 2468 1169 2557 fraudulentus,
1195 2467 1277 2542 ideo
1308 2467 1403 2542 bene
1425 2475 1537 2542 autor
1562 2468 1625 2543 dat

453 2585 519 2658 sibl
544 2587 707 2660 officium
734 2588 972 2662 transterendi
997 2588 1137 2662 animas
1157 2608 1184 2661 a
1210 2588 1291 2661 loeo
1311 2589 1553 2662 violentorum
1575 2589 1622 2663 ad

454 2708 575 2781 locum
596 2709 932 2783 fraudulentorum:
951 2715 989 2783 et
1014 2719 1137 2785 tamen
1162 2710 1336 2783 Hercules
1362 2709 1445 2785 vicit
1469 2729 1558 2784 eum
1583 2715 1622 2784 ct

453 2828 610 2922 privavit
634 2829 733 2903 omui
759 2830 917 2924 potentia
944 2851 1022 2923 sua,
1041 2831 1127 2922 quia
1148 2830 1265 2903 virtus
1289 2837 1327 2904 et
1351 2830 1525 2924 sapientia
1543 2830 1622 2904 vin-

453 2948 501 3022 cit
526 2954 562 3022 et
587 2949 783 3053 prosternit
808 2950 986 3024 fraudem.
1013 2951 1057 3023 Et
1081 2949 1182 3044 ponit
1206 2950 1395 3024 consilium
1419 2950 1555 3046 Virgilii
1575 2950 1622 3026 ad

452 3090 503 3165 se,
528 3071 668 3144 diceus:
687 3075 720 3143 Ε
741 3074 832 3144 disse
856 3093 880 3143 a
906 3092 979 3144 me:
996 3093 1041 3145 or
1056 3074 1100 3144 sti
1111 3075 1205 3164 sorte
1222 3093 1240 3144 c
1257 3074 1386 3162 arctim,
1404 3072 1491 3165 quia
1513 3071 1622 3146 modo

451 3191 607 3286 expedit,
634 3191 720 3285 quia
733 3183 770 3283 (⁶)
798 3191 972 3268 lortitudo
998 3199 1053 3266 est
1075 3202 1202 3268 contra
1221 3192 1405 3286 terribilia,
1423 3198 1461 3266 et
1476 3193 1621 3265 nullum

450 3319 505 3386 est
530 3318 734 3415 monstrum
762 3312 958 3386 terribilius
988 3312 1025 3385 in
1058 3312 1211 3406 interno,
1240 3333 1314 3387 non
1343 3312 1525 3386 Cerberus
1553 3312 1621 3385 ha·-

449 3432 539 3506 bens
565 3432 633 3509 tria
660 3431 787 3525 capita,
815 3452 887 3504 uon
920 3432 1146 3505 Minotaurus
1179 3433 1317 3506 babens
1345 3432 1419 3506 duo
1451 3452 1617 3526 corpora,

449 3553 534 3647 quia
551 3552 686 3627 Gerion
706 3553 815 3626 babet
833 3553 901 3626 tria
917 3543 968 3646 (⁶),
985 3560 1023 3627 et
1040 3553 1120 3648 plus
1137 3553 1236 3627 laedit
1252 3574 1339 3627 cum
1357 3553 1486 3647 cauda,
1504 3574 1616 3646 quam

448 3682 571 3749 cetera
596 3674 764 3747 animalia
790 3695 876 3748 curn
902 3674 1086 3768 comibus,
1104 3675 1273 3750 dentibus
1288 3682 1327 3749 ct
1345 3675 1507 3770 pedibus.
1533 3675 1617 3749 ldeo

448 3796 543 3870 bene
559 3802 615 3868 est
635 3815 728 3888 opus
745 3794 802 3867 hic
819 3794 915 3868 bona
932 3794 1097 3889 audacia,
1115 3815 1200 3888 quae
1216 3797 1298 3891 plus
1315 3796 1486 3890 importat
1502 3815 1615 3887 quam

448 3914 639 4009 tortitud03
658 3914 739 3988 ideo
756 3915 915 4010 assignat
931 3934 1082 3988 causam
1098 3914 1239 3990 dicens:
1257 3918 1353 3988 moni
1367 3918 1400 3988 st
1414 3917 1537 3987 scendo
1550 3935 1617 4011 per

446 4022 712 4131 sisutlc'scale,
738 4034 843 4127 quasi
872 4033 990 4108 dicat:
1023 4056 1095 4108 uon
1132 4035 1243 4110 babes
1274 4036 1431 4130 amplius
1463 4036 1617 4111 transire

447 4177 513 4251 per
537 4155 673 4249 navim,
703 4154 797 4228 sicut
821 4155 900 4249 jam
930 4153 985 4229 bis
1019 4154 1142 4249 iecisti,
1169 4154 1242 4230 imo
1276 4177 1342 4250 per
1373 4166 1448 4232 tam
1481 4177 1617 4230 novam

446 4279 593 4371 scalam,
620 4296 704 4370 quae
729 4281 785 4350 est
811 4277 904 4351 sacta
934 4296 979 4351 ex
1010 4276 1128 4350 tribus
1159 4275 1310 4351 diversis
1334 4274 1520 4374 gradibus,
1546 4277 1616 4350 sci-

446 4399 528 4473 licet
553 4397 712 4490 bomine,
739 4402 918 4492 serpente,
945 4397 1145 4492 scorpione.
1172 4398 1216 4469 Et
1240 4396 1414 4471 continuo
1445 4396 1616 4492 Virgilius

445 4527 526 4614 post
550 4520 676 4593 datum
707 4517 899 4591 eonsilium
928 4518 1100 4614 generale
1133 4517 1335 4612 specialiter
1363 4517 1529 4612 providet
1561 4517 1616 4590 in·

509 4732 536 4792 (¹)
552 4731 584 4780 E.
599 4732 798 4798 oculorumque,
815 4733 875 4785 ltcet
890 4734 985 4786 multo.
1117 4734 1144 4796 (¹)
1161 4739 1215 4792 tto,
1233 4733 1392 4784 descensum.

506 4808 533 4870 ζ’)
551 4810 580 4857 E.
598 4811 700 4873 quilla.
1116 4809 1145 4873 (⁸)
1161 4812 1191 4861 Ε.
1209 4812 1302 4861 traidt.

508 4884 534 4946 (¹)
552 4888 604 4942 tlt,
623 4899 681 4936 oum
699 4887 831 4940 tortitudo.
1118 4887 1186 4948 dl&
1202 4889 1252 4938 trla
1268 4900 1387 4952 corpora.
