4154 6546
448 771 519 838 386
843 782 1045 837 conunruu
1072 781 1222 835 rursum

445 931 528 1023 bile,
547 931 633 1024 quia
644 928 840 1022 aliquando
851 928 998 1005 auditus
1015 928 1212 1005 estsimilis
1233 948 1351 1021 casus,
1368 926 1503 1001 seilicet
1516 924 1618 1021 quod

445 1050 629 1126 rationalis
655 1050 823 1123 babuerit
849 1070 928 1123 rem
954 1069 1040 1122 cum
1062 1050 1194 1141 bruto;
1223 1047 1321 1121 unde
1338 1046 1507 1143 Virgilius
1524 1047 1620 1121 libro

446 1171 729 1244 ltuobolicorum
756 1171 918 1243 maxime
944 1171 1144 1246 detestatur
1170 1169 1274 1244 istam
1301 1167 1505 1261 Pasipbem,
1522 1178 1559 1244 et
1578 1161 1616 1258 (¹)

445 1311 555 1385 saepe
585 1298 691 1364 vocat
723 1291 913 1383 infelicem,
946 1291 1031 1383 quia
1058 1288 1288 1365 commiscuit
1316 1308 1356 1363 se
1384 1288 1533 1362 animali
1561 1290 1619 1363 al·

445 1410 560 1485 terius
585 1410 727 1505 speciei.
755 1410 926 1487 Similiter
951 1420 1061 1486 autor
1086 1418 1209 1485 noster
1236 1409 1304 1482 boc
1321 1407 1466 1483 videtur
1483 1408 1620 1483 sentire

445 1529 651 1625 Purgatorii
678 1529 836 1624 capitulo
862 1529 985 1602 xxvi.
1004 1530 1083 1602 Non
1108 1528 1218 1605 etiam
1236 1527 1344 1602 debet
1362 1526 1476 1601 videri
1492 1517 1528 1620 θ)
1547 1527 1620 1601 du·

447 1670 544 1744 rum,
569 1651 723 1725 credere
748 1650 846 1744 quod
875 1661 1005 1727 taurus
1035 1649 1239 1723 ascenderit
1263 1668 1413 1721 vaccam
1447 1648 1616 1743 ligneam.
1655 1629 1662 1641 ’

446 1770 574 1845 Nonne
591 1761 628 1863 (³)
654 1770 820 1844 Valerius
847 1777 972 1844 narrat
996 1770 1042 1843 de
1071 1775 1180 1843 tauro
1212 1768 1274 1861 qui
1306 1768 1452 1842 volebat
1481 1786 1620 1863 cogno·

446 1910 550 1964 scere
575 1910 726 1964 vaccam
752 1890 915 1983 pictam?
941 1877 1129 1982 quantot‘)
1151 1888 1280 1961 lortius
1299 1887 1406 1962 istam
1428 1893 1502 1961 tam
1528 1888 1618 1961 arli-

445 2010 609 2084 ficialiter
642 2014 876 2106 apparatam!
907 2011 950 2083 Et
983 2009 1099 2104 posito
1133 2007 1231 2101 quod
1251 1999 1288 2098 (⁵)
1323 2029 1397 2082 non
1427 2007 1617 2085 intraverit

447 2132 557 2205 talem
584 2151 746 2224 vaccam,
773 2151 894 2204 nonne
908 2120 944 2222 (⁶)
972 2135 1090 2224 potest
1106 2128 1174 2202 dici
1192 2128 1328 2223 optime
1348 2129 1448 2221 quod
1465 2129 1618 2223 Pasipbe

446 2251 635 2325 intraverit
660 2253 817 2325 sormam
842 2270 975 2343 vaccae,
993 2260 1031 2326 et
1047 2248 1146 2342 quod
1164 2249 1257 2323 iacta
1274 2249 1319 2325 sit
1339 2268 1427 2323 vere
1440 2238 1477 2339 (⁷)
1505 2268 1618 2323 vacca

447 2370 593 2464 quando
626 2370 793 2444 submisit
826 2391 866 2445 se
901 2373 1038 2443 tauro?
1068 2368 1225 2444 Ulterius
1257 2369 1404 2461 quando
1436 2368 1566 2443 dicitur
1580 2359 1618 2461 (⁸)

447 2491 545 2584 quod
571 2511 617 2564 ex
643 2491 796 2585 Pasipbe
821 2496 929 2563 natus
955 2497 1010 2563 est
1031 2489 1125 2562 iilius
1143 2487 1206 2581 qui
1221 2480 1257 2578 (⁹)
1277 2495 1382 2582 parte
1397 2495 1478 2564 erat
1495 2490 1618 2584 bomo,

447 2632 514 2706 pro
550 2616 653 2703 parte
685 2615 834 2702 taurus;
867 2620 905 2685 et
933 2609 1028 2682 istud
1055 2615 1173 2683 totum
1205 2629 1336 2683 verum
1358 2600 1410 2699 (¹⁰)
1441 2619 1507 2701 est,
1532 2609 1618 2702 quia
1690 2688 1704 2707 ,

449 2731 674 2803 Minotaurus
700 2734 880 2821 quantum
906 2727 952 2801 ad
979 2727 1136 2824 liguram
1167 2727 1320 2801 bumani
1350 2728 1512 2822 corporis
1538 2735 1619 2804 erat

448 2852 571 2942 homo,
597 2856 634 2923 et
660 2855 783 2923 tamen
809 2856 989 2941 quantum
1014 2848 1061 2922 ad
1079 2842 1132 2941 (Η)
1163 2849 1274 2923 vitam
1307 2849 1365 2923 vel
1392 2869 1512 2925 mores
1537 2858 1619 2926 erat

448 2970 575 3061 bestia,
601 2968 695 3043 sicut
718 2967 860 3045 dicetur
885 2969 995 3062 paulo
1024 2967 1116 3041 inira
1146 2967 1192 3042 de
1216 2969 1417 3062 centauris3
1443 2970 1507 3044 sed
1536 2971 1617 3046 ideo

448 3091 568 3184 potius
592 3111 614 3164 a
640 3089 755 3184 poetis
784 3089 1009 3163 convertitur
1042 3089 1079 3162 in
1112 3099 1273 3181 taurum,
1309 3110 1420 3182 quam
1448 3090 1485 3164 in
1518 3092 1616 3166 aliud

446 3210 593 3301 animal,
620 3209 706 3302 quia
733 3220 832 3285 recte
857 3209 924 3282 luit
949 3216 1079 3282 tauros
1103 3209 1286 3303 silvestris
1313 3209 1425 3303 sortis,
1451 3218 1489 3285 et
1512 3211 1614 3286 ieron

447 3329 629 3405 violentus
653 3329 716 3422 qrri
747 3329 920 3403 cornibus
952 3328 1131 3422 superbiae
1162 3336 1199 3403 et
1224 3329 1421 3403 iracundian
1445 3351 1523 3405 suae
1547 3331 1619 3405 im·

447 3451 593 3545 petebat
607 3442 659 3541 (¹²)
682 3470 811 3523 omnes
829 3460 866 3526 et
883 3450 1132 3523 delectabatur
1154 3448 1331 3544 sanguine
1348 3456 1385 3523 et
1401 3451 1517 3545 caede3
1535 3451 1617 3527 ideo

446 3572 541 3645 bene
566 3569 697 3643 dicitur
722 3569 821 3661 quod
846 3569 999 3643 vorabat
1024 3569 1200 3661 homines,
1219 3569 1304 3663 quia
1323 3569 1369 3643 de
1386 3570 1440 3643 rei
1465 3572 1620 3649 veritate

448 3689 601 3762 satiabat
625 3688 878 3763 crudelitatem
896 3709 1001 3761 suam
1019 3689 1197 3784 sanguine
1214 3690 1417 3784 bominum,
1435 3699 1473 3764 et
1489 3692 1538 3765 illi
1555 3692 1619 3785 qui

450 3811 689 3884 mittebantur
714 3809 762 3882 ab
787 3809 934 3882 Athenis
959 3809 1186 3903 cogebantur
1213 3811 1340 3884 luctari
1359 3833 1498 3906 secum,
1524 3835 1620 3907 quo·

449 3950 532 4002 rum
561 3930 681 4001 nullus
706 3934 849 4022 poterat
875 3927 1033 4001 ovarlore
1053 3929 1303 4003 crudelitatem
1327 3931 1425 4025 eius;
1447 3932 1509 4005 sod
1528 3931 1620 4006 iina-

450 4050 532 4124 liter
548 4049 708 4150 Theseus
733 4048 859 4121 lavore
876 4047 1043 4120 Adrianus
1059 4038 1110 4139 (¹³)
1130 4049 1302 4123 mactavit
1319 4052 1483 4123 cumbis
1499 4053 1619 4124 omni-

447 4170 517 4243 bus
537 4170 593 4243 bic
611 4169 742 4245 notatis
767 4173 870 4262 potes
895 4166 1046 4241 faciliter
1064 4168 1290 4261 perpendere
1303 4158 1355 4261 (“)
1374 4191 1492 4263 quare
1509 4181 1619 4248 autor

449 4313 1617 4328 ——-—————-—————-———-

510 4369 538 4431 (¹)
552 4369 582 4418 E.
598 4374 624 4418 ct
640 4369 757 4418 eamdem
774 4381 849 4430 sape.
1072 4366 1100 4428 (¹)
1116 4368 1142 4418 S.
1160 4370 1240 4419 vileri
1256 4372 1351 4419 mirum
1367 4372 1437 4434 quod
1455 4378 1553 4423 taurus.

509 4447 535 4505 (¹)
552 4446 582 4494 E.
598 4446 666 4494 Num
683 4458 724 4494 ne.
1073 4446 1098 4505 (⁸)
1116 4446 1145 4494 b
1161 4452 1258 4509 quanto
1273 4461 1337 4511 ergo
1353 4448 1454 4499 lortius.

507 4521 534 4579 (¹)
550 4520 576 4570 S.
593 4521 663 4585 quod
679 4521 821 4570 intraverit.
1073 4521 1100 4581 (⁸)
1116 4521 1146 4570 Ε.
1164 4536 1228 4572 num
1244 4535 1277 4572 no
1293 4525 1387 4586 poterit
1404 4525 1464 4576 dici.

509 4598 535 4657 Ρ)
553 4602 607 4655 111,
624 4611 686 4648 rora
703 4612 787 4647 vacca.
1074 4597 1101 4657 (⁸)
1120 4602 1173 4657 116,
1190 4600 1260 4650 dicit.

509 4673 535 4734 Ρ)
551 4673 576 4723 S.
593 4687 608 4723 e
626 4674 655 4723 B.
673 4675 717 4737 qui
735 4688 782 4736 pro
798 4679 879 4737 parte.
1061 4672 1099 4732 (¹⁰)
1116 4675 1146 4722 lt.
1164 4689 1254 4726 rerum
1271 4677 1329 4727 luit.

495 4752 532 4810 (¹¹)
550 4755 603 4810 111,
621 4751 652 4800 ml
670 4753 752 4800 risum
768 4756 796 4801 et
811 4764 899 4802 mores
915 4757 979 4801 erat
1062 4751 1100 4814 (¹¹)
1118 4755 1172 4812 111,
1188 4752 1341 4816 lmncdiebnt
1355 4744 1482 4806 homines}

496 4824 535 4887 (¹⁸)
553 4826 582 4874 Ε.
600 4826 722 4878 Ariadna
738 4830 859 4877 mactavit
875 4842 944 4877 cum.
962 4829 1000 4877 lix
1017 4829 1137 4878 omnibus
1152 4829 1194 4879 bis
1210 4831 1311 4880 notatis.

500 4904 537 4965 (¹⁸)
553 4904 579 4952 S.
596 4906 825 4967 comprehendere,
841 4920 922 4969 quare
938 4912 1026 4957 autor.
