4154 6546
611 773 682 838 114
1001 733 1203 834 unumunurn
1230 780 1380 834 ruamur

607 928 700 1002 sicut
732 925 871 1000 audiui
905 926 949 997 Et
981 925 1155 998 continuo
1187 924 1308 999 subdit
1339 923 1612 1018 responsionem
1644 921 1780 1018 Virgilii

610 1052 647 1120 et
670 1045 778 1143 dicit:
805 1051 844 1119 et
868 1045 944 1140 ipse
969 1042 1140 1138 Virgilius
1164 1046 1324 1134 nipose:
1347 1044 1517 1132 moenio,
1546 1040 1638 1117 idest
1661 1040 1779 1117 dicam

611 1163 685 1258 tibi,
711 1167 816 1236 mollo
841 1163 955 1251 meve,
981 1162 1068 1254 quia
1088 1161 1135 1237 de
1152 1161 1207 1235 his
1224 1168 1279 1236 est
1295 1160 1401 1235 valde
1416 1159 1578 1236 breviter
1593 1159 1777 1256 agendum

609 1288 646 1356 et
669 1282 831 1357 breviter
856 1280 1135 1374 transeundum,
1161 1280 1348 1353 utstatim
1378 1277 1530 1353 dicetur.
1565 1282 1688 1366 Quot.
1714 1277 1780 1353 Hic

609 1400 780 1497 Virgilius
796 1401 957 1495 assignat
981 1419 1131 1474 causam
1149 1398 1417 1474 lamentationis
1441 1399 1610 1490 istorum,
1633 1397 1779 1472 diceus:

607 1523 715 1619 questi
742 1540 815 1591 uon
845 1521 964 1592 loono
994 1540 1174 1611 speranza
1202 1521 1240 1592 di
1272 1525 1393 1591 morte.
1425 1515 1777 1613 inintelligentiam

607 1639 710 1713 istius
735 1639 851 1713 literae
876 1645 932 1712 est
955 1639 1158 1712 nomadum
1171 1631 1210 1729 ι’)
1234 1637 1335 1732 quod
1363 1637 1394 1711 si
1423 1637 1622 1730 loquamur
1650 1635 1697 1711 de
1721 1636 1781 1709 ln·

607 1758 711 1833 seruo
737 1758 929 1851 essentiali,
953 1764 1063 1831 autor
1087 1777 1220 1833 verum
1234 1748 1272 1848 (¹)
1299 1756 1396 1850 dicit,
1421 1757 1508 1849 quia
1528 1755 1577 1830 ibi
1599 1761 1655 1831 est
1679 1776 1779 1831 mors

609 1877 687 1951 sine
712 1882 842 1950 morte.
869 1876 906 1949 Si
932 1896 1022 1951 vero
1047 1875 1289 1970 intelligamus
1314 1874 1361 1950 de
1386 1875 1528 1968 morali,
1554 1874 1633 1947 vult
1655 1873 1780 1951 dioere

608 2003 716 2070 autor
741 1994 840 2089 quod
865 1993 923 2067 isti
947 1994 1048 2089 viles,
1066 1993 1197 2087 lr'utes,
1219 1999 1262 2066 ut
1285 1993 1488 2088 plurimum
1512 1994 1712 2069 deveniunt
1731 1992 1779 2068 ad

609 2122 683 2189 tam
697 2113 943 2190 miserabilem
957 2113 1040 2187 vitae
1050 2103 1085 2205 (³)
1097 2119 1246 2207 statum,
1255 2112 1352 2207 quod
1364 2132 1461 2205 saepe
1473 2119 1607 2188 vocant
1619 2118 1776 2187 mortem

610 2239 800 2327 tamquam
824 2234 971 2307 dulcem
996 2233 1167 2326 amicam,
1184 2239 1222 2307 et
1246 2233 1306 2305 illa
1322 2230 1539 2327 dedignatur
1555 2231 1684 2307 audire
1700 2252 1776 2308 eos.

607 2353 652 2425 Et
677 2351 744 2426 ista
768 2358 824 2427 est
848 2372 938 2427 vera
961 2351 1096 2446 opinio,
1120 2351 1199 2425 sive
1223 2349 1373 2424 intentio
1396 2350 1549 2441 autoris,
1575 2371 1689 2443 quam
1712 2350 1779 2427 de-

608 2471 723 2545 clarat
739 2470 844 2544 litera
861 2490 1030 2563 sequens,
1047 2491 1131 2562 quae
1148 2468 1254 2543 dicit:
1272 2490 1291 2540 c
1307 2472 1344 2541 lo
1361 2471 1417 2541 lor
1432 2471 1526 2541 ciem
1542 2472 1613 2542 ouo
1631 2462 1668 2542 ἕο
1683 2477 1779 2545 tortto

609 2590 726 2679 uana,
752 2608 839 2660 uam
865 2594 901 2660 et
927 2588 1164 2681 corporaliter
1191 2587 1353 2661 viventes
1378 2587 1514 2660 mortui
1540 2595 1636 2681 sunt,
1660 2591 1779 2663 cll't'o-

610 2708 734 2779 malosi
756 2725 821 2777 son
845 2707 879 2777 α’
893 2709 977 2794 opat
1001 2707 1096 2777 ultra
1111 2713 1218 2795 sorte,
1234 2706 1304 2779 hoc
1319 2711 1387 2799 est,
1405 2706 1504 2799 quod
1523 2706 1580 2780 isti
1597 2707 1634 2780 in
1650 2713 1778 2783 oeutw

610 2812 842 2897 miseriarum
860 2822 963 2916 positi
985 2822 1146 2899 invident
1158 2812 1196 2915 (⁴)
1214 2824 1394 2917 omnibus,
1412 2824 1488 2899 imo
1505 2845 1591 2920 sepe
1612 2825 1778 2920 momnis,

610 2949 648 3017 et
676 2942 799 3014 nullus
828 2939 964 3014 invidet
994 2941 1058 3034 eis,
1088 2943 1174 3034 quia
1207 2943 1434 3017 miserrimus
1464 2946 1614 3038 estqui
1644 2945 1779 3021 misam

611 3060 754 3136 invidet
778 3065 902 3132 Fama.
923 3060 987 3133 Hic
1003 3067 1112 3134 autor
1129 3061 1290 3136 declarat
1306 3082 1371 3156 per
1391 3062 1566 3138 ellectum
1588 3065 1778 3140 cecitatem

611 3186 648 3254 et
672 3179 882 3254 bassitatem
909 3179 991 3253 vitae
1016 3180 1185 3275 istorum,
1202 3182 1288 3275 quia
1304 3202 1390 3257 cum
1412 3185 1626 3260 naturaliter
1650 3204 1780 3261 omnes

610 3304 781 3394 appetant
813 3299 1005 3392 honorem,
1040 3298 1095 3372 isti
1130 3301 1281 3375 omnino
1316 3300 1580 3397 ignoraverunt
1612 3301 1701 3396 quid
1733 3303 1780 3378 sil

610 3418 738 3493 honor.
764 3417 849 3491 ldeo
874 3416 1099 3493 benedicit:
1126 3421 1154 3491 il
1182 3422 1310 3493 mondo
1338 3441 1411 3494 non
1434 3424 1532 3493 lassa
1560 3444 1653 3496 esser
1678 3428 1781 3517 sumo

611 3539 649 3609 di
671 3539 763 3628 loro,
788 3543 826 3610 et
850 3536 918 3610 ista
943 3537 1048 3611 litera
1081 3537 1167 3611 dicit
1197 3558 1369 3632 expresse
1398 3539 1498 3632 quod
1522 3542 1691 3634 superius
1714 3542 1781 3619 de-

610 3655 720 3730 bebat
743 3654 824 3748 dici,
849 3657 908 3726 olle
932 3659 1041 3727 casser
1069 3658 1187 3728 sencio
1215 3660 1330 3749 loma,
1360 3663 1397 3730 et
1427 3677 1510 3750 uon,
1539 3662 1656 3732 seoda
1683 3662 1780 3753 insa·

611 3777 710 3868 ιιιὲας
740 3794 826 3846 uam
851 3779 938 3846 sunt
962 3773 1010 3846 ibi
1030 3764 1066 3865 (Β)
1094 3773 1247 3847 infantes
1271 3774 1370 3866 quod
1395 3777 1636 3849 nusoioordia
1659 3798 1678 3849 e
1701 3780 1779 3868 piu-

611 3896 709 3967 slita'u
725 3896 750 3967 li
768 3895 912 3983 sdepna.
937 3893 983 3965 Et
1007 3893 1053 3966 ad
1078 3891 1352 3989 intelligentiam
1376 3893 1479 3966 istius
1507 3893 1622 3969 literae
1640 3887 1777 3988 uotal⁶l

611 4012 722 4106 quod,
750 4012 781 4085 si
811 4012 1009 4106 loquamur
1038 4012 1084 4087 de
1114 4011 1260 4088 lulerno
1291 4012 1484 4107 essentiali,
1513 4013 1618 4089 litera
1647 4023 1704 4090 eat
1724 4017 1779 4092 sic

612 4132 849 4226 exponenda:
885 4135 1126 4206 momordic
1155 4135 1181 4205 li
1209 4134 1356 4223 saepo,
1385 4134 1472 4226 qma
1503 4154 1572 4208 uec
1596 4135 1779 4231 Purgato-

613 4250 709 4324 rium
735 4270 803 4325 nec
828 4250 1021 4325 Paradisus
1046 4251 1173 4345 recipit
1197 4270 1279 4345 eos3
1303 4254 1449 4342 insucto,
1467 4250 1553 4345 qnia
1577 4273 1646 4328 nec
1665 4255 1776 4331 etiam

612 4371 778 4448 luleruus
809 4371 935 4465 recipit
972 4390 1047 4464 eos,
1082 4370 1158 4445 imo
1178 4359 1214 4463 (⁷)
1244 4376 1432 4466 ponuntur
1460 4377 1566 4446 entra
1592 4372 1777 4449 osculnm

613 4538 700 4554 —

674 4652 703 4714 (¹)
719 4653 745 4701 S.
762 4655 903 4703 sciendum.
1338 4651 1368 4715 ρ)
1381 4651 1410 4703 8.
1426 4651 1491 4703 bene
1505 4651 1577 4702 niun

675 4728 702 4790 (Ἰ
716 4728 742 4778 S.
759 4729 818 4778 vilo
834 4731 976 4779 terminum
990 4736 1019 4780 et
1034 4734 1140 4781 statum.
1342 4726 1369 4790 (¹)
1385 4727 1410 4777 S.
1427 4727 1541 4778 invident
1555 4727 1594 4779 eit
1608 4727 1669 4790 quic

675 4804 704 4864 (⁸)
720 4804 760 4864 lt,
778 4809 823 4853 llll
837 4816 853 4854 e
868 4804 894 4854 S.
911 4807 945 4854 lu
962 4805 1069 4856 tutamen
1084 4808 1162 4869 quod.
1341 4803 1410 4868 (tl-8.
1426 4803 1532 4855 advorto
1545 4802 1635 4867 quau

675 4879 703 4942 Γ)
718 4879 744 4930 8.
760 4880 818 4931 ideo
832 4887 975 4945 ponuntur·
