4154 6546
786 776 924 830 caurus
948 774 1103 829 oncmus
1127 773 1288 826 marrus.
1554 759 1624 825 tna

453 925 540 1021 quia
571 924 678 998 dicit:
705 924 764 996 cie
793 925 841 996 do
872 941 962 994 nouo
995 923 1143 993 senuero
1168 940 1232 992 erc
1257 925 1413 1011 seyooto,
1439 916 1526 1012 quia
1552 938 1625 991 non

452 1045 611 1120 habebat
623 1036 660 1136 (¹)
678 1042 840 1136 aliquam
861 1046 1001 1115 certam
1028 1040 1138 1134 viam,
1156 1038 1219 1113 sed
1244 1045 1388 1132 oportet
1405 1037 1460 1112 ire
1484 1038 1530 1111 ad
1548 1037 1624 1112 lor-

452 1173 604 1240 tunam:
631 1171 668 1238 et
692 1164 787 1236 benc
811 1161 913 1257 lingit
938 1161 1037 1255 quod
1053 1152 1089 1253 (²)
1117 1160 1216 1233 nulla
1242 1167 1297 1234 est
1315 1160 1372 1233 via
1392 1165 1502 1252 recta,
1525 1159 1623 1233 nulla

452 1286 544 1360 ratio
575 1274 683 1376 vell³l
712 1303 824 1358 causa
855 1302 939 1376 quae
971 1281 1081 1355 ducat
1116 1280 1300 1354 hominem
1326 1280 1372 1355 ad
1398 1280 1621 1374 desperatio-

451 1427 554 1500 nem;
589 1403 750 1480 secundo
779 1402 866 1497 quia
893 1403 993 1476 nulla
1023 1399 1184 1475 viriditas
1210 1399 1385 1494 crathin,
1419 1421 1492 1473 non
1518 1400 1619 1495 odor,

451 1548 524 1602 non
550 1527 627 1619 llos,
653 1545 726 1598 non
751 1523 892 1598 fructus
907 1510 944 1614 (⁴)
970 1521 1037 1595 nisi
1068 1541 1157 1596 aves
1190 1519 1397 1594 loedissimae
1412 1511 1462 1615 (⁵),
1489 1520 1623 1615 turpis-

451 1647 565 1721 simae.
595 1644 686 1719 Dicit
717 1663 829 1739 ergo:
865 1663 937 1714 ooo
962 1643 1092 1735 fronde
1122 1644 1234 1733 ocrdi,
1268 1648 1310 1714 ut
1344 1661 1416 1713 non
1457 1639 1622 1715 videatur

452 1767 550 1862 quod
566 1764 696 1860 aliquis
722 1763 876 1836 istorum
895 1761 1063 1835 habuerit
1090 1781 1254 1854 unquam
1281 1760 1405 1855 vitam,
1423 1781 1483 1833 mo
1508 1763 1545 1833 di
1563 1783 1624 1833 co·

451 1890 508 1961 tor
535 1891 647 1981 sosco,
673 1885 759 1978 quia
793 1883 866 1957 vita
892 1903 1023 1956 eorum
1054 1889 1109 1955 est
1123 1871 1159 1974 (⁶)
1187 1881 1375 1978 denigrata
1410 1881 1558 1956 infamia
1573 1871 1622 1976 (⁷),

452 2012 794 2102 quantumcumque
822 2003 916 2079 torte
941 2002 1051 2078 luerit
1070 1992 1107 2095 (⁸)
1133 2002 1328 2096 aliquando
1363 2002 1526 2098 lamosa;
1552 2025 1624 2076 noo

452 2130 546 2200 romi
576 2128 716 2217 soluti,
750 2146 810 2197 ma
838 2126 963 2197 nodosi
994 2145 1014 2196 e
1044 2126 1178 2214 inculti,
1212 2122 1304 2196 idest
1336 2123 1503 2198 membra
1538 2143 1622 2217 quae

453 2253 716 2323 consenserunt
733 2237 769 2338 (⁹)
798 2245 834 2318 in
862 2265 989 2319 necem
1009 2244 1184 2339 eorporis,
1201 2264 1375 2338 perverso
1407 2266 1478 2318 usu
1510 2246 1622 2320 ratio-

453 2368 518 2462 nis,
544 2389 614 2440 ooo
632 2369 731 2458 pomi
764 2368 795 2437 o’
808 2385 909 2456 uuo,
935 2362 1026 2438 idest
1058 2364 1180 2437 nullus
1210 2362 1361 2457 fructus,
1389 2364 1622 2457 quianullus

452 2494 507 2563 est
523 2488 573 2562 ita
597 2488 807 2579 sceleratus,
826 2484 889 2578 qui
907 2506 980 2559 non
998 2484 1108 2578 possit
1132 2483 1254 2558 lacere
1274 2490 1312 2558 et
1336 2483 1443 2558 iaciat
1459 2486 1620 2580 aliquem

451 2610 614 2682 fructum
644 2615 778 2702 praeter
811 2607 930 2679 solum
963 2605 1209 2699 desperatum,
1235 2614 1272 2682 et
1303 2605 1422 2679 omnis
1451 2615 1621 2700 peccator

451 2735 569 2827 potest
586 2728 705 2803 redire
721 2728 766 2801 ad
784 2728 946 2803 lructum
964 2726 1109 2801 virtutis
1128 2733 1261 2820 praeter
1286 2726 1409 2822 istum,
1426 2730 1622 2802 mosteroli

451 2872 517 2924 coo
542 2857 648 2939 tosco,
674 2848 765 2921 idest
790 2868 974 2924 venenoso
998 2867 1120 2940 succo,
1147 2846 1237 2920 idest
1261 2847 1451 2944 sauguine,
1477 2849 1540 2942 qui
1566 2855 1620 2923 est

452 2970 555 3045 sedes
572 2968 703 3043 animae
729 2988 842 3063 quam
860 2969 927 3042 iste
951 2967 1107 3042 exclusit
1130 2988 1154 3041 a
1178 2988 1218 3042 se
1243 2988 1289 3042 ex
1316 2988 1498 3043 venenosa
1517 2968 1619 3044 rabie

451 3087 720 3187 desperationis.
734 3091 877 3160 -Noo
900 3089 981 3160 luo.
1008 3087 1072 3160 llic
1096 3094 1205 3160 autor
1235 3088 1461 3162 demonstrat
1487 3088 1618 3162 duram

452 3209 777 3286 incarcerationem
804 3208 956 3282 istarum
981 3207 1190 3281 animarum
1217 3214 1368 3306 tangens
1384 3209 1617 3304 asperitatem

449 3333 657 3427 plantarum
689 3349 756 3424 per
784 3349 897 3402 unam
923 3327 1259 3423 comparationem3
1284 3335 1321 3404 et
1354 3331 1433 3405 vult
1457 3329 1618 3405 breviter

449 3451 572 3526 dicere
598 3449 696 3544 quod
723 3449 832 3522 nullm
856 3454 941 3521 suut
967 3448 1063 3521 iaerae
1089 3449 1283 3544 sylvestres
1308 3449 1487 3545 fugientes
1513 3451 1618 3525 iami-

449 3570 643 3644 liaritatem
661 3576 698 3643 et
715 3568 925 3642 sociotatem
943 3568 1147 3662 hominum,
1165 3588 1249 3662 quae
1266 3569 1424 3644 habeant
1436 3554 1521 3645 1οω
1540 3579 1618 3647 tam

448 3688 636 3786 sylvestria
651 3680 704 3780 (¹⁰)
722 3709 789 3781 pro
806 3687 863 3761 sui
880 3687 1113 3780 habitatione,
1133 3687 1228 3761 sicut
1253 3689 1388 3764 habent
1411 3691 1544 3766 animae
1561 3692 1616 3766 ie·

449 3830 553 3884 roces
582 3809 737 3883 istorum
768 3807 1050 3901 desperantium.
1077 3810 1118 3881 llt
1145 3807 1307 3901 loquitur
1336 3811 1538 3906 specialiter
1571 3813 1617 3888 dc

447 3931 515 4004 illis
546 3930 654 4023 iaeriS,
679 3949 763 4023 quae
793 3928 1028 4022 reperiuntur
1061 3929 1096 4001 in
1128 3950 1202 4003 una
1234 3936 1333 4004 certa
1368 3932 1469 4026 sylva
1494 3932 1616 4027 ltaliae,

447 4072 530 4144 quae
548 4050 624 4124 visa
650 4048 717 4123 suit
741 4047 942 4142 asperrima
967 4048 1089 4123 autori
1115 4048 1209 4123 inter
1233 4049 1322 4145 alias
1347 4071 1439 4145 quas
1465 4050 1614 4126 viderat

448 4170 540 4245 llicit
563 4190 676 4265 ergo:
703 4171 810 4260 quelle
836 4170 923 4260 ltere
945 4170 1132 4260 suompte,
1157 4168 1253 4243 sicut
1285 4169 1372 4263 ursi,
1397 4170 1476 4264 apri
1506 4176 1542 4244 et
1566 4171 1616 4244 si-

506 4447 533 4509 (¹)
547 4446 573 4496 S.
590 4459 643 4496 non
658 4445 768 4495 habeon
784 4451 883 4496 eertum
900 4446 976 4505 rium,
993 4445 1037 4495 sert
1054 4445 1198 4508 oportebat.
1271 4443 1297 4508 (¹)
1315 4448 1360 4496 llo
1375 4457 1391 4494 o
1406 4445 1437 4496 lt.
1453 4446 1521 4509 quia.

505 4523 531 4584 (¹l
549 4526 602 4580 1111,
619 4522 661 4572 vel
679 4522 751 4572 nulla
768 4536 844 4573 causa
861 4535 922 4572 vern
939 4536 997 4585 quas
1014 4523 1091 4572 ducat
1108 4522 1235 4572 homines.

506 4599 533 4661 (⁸)
549 4599 580 4648 E.
597 4598 708 4658 tructus,
725 4612 777 4649 nou
793 4611 852 4651 aves
868 4598 975 4662 pulcre,
992 4598 1037 4648 sed
1053 4611 1105 4648 non
1121 4603 1196 4650 crant
1211 4598 1258 4649 nisi
1274 4610 1334 4648 ares
1350 4597 1496 4650 tmuium
1512 4603 1540 4648 ot
1556 4602 1615 4648 tur·

446 4676 563 4740 pissime

506 4751 534 4813 (⁸)
551 4753 606 4810 uo,
623 4750 797 4802 solidissimo.
1273 4749 1300 4812 (“)
1317 4754 1371 4811 llo,
1387 4754 1454 4800 crat.

505 4828 532 4889 (’)
549 4827 579 4878 Ε.
596 4829 650 4878 sola
666 4827 779 4879 iufamia.
1270 4826 1297 4890 (¹)
1313 4827 1343 4877 E.
1360 4825 1451 4878 eoem
1465 4826 1611 4892 almanno.

505 4905 532 4965 (⁹)
547 4904 573 4955 S.
591 4918 605 4954 e
623 4909 676 4966 lto,
693 4907 886 4957 consentierunt
901 4907 928 4956 in
944 4918 1035 4957 necem
1051 4905 1178 4969 corporis.
1259 4901 1298 4968 θ’)
1315 4908 1369 4966 lto,
1385 4902 1519 4967 miram.
