3990 6540
706 828 844 882 murus
869 828 1045 895 otlandus
1394 824 1462 889 1⁴7

293 978 378 1071 qnia
393 969 431 1068 (⁴)
456 981 543 1049 sunt
567 974 645 1047 sine
670 973 812 1068 magnis
837 972 948 1066 viciis,
968 973 1014 1046 ad
1035 993 1120 1066 quae
1138 973 1305 1068 requitur
1330 996 1464 1074 magna

292 1116 384 1190 pena
410 1094 519 1170 etiam
546 1092 767 1186 temporalis,
794 1092 888 1165 sicut
912 1092 1049 1186 patebit
1068 1093 1105 1166 in
1121 1113 1306 1189 processu,
1332 1097 1368 1171 iu
1390 1098 1464 1171 sin-

290 1217 386 1313 gulis
409 1214 607 1312 generibus
633 1212 824 1305 viciorum,
851 1231 975 1307 neque
997 1214 1184 1310 agitantur
1214 1216 1359 1290 casibus
1388 1218 1463 1292 lor-

293 1345 404 1429 tunoe,
429 1336 523 1409 siout
548 1334 691 1428 vulgus,
718 1332 804 1425 quia
831 1332 966 1407 virtute
986 1338 1024 1406 et
1043 1334 1236 1429 prudentia
1253 1357 1320 1409 sua
1341 1338 1463 1411 omnia

294 1454 543 1530 moderantur.
562 1450 615 1524 Ad
641 1452 784 1525 literam
801 1471 892 1547 ergo
908 1452 994 1526 dicit
1009 1459 1143 1527 autor:
1163 1459 1243 1528 Non
1267 1476 1332 1528 ero
1358 1459 1468 1547 tropo

294 1596 404 1647 aanor
430 1577 467 1646 lo
491 1579 615 1645 amaa
641 1573 699 1643 oia
723 1574 761 1644 di
785 1591 856 1662 pua
880 1574 944 1644 dol
964 1594 1066 1666 sorno,
1091 1574 1183 1648 idest
1207 1595 1280 1650 nou
1305 1576 1464 1649 multum

294 1696 482 1768 iveramus
498 1699 580 1787 post
596 1691 785 1764 introitum
804 1691 912 1784 primi
929 1692 1066 1787 circuli,
1089 1694 1150 1766 ubi
1168 1694 1338 1768 terribilis
1354 1714 1467 1769 soum

295 1816 541 1888 lamentorum
567 1810 739 1885 excitavit
761 1816 931 1883 autorem
955 1809 1210 1906 dormientem,
1227 1820 1270 1886 ut
1294 1814 1410 1908 patuit
1429 1814 1465 1885 in

296 1933 470 2026 principio
494 1930 661 2024 capituli:
687 1930 745 2004 vel
769 1929 973 2002 seeundum
1003 1930 1111 2004 aliam
1142 1930 1309 2006 literam:
1335 1935 1373 2005 di
1396 1952 1468 2025 prro

296 2057 358 2125 ‹lol
380 2072 505 2142 sonno,
523 2051 614 2124 idest
638 2056 833 2144 postquam
859 2050 1038 2124 excitatus
1062 2072 1146 2124 sum
1168 2052 1297 2127 abillo
1319 2074 1465 2145 somno;

296 2180 350 2246 est
377 2180 500 2245 tamen
526 2171 622 2246 idem
648 2190 792 2262 sensus;
814 2172 943 2259 quand
956 2173 991 2241 io
1008 2174 1079 2243 vidi
1095 2192 1143 2245 rra
1159 2176 1255 2266 sooo,
1270 2176 1330 2246 rte
1346 2159 1489 2246 vince&

295 2295 498 2385 emperia
522 2293 560 2363 di
584 2291 732 2379 terebra,
749 2289 840 2362 idest
859 2290 1057 2383 superabat
1076 2297 1116 2365 et
1130 2292 1281 2389 lugebat
1297 2294 1467 2368 tenebras

297 2412 429 2486 lulerni
459 2411 496 2485 in
527 2418 631 2505 parte
655 2410 732 2500 illa;
766 2427 851 2481 nam
882 2409 1048 2483 lniernus
1081 2413 1230 2506 ponitur
1257 2414 1306 2487 ab
1336 2421 1469 2489 autore

296 2552 376 2608 esse
391 2524 427 2624 (¹)
454 2552 477 2605 a
502 2537 630 2605 centro
655 2537 764 2604 terrae
789 2550 912 2624 supra,
946 2529 994 2604 ita
1024 2532 1123 2624 quod
1153 2540 1209 2607 est
1239 2534 1309 2607 sub
1341 2540 1468 2608 nostro

297 2651 515 2746 bemisperio
539 2648 729 2743 superiori,
756 2648 854 2741 qnod
885 2654 995 2723 autor
1019 2658 1127 2724 vocat
1152 2652 1415 2747 hemisperium
1429 2644 1466 2745 (⁸)

298 2773 500 2846 medietatis
517 2771 611 2862 coeli,
631 2769 729 2842 unde
744 2766 877 2842 dicitur
896 2769 944 2844 ab
965 2771 1066 2861 terni,
1084 2771 1181 2864 quod
1199 2778 1255 2846 est
1274 2775 1468 2866 drudam,

298 2898 335 2964 et
371 2894 514 2982 sptoero
532 2878 582 2980 (⁸).
621 2887 723 2962 Unde
761 2888 1020 2983 hemisperium
1057 2891 1227 2985 superius
1262 2892 1466 2988 appellatur

299 3011 357 3082 illa
383 3009 559 3083 medietas
583 3008 663 3100 oeti,
688 3027 773 3101 quae
797 3014 853 3081 est
877 3028 989 3101 supra
1015 3015 1176 3083 termm:
1207 3011 1257 3084 ita
1286 3014 1469 3110 bemiepe-

299 3133 395 3205 rium
422 3130 573 3203 inferius
597 3129 657 3201 illa
683 3127 857 3201 medietas
882 3127 965 3220 celi,
988 3148 1073 3220 quae
1097 3135 1154 3202 est
1182 3128 1277 3205 inira
1302 3140 1467 3225 terram;

300 3273 384 3325 nam
411 3269 558 3344 semper
581 3268 646 3323 serr
672 3248 775 3344 signa
800 3254 886 3319 sunt
911 3267 1022 3342 supra
1047 3255 1198 3343 terram,
1219 3256 1257 3326 et
1272 3270 1337 3325 sex
1364 3252 1469 3345 iutra,

298 3373 344 3447 de
368 3372 501 3464 quibus
528 3367 751 3464 hemisperiis
775 3367 963 3462 sepissime
987 3368 1026 3440 lit
1052 3369 1189 3444 mentio
1209 3370 1245 3443 iu
1271 3368 1340 3445 tsto
1363 3371 1468 3447 libro.

300 3494 395 3588 Ergo
419 3492 514 3565 bene
539 3489 641 3585 lingit
664 3495 775 3562 autor
794 3487 893 3581 quod
909 3487 1003 3584 ignis
1019 3486 1187 3564 vinoebat
1207 3492 1469 3587 bemisperium

299 3612 479 3706 superius,
505 3608 603 3702 quod
628 3615 683 3682 est
699 3607 961 3702 hemisperium
979 3609 1230 3704 tenebrarum,
1248 3612 1335 3705 quia
1351 3613 1468 3708 gloria

298 3734 452 3806 istorum
479 3730 593 3803 claret
618 3732 840 3823 portatum,
865 3735 903 3802 et
928 3727 1039 3802 vincit
1063 3731 1234 3805 tenebras
1254 3732 1490 3839 ignorantie!

299 3864 335 3931 et
352 3856 531 3930 viciorum
548 3853 831 3927 aliorum-Di
846 3855 951 3943 turpi.
970 3853 1036 3926 llio
1050 3862 1171 3947 autor,
1191 3852 1372 3951 descripto
1389 3858 1470 3933 loeo
1507 3904 1512 3915 ·

301 3976 491 4068 luminoso,
523 3972 693 4047 describit
724 3970 946 4045 habitatores
976 3972 1153 4068 gloriosos
1182 3973 1294 4068 ipslm
1318 3974 1405 4069 loei;
1434 3983 1471 4051 et

302 4097 418 4189 primo
444 4095 529 4168 dicit
553 4094 589 4166 iu
615 4092 777 4189 generali
803 4091 902 4184 quod
927 4092 1099 4188 oognorlt
1119 4093 1268 4190 alonge
1283 4114 1471 4193 praeroga-

303 4216 412 4289 tivam
445 4214 605 4307 bonoris,
638 4232 710 4307 qua
741 4211 902 4308 gaudent
936 4212 1003 4285 isti.
1035 4210 1126 4287 llicit
1158 4232 1270 4310 engo:
1297 4219 1345 4289 Di
1375 4218 1473 4308 teupi

302 4338 336 4406 η’
349 4355 518 4407 erooomo
535 4354 672 4406 orooro
687 4353 736 4405 un
746 4351 853 4425 pono,
878 4331 1024 4425 scilicet,
1045 4333 1093 4406 ab
1115 4333 1176 4407 illo
1196 4334 1292 4430 igne,
1316 4354 1376 4407 mo
1399 4354 1479 4407 norr-

361 4566 389 4627 (Ἰ
404 4567 435 4617 tt
450 4568 510 4630 qut·
526 4567 634 4618 morunt
649 4569 704 4618 elue
720 4569 819 4632 magnis
835 4568 912 4627 rtttlr,
929 4578 981 4618 nott
997 4567 1148 4632 mitur
1163 4578 1209 4619 eor
1224 4580 1326 4632 mgna.

361 4642 1199 4708 wlturelnmtroterrnmlorluttquanbmro.

362 4717 388 4778 τ’)
403 4718 430 4769 S.
445 4719 629 4783 berntspertum
652 4721 829 4781 tenebrarum.
845 4721 906 4784 qula
921 4720 1004 4785 pon·
1019 4732 1074 4771 nou
1088 4721 1172 4771 eluet
1186 4730 1233 4785 pu
1248 4724 1335 4771 tutu
1348 4724 1376 4769 et
1392 4720 1469 4771 rlnelt

301 4795 419 4845 tanam
434 4795 588 4859 nuorautlo
602 4802 628 4846 et
645 4797 758 4848 ullum
772 4797 904 4848 mm.
922 4797 958 4847 m
972 4796 1173 4861 upum-lt
1189 4806 1207 4847 ο
1222 4794 1471 4858 lampertum

301 4871 477 4922 tenebrarum.
494 4872 541 4923 nar
556 4878 644 4924 utu
660 4874 872 4938 hemispherium
888 4874 1021 4935 Μῶα
1037 4873 1108 4924 αὑ
1121 4872 1219 4925 ffl
1232 4877 1285 4924 de.

362 4956 389 5014 ξ’)
405 4955 448 5007 (ir.
465 4945 661 5025 ἥμομὶρκυ.
