<?xml version="1.0" encoding="UTF-8"?>
<!DOCTYPE html PUBLIC "-//W3C//DTD XHTML 1.0 Transitional//EN"
    "http://www.w3.org/TR/xhtml1/DTD/xhtml1-transitional.dtd">
<html xmlns="http://www.w3.org/1999/xhtml" xml:lang="en" lang="en">
 <head>
  <title>
</title>
<meta http-equiv="Content-Type" content="text/html;charset=utf-8" />
  <meta name='ocr-system' content='tesseract 3.04.00' />
  <meta name='ocr-capabilities' content='ocr_page ocr_carea ocr_par ocr_line ocrx_word'/>
</head>
<body>
  <div class='ocr_page' id='page_1' title='image "./comentumsuperda00benvgoog_0255.png"; bbox 0 0 3990 6540; ppageno 0'>
   <div class='ocr_carea' id='block_1_1' title="bbox 821 784 1574 866">
    <p class='ocr_par' dir='ltr' id='par_1_1' title="bbox 821 784 1574 866">
     <span class='ocr_line' id='line_1_1' title="bbox 821 784 1574 866; baseline -0.004 -10"><span class='ocrx_word' id='word_1_1' title='bbox 821 800 959 856; x_wconf 71' lang='lat' dir='ltr'><strong>murus</strong></span> <span class='ocrx_word' id='word_1_2' title='bbox 984 799 1151 866; x_wconf 79' lang='lat' dir='ltr'><strong>ouanrus.</strong></span> <span class='ocrx_word' id='word_1_3' title='bbox 1503 784 1574 855; x_wconf 76' lang='lat'><strong>203</strong></span> 
     </span>
    </p>
   </div>
   <div class='ocr_carea' id='block_1_2' title="bbox 406 944 1600 4266">
    <p class='ocr_par' dir='ltr' id='par_1_2' title="bbox 406 944 1600 4266">
     <span class='ocr_line' id='line_1_2' title="bbox 406 944 1576 1039; baseline -0.001 -15"><span class='ocrx_word' id='word_1_4' title='bbox 406 950 508 1029; x_wconf 83' lang='lat' dir='ltr'><strong>Pario</strong></span> <span class='ocrx_word' id='word_1_5' title='bbox 532 947 601 1024; x_wconf 86' lang='lat' dir='ltr'><strong>luit</strong></span> <span class='ocrx_word' id='word_1_6' title='bbox 624 965 993 1039; x_wconf 83' lang='lat' dir='ltr'><strong>summenmoroonn,</strong></span> <span class='ocrx_word' id='word_1_7' title='bbox 1010 945 1188 1019; x_wconf 82' lang='lat' dir='ltr'><strong>utstatim</strong></span> <span class='ocrx_word' id='word_1_8' title='bbox 1209 944 1360 1020; x_wconf 73' lang='lat' dir='ltr'><strong>dicmur.</strong></span> <span class='ocrx_word' id='word_1_9' title='bbox 1379 944 1465 1021; x_wconf 92' lang='lat' dir='ltr'><strong>Ideo</strong></span> <span class='ocrx_word' id='word_1_10' title='bbox 1481 945 1576 1023; x_wconf 85' lang='lat' dir='ltr'><strong>hene</strong></span> 
     </span>
     <span class='ocr_line' id='line_1_3' title="bbox 407 1065 1576 1166; baseline -0.005 -18"><span class='ocrx_word' id='word_1_11' title='bbox 407 1069 509 1166; x_wconf 70' lang='lat' dir='ltr'><strong>ungo</strong></span> <span class='ocrx_word' id='word_1_12' title='bbox 532 1069 727 1161; x_wconf 76' lang='lat' dir='ltr'>Homerus,</span> <span class='ocrx_word' id='word_1_13' title='bbox 751 1067 853 1160; x_wconf 86' lang='lat' dir='ltr'><strong>quod</strong></span> <span class='ocrx_word' id='word_1_14' title='bbox 876 1066 1031 1142; x_wconf 78' lang='lat' dir='ltr'><strong>Achilles</strong></span> <span class='ocrx_word' id='word_1_15' title='bbox 1060 1072 1141 1140; x_wconf 88' lang='lat' dir='ltr'><strong>crat</strong></span> <span class='ocrx_word' id='word_1_16' title='bbox 1172 1070 1271 1138; x_wconf 80' lang='lat' dir='ltr'><strong>totus</strong></span> <span class='ocrx_word' id='word_1_17' title='bbox 1303 1065 1576 1142; x_wconf 79' lang='lat' dir='ltr'><strong>invulnerabilia</strong></span> 
     </span>
     <span class='ocr_line' id='line_1_4' title="bbox 406 1185 1577 1287; baseline -0.007 -19"><span class='ocrx_word' id='word_1_18' title='bbox 406 1196 541 1287; x_wconf 82' lang='lat' dir='ltr'><strong>prmter</strong></span> <span class='ocrx_word' id='word_1_19' title='bbox 569 1189 710 1282; x_wconf 85' lang='lat' dir='ltr'><strong>plantas</strong></span> <span class='ocrx_word' id='word_1_20' title='bbox 738 1186 887 1281; x_wconf 90' lang='lat' dir='ltr'><strong>pedum,</strong></span> <span class='ocrx_word' id='word_1_21' title='bbox 912 1185 999 1279; x_wconf 87' lang='lat' dir='ltr'><strong>qnia</strong></span> <span class='ocrx_word' id='word_1_22' title='bbox 1025 1185 1161 1263; x_wconf 80' lang='lat' dir='ltr'><strong>sedicet</strong></span> <span class='ocrx_word' id='word_1_23' title='bbox 1193 1204 1265 1257; x_wconf 94' lang='lat' dir='ltr'><strong>non</strong></span> <span class='ocrx_word' id='word_1_24' title='bbox 1299 1192 1443 1280; x_wconf 85' lang='lat' dir='ltr'><strong>poterat</strong></span> <span class='ocrx_word' id='word_1_25' title='bbox 1467 1206 1577 1282; x_wconf 86' lang='lat' dir='ltr'><strong>supe·</strong></span> 
     </span>
     <span class='ocr_line' id='line_1_5' title="bbox 406 1304 1577 1400; baseline -0.007 -13"><span class='ocrx_word' id='word_1_26' title='bbox 406 1308 481 1387; x_wconf 85' lang='lat' dir='ltr'><strong>ruri</strong></span> <span class='ocrx_word' id='word_1_27' title='bbox 506 1307 574 1382; x_wconf 81' lang='lat' dir='ltr'><strong>nisi</strong></span> <span class='ocrx_word' id='word_1_28' title='bbox 599 1326 665 1400; x_wconf 90' lang='lat' dir='ltr'><strong>per</strong></span> <span class='ocrx_word' id='word_1_29' title='bbox 689 1305 788 1381; x_wconf 83' lang='lat' dir='ltr'><strong>viam</strong></span> <span class='ocrx_word' id='word_1_30' title='bbox 813 1305 976 1398; x_wconf 86' lang='lat' dir='ltr'><strong>amoris;</strong></span> <span class='ocrx_word' id='word_1_31' title='bbox 1002 1325 1088 1379; x_wconf 90' lang='lat' dir='ltr'><strong>narn</strong></span> <span class='ocrx_word' id='word_1_32' title='bbox 1113 1325 1177 1398; x_wconf 78' lang='lat' dir='ltr'><strong>pec</strong></span> <span class='ocrx_word' id='word_1_33' title='bbox 1201 1304 1358 1379; x_wconf 86' lang='lat' dir='ltr'><strong>hominis</strong></span> <span class='ocrx_word' id='word_1_34' title='bbox 1387 1313 1443 1378; x_wconf 85' lang='lat' dir='ltr'><strong>est</strong></span> <span class='ocrx_word' id='word_1_35' title='bbox 1470 1326 1577 1381; x_wconf 90' lang='lat' dir='ltr'><strong>amor</strong></span> 
     </span>
     <span class='ocr_line' id='line_1_6' title="bbox 406 1424 1577 1521; baseline -0.004 -16"><span class='ocrx_word' id='word_1_36' title='bbox 406 1431 499 1521; x_wconf 89' lang='lat' dir='ltr'><strong>eius,</strong></span> <span class='ocrx_word' id='word_1_37' title='bbox 524 1435 562 1502; x_wconf 92' lang='lat' dir='ltr'><strong>et</strong></span> <span class='ocrx_word' id='word_1_38' title='bbox 586 1427 638 1501; x_wconf 83' lang='lat' dir='ltr'><strong>sic</strong></span> <span class='ocrx_word' id='word_1_39' title='bbox 662 1434 780 1501; x_wconf 68' lang='lat' dir='ltr'><strong>masat</strong></span> <span class='ocrx_word' id='word_1_40' title='bbox 803 1425 958 1520; x_wconf 88' lang='lat' dir='ltr'><strong>objectio</strong></span> <span class='ocrx_word' id='word_1_41' title='bbox 983 1445 1101 1519; x_wconf 88' lang='lat' dir='ltr'><strong>quare</strong></span> <span class='ocrx_word' id='word_1_42' title='bbox 1128 1432 1239 1499; x_wconf 87' lang='lat' dir='ltr'><strong>autor</strong></span> <span class='ocrx_word' id='word_1_43' title='bbox 1264 1444 1336 1497; x_wconf 93' lang='lat' dir='ltr'><strong>non</strong></span> <span class='ocrx_word' id='word_1_44' title='bbox 1363 1424 1577 1500; x_wconf 79' lang='lat' dir='ltr'><strong>nominave-</strong></span> 
     </span>
     <span class='ocr_line' id='line_1_7' title="bbox 408 1539 1578 1639; baseline -0.005 -16"><span class='ocrx_word' id='word_1_45' title='bbox 408 1539 504 1639; x_wconf 77' lang='lat' dir='ltr'><strong>ritl¹l</strong></span> <span class='ocrx_word' id='word_1_46' title='bbox 531 1566 642 1639; x_wconf 81' lang='lat' dir='ltr'><strong>snpra</strong></span> <span class='ocrx_word' id='word_1_47' title='bbox 667 1544 843 1619; x_wconf 77' lang='lat' dir='ltr'><strong>Achillem</strong></span> <span class='ocrx_word' id='word_1_48' title='bbox 869 1545 964 1618; x_wconf 87' lang='lat' dir='ltr'><strong>inter</strong></span> <span class='ocrx_word' id='word_1_49' title='bbox 988 1544 1087 1618; x_wconf 87' lang='lat' dir='ltr'><strong>viros</strong></span> <span class='ocrx_word' id='word_1_50' title='bbox 1112 1544 1283 1637; x_wconf 82' lang='lat' dir='ltr'><strong>illustres,</strong></span> <span class='ocrx_word' id='word_1_51' title='bbox 1313 1544 1400 1636; x_wconf 87' lang='lat' dir='ltr'><strong>qnia</strong></span> <span class='ocrx_word' id='word_1_52' title='bbox 1424 1542 1578 1618; x_wconf 74' lang='lat' dir='ltr'><strong>Achilles</strong></span> 
     </span>
     <span class='ocr_line' id='line_1_8' title="bbox 407 1662 1578 1757; baseline -0.006 -14"><span class='ocrx_word' id='word_1_53' title='bbox 407 1668 567 1743; x_wconf 80' lang='lat' dir='ltr'><strong>riocatus</strong></span> <span class='ocrx_word' id='word_1_54' title='bbox 592 1664 686 1740; x_wconf 88' lang='lat' dir='ltr'><strong>vicio</strong></span> <span class='ocrx_word' id='word_1_55' title='bbox 711 1662 868 1739; x_wconf 73' lang='lat' dir='ltr'><strong>luxuriae</strong></span> <span class='ocrx_word' id='word_1_56' title='bbox 887 1669 1057 1737; x_wconf 83' lang='lat' dir='ltr'><strong>mortuus</strong></span> <span class='ocrx_word' id='word_1_57' title='bbox 1074 1670 1130 1738; x_wconf 85' lang='lat' dir='ltr'><strong>cst</strong></span> <span class='ocrx_word' id='word_1_58' title='bbox 1147 1663 1321 1757; x_wconf 73' lang='lat' dir='ltr'><strong>turpiter,</strong></span> <span class='ocrx_word' id='word_1_59' title='bbox 1337 1664 1471 1737; x_wconf 88' lang='lat' dir='ltr'><strong>Hector</strong></span> <span class='ocrx_word' id='word_1_60' title='bbox 1488 1682 1578 1737; x_wconf 88' lang='lat' dir='ltr'><strong>vero</strong></span> 
     </span>
     <span class='ocr_line' id='line_1_9' title="bbox 409 1782 1576 1881; baseline -0.005 -20"><span class='ocrx_word' id='word_1_61' title='bbox 409 1805 577 1881; x_wconf 74' lang='lat' dir='ltr'><strong>pugnano</strong></span> <span class='ocrx_word' id='word_1_62' title='bbox 601 1803 668 1877; x_wconf 88' lang='lat' dir='ltr'><strong>pro</strong></span> <span class='ocrx_word' id='word_1_63' title='bbox 694 1783 809 1876; x_wconf 87' lang='lat' dir='ltr'><strong>patria</strong></span> <span class='ocrx_word' id='word_1_64' title='bbox 835 1789 1006 1857; x_wconf 79' lang='lat' dir='ltr'><strong>mortuus</strong></span> <span class='ocrx_word' id='word_1_65' title='bbox 1033 1789 1090 1857; x_wconf 86' lang='lat' dir='ltr'><strong>cst</strong></span> <span class='ocrx_word' id='word_1_66' title='bbox 1120 1782 1349 1857; x_wconf 77' lang='lat' dir='ltr'><strong>laudabiliter</strong></span> <span class='ocrx_word' id='word_1_67' title='bbox 1378 1782 1414 1856; x_wconf 93' lang='lat' dir='ltr'><strong>in</strong></span> <span class='ocrx_word' id='word_1_68' title='bbox 1440 1782 1576 1876; x_wconf 81' lang='lat' dir='ltr'><strong>prmllo.</strong></span> 
     </span>
     <span class='ocr_line' id='line_1_10' title="bbox 409 1901 1578 1996; baseline -0.005 -15"><span class='ocrx_word' id='word_1_69' title='bbox 409 1905 464 1981; x_wconf 82' lang='lat' dir='ltr'><strong>lle</strong></span> <span class='ocrx_word' id='word_1_70' title='bbox 487 1903 625 1981; x_wconf 76' lang='lat' dir='ltr'><strong>Achille</strong></span> <span class='ocrx_word' id='word_1_71' title='bbox 655 1901 797 1976; x_wconf 88' lang='lat' dir='ltr'><strong>dicetur</strong></span> <span class='ocrx_word' id='word_1_72' title='bbox 826 1901 912 1976; x_wconf 91' lang='lat' dir='ltr'><strong>alihi</strong></span> <span class='ocrx_word' id='word_1_73' title='bbox 941 1921 1040 1996; x_wconf 87' lang='lat' dir='ltr'><strong>sepe,</strong></span> <span class='ocrx_word' id='word_1_74' title='bbox 1068 1909 1106 1976; x_wconf 89' lang='lat' dir='ltr'><strong>ot</strong></span> <span class='ocrx_word' id='word_1_75' title='bbox 1136 1901 1340 1996; x_wconf 77' lang='lat' dir='ltr'><strong>specialiter</strong></span> <span class='ocrx_word' id='word_1_76' title='bbox 1371 1901 1578 1996; x_wconf 80' lang='lat' dir='ltr'><strong>Purgatorii</strong></span> 
     </span>
     <span class='ocr_line' id='line_1_11' title="bbox 410 2018 1580 2118; baseline -0.007 -19"><span class='ocrx_word' id='word_1_77' title='bbox 410 2023 568 2118; x_wconf 81' lang='lat' dir='ltr'><strong>capitulo</strong></span> <span class='ocrx_word' id='word_1_78' title='bbox 598 2022 656 2095; x_wconf 89' lang='lat' dir='ltr'><strong>lll.</strong></span> <span class='ocrx_word' id='word_1_79' title='bbox 683 2021 814 2095; x_wconf 87' lang='lat' dir='ltr'><strong>Dicunt</strong></span> <span class='ocrx_word' id='word_1_80' title='bbox 845 2020 956 2094; x_wconf 90' lang='lat' dir='ltr'><strong>etiam</strong></span> <span class='ocrx_word' id='word_1_81' title='bbox 985 2020 1097 2115; x_wconf 77' lang='lat' dir='ltr'><strong>aliqui</strong></span> <span class='ocrx_word' id='word_1_82' title='bbox 1130 2021 1230 2114; x_wconf 88' lang='lat' dir='ltr'><strong>quod</strong></span> <span class='ocrx_word' id='word_1_83' title='bbox 1257 2020 1412 2095; x_wconf 77' lang='lat' dir='ltr'><strong>Achilles</strong></span> <span class='ocrx_word' id='word_1_84' title='bbox 1441 2018 1580 2094; x_wconf 91' lang='lat' dir='ltr'><strong>amavit</strong></span> 
     </span>
     <span class='ocr_line' id='line_1_12' title="bbox 410 2140 1581 2235; baseline -0.003 -16"><span class='ocrx_word' id='word_1_85' title='bbox 410 2142 620 2219; x_wconf 78' lang='lat' dir='ltr'><strong>Patroclum</strong></span> <span class='ocrx_word' id='word_1_86' title='bbox 647 2140 848 2233; x_wconf 76' lang='lat' dir='ltr'><strong>inhoneste,</strong></span> <span class='ocrx_word' id='word_1_87' title='bbox 874 2140 973 2234; x_wconf 89' lang='lat' dir='ltr'><strong>qnod</strong></span> <span class='ocrx_word' id='word_1_88' title='bbox 998 2140 1329 2233; x_wconf 68' lang='lat' dir='ltr'><strong>anianumque</strong></span> <span class='ocrx_word' id='word_1_89' title='bbox 1354 2147 1441 2214; x_wconf 93' lang='lat' dir='ltr'><strong>tnnc</strong></span> <span class='ocrx_word' id='word_1_90' title='bbox 1466 2159 1581 2235; x_wconf 84' lang='lat' dir='ltr'><strong>pone·</strong></span> 
     </span>
     <span class='ocr_line' id='line_1_13' title="bbox 412 2258 1578 2353; baseline -0.002 -18"><span class='ocrx_word' id='word_1_91' title='bbox 412 2266 515 2335; x_wconf 92' lang='lat' dir='ltr'><strong>retur</strong></span> <span class='ocrx_word' id='word_1_92' title='bbox 531 2260 629 2353; x_wconf 91' lang='lat' dir='ltr'><strong>alihi,</strong></span> <span class='ocrx_word' id='word_1_93' title='bbox 646 2259 710 2334; x_wconf 91' lang='lat' dir='ltr'><strong>uhi</strong></span> <span class='ocrx_word' id='word_1_94' title='bbox 727 2258 878 2353; x_wconf 86' lang='lat' dir='ltr'><strong>punitur</strong></span> <span class='ocrx_word' id='word_1_95' title='bbox 894 2258 1042 2333; x_wconf 86' lang='lat' dir='ltr'><strong>luxuria</strong></span> <span class='ocrx_word' id='word_1_96' title='bbox 1058 2259 1273 2335; x_wconf 76' lang='lat' dir='ltr'><strong>hnatumhs</strong></span> <span class='ocrx_word' id='word_1_97' title='bbox 1290 2260 1385 2333; x_wconf 85' lang='lat' dir='ltr'><strong>inter</strong></span> <span class='ocrx_word' id='word_1_98' title='bbox 1402 2260 1578 2333; x_wconf 76' lang='lat' dir='ltr'><strong>llammac</strong></span> 
     </span>
     <span class='ocr_line' id='line_1_14' title="bbox 412 2378 1580 2475; baseline -0.003 -22"><span class='ocrx_word' id='word_1_99' title='bbox 412 2380 509 2475; x_wconf 69' lang='lat' dir='ltr'><strong>Ergo</strong></span> <span class='ocrx_word' id='word_1_100' title='bbox 533 2379 629 2457; x_wconf 82' lang='lat' dir='ltr'><strong>hone</strong></span> <span class='ocrx_word' id='word_1_101' title='bbox 653 2378 739 2453; x_wconf 89' lang='lat' dir='ltr'><strong>dicit</strong></span> <span class='ocrx_word' id='word_1_102' title='bbox 762 2385 897 2453; x_wconf 89' lang='lat' dir='ltr'><strong>autor:</strong></span> <span class='ocrx_word' id='word_1_103' title='bbox 924 2400 943 2451; x_wconf 86' lang='lat' dir='ltr'><strong>e</strong></span> <span class='ocrx_word' id='word_1_104' title='bbox 968 2381 1039 2451; x_wconf 82' lang='lat' dir='ltr'><strong>uidi</strong></span> <span class='ocrx_word' id='word_1_105' title='bbox 1061 2381 1088 2452; x_wconf 81' lang='lat' dir='ltr'><strong>il</strong></span> <span class='ocrx_word' id='word_1_106' title='bbox 1109 2382 1248 2470; x_wconf 74' lang='lat' dir='ltr'><strong>pronde</strong></span> <span class='ocrx_word' id='word_1_107' title='bbox 1272 2382 1400 2453; x_wconf 73' lang='lat' dir='ltr'><strong>Achille</strong></span> <span class='ocrx_word' id='word_1_108' title='bbox 1423 2381 1485 2452; x_wconf 77' lang='lat' dir='ltr'><strong>cite</strong></span> <span class='ocrx_word' id='word_1_109' title='bbox 1515 2400 1580 2451; x_wconf 86' lang='lat' dir='ltr'><strong>cou</strong></span> 
     </span>
     <span class='ocr_line' id='line_1_15' title="bbox 412 2497 1582 2595; baseline -0.008 -16"><span class='ocrx_word' id='word_1_110' title='bbox 412 2505 524 2579; x_wconf 69' lang='lat' dir='ltr'><strong>Amor</strong></span> <span class='ocrx_word' id='word_1_111' title='bbox 548 2501 587 2571; x_wconf 80' lang='lat' dir='ltr'><strong>ol</strong></span> <span class='ocrx_word' id='word_1_112' title='bbox 607 2499 678 2590; x_wconf 71' lang='lat' dir='ltr'><strong>fine</strong></span> <span class='ocrx_word' id='word_1_113' title='bbox 699 2497 1005 2590; x_wconf 67' lang='lat' dir='ltr'><strong>combremarum</strong></span> <span class='ocrx_word' id='word_1_114' title='bbox 1025 2498 1208 2591; x_wconf 70' lang='lat' dir='ltr'><strong>nequead</strong></span> <span class='ocrx_word' id='word_1_115' title='bbox 1226 2506 1383 2575; x_wconf 83' lang='lat' dir='ltr'><strong>mortem</strong></span> <span class='ocrx_word' id='word_1_116' title='bbox 1406 2498 1582 2595; x_wconf 77' lang='lat' dir='ltr'><strong>pugnavit</strong></span> 
     </span>
     <span class='ocr_line' id='line_1_16' title="bbox 412 2615 1582 2709; baseline 0.002 -21"><span class='ocrx_word' id='word_1_117' title='bbox 412 2624 614 2709; x_wconf 76' lang='lat' dir='ltr'><strong>amaracus,</strong></span> <span class='ocrx_word' id='word_1_118' title='bbox 649 2622 686 2695; x_wconf 84' lang='lat' dir='ltr'><strong>et</strong></span> <span class='ocrx_word' id='word_1_119' title='bbox 718 2615 829 2690; x_wconf 87' lang='lat' dir='ltr'><strong>ctiam</strong></span> <span class='ocrx_word' id='word_1_120' title='bbox 865 2616 1062 2709; x_wconf 78' lang='lat' dir='ltr'><strong>aliquando</strong></span> <span class='ocrx_word' id='word_1_121' title='bbox 1094 2617 1249 2693; x_wconf 79' lang='lat' dir='ltr'><strong>cessavit</strong></span> <span class='ocrx_word' id='word_1_122' title='bbox 1282 2618 1421 2692; x_wconf 87' lang='lat' dir='ltr'><strong>helhre</strong></span> <span class='ocrx_word' id='word_1_123' title='bbox 1450 2637 1582 2692; x_wconf 81' lang='lat' dir='ltr'><strong>amore</strong></span> 
     </span>
     <span class='ocr_line' id='line_1_17' title="bbox 414 2735 1583 2832; baseline -0.007 -15"><span class='ocrx_word' id='word_1_124' title='bbox 414 2736 582 2817; x_wconf 80' lang='lat' dir='ltr'><strong>Briseidis</strong></span> <span class='ocrx_word' id='word_1_125' title='bbox 618 2735 735 2813; x_wconf 82' lang='lat' dir='ltr'><strong>iratus</strong></span> <span class='ocrx_word' id='word_1_126' title='bbox 769 2743 896 2813; x_wconf 84' lang='lat' dir='ltr'><strong>contra</strong></span> <span class='ocrx_word' id='word_1_127' title='bbox 931 2737 1258 2832; x_wconf 73' lang='lat' dir='ltr'><strong>Agamemnonem,</strong></span> <span class='ocrx_word' id='word_1_128' title='bbox 1293 2738 1357 2832; x_wconf 90' lang='lat' dir='ltr'><strong>qui</strong></span> <span class='ocrx_word' id='word_1_129' title='bbox 1395 2737 1583 2832; x_wconf 85' lang='lat' dir='ltr'><strong>eripuerat</strong></span> 
     </span>
     <span class='ocr_line' id='line_1_18' title="bbox 414 2854 1581 2952; baseline 0.003 -23"><span class='ocrx_word' id='word_1_130' title='bbox 414 2875 499 2929; x_wconf 87' lang='lat' dir='ltr'><strong>eam</strong></span> <span class='ocrx_word' id='word_1_131' title='bbox 523 2854 599 2928; x_wconf 90' lang='lat' dir='ltr'><strong>sihi.</strong></span> <span class='ocrx_word' id='word_1_132' title='bbox 614 2893 664 2915; x_wconf 54' lang='grc' dir='ltr'><strong>-ψ</strong></span> <span class='ocrx_word' id='word_1_133' title='bbox 680 2856 755 2931; x_wconf 83' lang='lat' dir='ltr'><strong>Vidi</strong></span> <span class='ocrx_word' id='word_1_134' title='bbox 775 2858 891 2935; x_wconf 75' lang='lat' dir='ltr'><strong>ooo.</strong></span> <span class='ocrx_word' id='word_1_135' title='bbox 917 2856 981 2931; x_wconf 88' lang='lat' dir='ltr'><strong>llic</strong></span> <span class='ocrx_word' id='word_1_136' title='bbox 1006 2863 1115 2931; x_wconf 88' lang='lat' dir='ltr'><strong>anlor</strong></span> <span class='ocrx_word' id='word_1_137' title='bbox 1136 2857 1346 2932; x_wconf 85' lang='lat' dir='ltr'><strong>immediate</strong></span> <span class='ocrx_word' id='word_1_138' title='bbox 1366 2864 1447 2952; x_wconf 81' lang='lat' dir='ltr'><strong>post</strong></span> <span class='ocrx_word' id='word_1_139' title='bbox 1462 2857 1581 2933; x_wconf 78' lang='lat' dir='ltr'><strong>hcln‘i-</strong></span> 
     </span>
     <span class='ocr_line' id='line_1_19' title="bbox 415 2972 1584 3069; baseline 0.002 -21"><span class='ocrx_word' id='word_1_140' title='bbox 415 2975 489 3053; x_wconf 86' lang='lat' dir='ltr'><strong>lom</strong></span> <span class='ocrx_word' id='word_1_141' title='bbox 514 2973 610 3055; x_wconf 85' lang='lat' dir='ltr'><strong>locat</strong></span> <span class='ocrx_word' id='word_1_142' title='bbox 634 2972 801 3053; x_wconf 82' lang='lat' dir='ltr'><strong>Paridem</strong></span> <span class='ocrx_word' id='word_1_143' title='bbox 828 2974 1028 3049; x_wconf 72' lang='lat' dir='ltr'><strong>occisorem</strong></span> <span class='ocrx_word' id='word_1_144' title='bbox 1055 2975 1144 3051; x_wconf 90' lang='lat' dir='ltr'><strong>eius.</strong></span> <span class='ocrx_word' id='word_1_145' title='bbox 1171 2976 1236 3050; x_wconf 86' lang='lat' dir='ltr'><strong>llic</strong></span> <span class='ocrx_word' id='word_1_146' title='bbox 1260 2981 1362 3050; x_wconf 88' lang='lat' dir='ltr'><strong>certo</strong></span> <span class='ocrx_word' id='word_1_147' title='bbox 1381 2982 1499 3069; x_wconf 77' lang='lat' dir='ltr'><strong>puteat</strong></span> <span class='ocrx_word' id='word_1_148' title='bbox 1514 2975 1584 3053; x_wconf 91' lang='lat' dir='ltr'><strong>dlci</strong></span> 
     </span>
     <span class='ocr_line' id='line_1_20' title="bbox 416 3090 1583 3188; baseline 0.003 -19"><span class='ocrx_word' id='word_1_149' title='bbox 416 3091 520 3169; x_wconf 83' lang='lat' dir='ltr'><strong>miles</strong></span> <span class='ocrx_word' id='word_1_150' title='bbox 545 3090 707 3184; x_wconf 78' lang='lat' dir='ltr'><strong>Venerio,</strong></span> <span class='ocrx_word' id='word_1_151' title='bbox 727 3092 848 3186; x_wconf 84' lang='lat' dir='ltr'><strong>polius</strong></span> <span class='ocrx_word' id='word_1_152' title='bbox 872 3113 986 3186; x_wconf 88' lang='lat' dir='ltr'><strong>quam</strong></span> <span class='ocrx_word' id='word_1_153' title='bbox 1010 3094 1144 3174; x_wconf 76' lang='lat' dir='ltr'><strong>hudo.</strong></span> <span class='ocrx_word' id='word_1_154' title='bbox 1165 3094 1300 3185; x_wconf 88' lang='lat' dir='ltr'><strong>Primo,</strong></span> <span class='ocrx_word' id='word_1_155' title='bbox 1317 3102 1480 3188; x_wconf 81' lang='lat' dir='ltr'><strong>aspectu,</strong></span> <span class='ocrx_word' id='word_1_156' title='bbox 1497 3094 1583 3187; x_wconf 79' lang='lat' dir='ltr'><strong>quio</strong></span> 
     </span>
     <span class='ocr_line' id='line_1_21' title="bbox 410 3210 1584 3308; baseline -0.002 -19"><span class='ocrx_word' id='word_1_157' title='bbox 410 3210 558 3307; x_wconf 79' lang='lat' dir='ltr'><strong>juvenis</strong></span> <span class='ocrx_word' id='word_1_158' title='bbox 582 3210 777 3303; x_wconf 79' lang='lat' dir='ltr'><strong>formosos,</strong></span> <span class='ocrx_word' id='word_1_159' title='bbox 796 3230 913 3289; x_wconf 74' lang='lat' dir='ltr'><strong>vanus</strong></span> <span class='ocrx_word' id='word_1_160' title='bbox 937 3218 976 3287; x_wconf 88' lang='lat' dir='ltr'><strong>et</strong></span> <span class='ocrx_word' id='word_1_161' title='bbox 991 3233 1118 3308; x_wconf 82' lang='lat' dir='ltr'><strong>vagus.</strong></span> <span class='ocrx_word' id='word_1_162' title='bbox 1141 3212 1321 3305; x_wconf 75' lang='lat' dir='ltr'><strong>semron,</strong></span> <span class='ocrx_word' id='word_1_163' title='bbox 1339 3213 1478 3305; x_wconf 80' lang='lat' dir='ltr'><strong>hahitn,</strong></span> <span class='ocrx_word' id='word_1_164' title='bbox 1498 3213 1584 3305; x_wconf 83' lang='lat' dir='ltr'><strong>quia</strong></span> 
     </span>
     <span class='ocr_line' id='line_1_22' title="bbox 415 3329 1584 3426; baseline 0 -21"><span class='ocrx_word' id='word_1_165' title='bbox 415 3330 565 3411; x_wconf 79' lang='lat' dir='ltr'><strong>induuo</strong></span> <span class='ocrx_word' id='word_1_166' title='bbox 589 3329 682 3424; x_wconf 80' lang='lat' dir='ltr'><strong>pelo</strong></span> <span class='ocrx_word' id='word_1_167' title='bbox 707 3330 822 3424; x_wconf 82' lang='lat' dir='ltr'><strong>pardi,</strong></span> <span class='ocrx_word' id='word_1_168' title='bbox 840 3338 881 3407; x_wconf 86' lang='lat' dir='ltr'><strong>ut</strong></span> <span class='ocrx_word' id='word_1_169' title='bbox 897 3331 1035 3407; x_wconf 85' lang='lat' dir='ltr'><strong>dictum</strong></span> <span class='ocrx_word' id='word_1_170' title='bbox 1053 3339 1108 3407; x_wconf 86' lang='lat' dir='ltr'><strong>est</strong></span> <span class='ocrx_word' id='word_1_171' title='bbox 1123 3332 1242 3426; x_wconf 91' lang='lat' dir='ltr'><strong>primo</strong></span> <span class='ocrx_word' id='word_1_172' title='bbox 1263 3332 1432 3426; x_wconf 80' lang='lat' dir='ltr'><strong>capitulo.</strong></span> <span class='ocrx_word' id='word_1_173' title='bbox 1452 3331 1584 3424; x_wconf 81' lang='lat' dir='ltr'><strong>lertio,</strong></span> 
     </span>
     <span class='ocr_line' id='line_1_23' title="bbox 414 3451 1586 3548; baseline -0.003 -19"><span class='ocrx_word' id='word_1_174' title='bbox 414 3458 619 3542; x_wconf 74' lang='lat' dir='ltr'><strong>aratura,</strong></span> <span class='ocrx_word' id='word_1_175' title='bbox 642 3451 732 3543; x_wconf 76' lang='lat' dir='ltr'><strong>uuio</strong></span> <span class='ocrx_word' id='word_1_176' title='bbox 755 3451 947 3546; x_wconf 77' lang='lat' dir='ltr'><strong>sagittator</strong></span> <span class='ocrx_word' id='word_1_177' title='bbox 970 3452 1165 3548; x_wconf 80' lang='lat' dir='ltr'><strong>agillimus,</strong></span> <span class='ocrx_word' id='word_1_178' title='bbox 1190 3451 1285 3527; x_wconf 86' lang='lat' dir='ltr'><strong>sicut</strong></span> <span class='ocrx_word' id='word_1_179' title='bbox 1305 3451 1445 3546; x_wconf 81' lang='lat' dir='ltr'><strong>Cupido</strong></span> <span class='ocrx_word' id='word_1_180' title='bbox 1468 3451 1586 3548; x_wconf 75' lang='lat' dir='ltr'><strong>pingi·</strong></span> 
     </span>
     <span class='ocr_line' id='line_1_24' title="bbox 416 3561 1585 3665; baseline -0.005 -14"><span class='ocrx_word' id='word_1_181' title='bbox 416 3578 478 3651; x_wconf 78' lang='lat' dir='ltr'><strong>tur</strong></span> <span class='ocrx_word' id='word_1_182' title='bbox 491 3561 530 3660; x_wconf 79' lang='lat'><strong>(²)</strong></span> <span class='ocrx_word' id='word_1_183' title='bbox 553 3589 640 3643; x_wconf 87' lang='lat' dir='ltr'><strong>cnm</strong></span> <span class='ocrx_word' id='word_1_184' title='bbox 673 3570 822 3665; x_wconf 68' lang='lat' dir='ltr'><strong>sugitur</strong></span> <span class='ocrx_word' id='word_1_185' title='bbox 855 3570 1007 3664; x_wconf 87' lang='lat' dir='ltr'><strong>Quarto,</strong></span> <span class='ocrx_word' id='word_1_186' title='bbox 1032 3572 1183 3647; x_wconf 85' lang='lat' dir='ltr'><strong>mollitie</strong></span> <span class='ocrx_word' id='word_1_187' title='bbox 1208 3572 1364 3664; x_wconf 76' lang='lat' dir='ltr'><strong>virium,</strong></span> <span class='ocrx_word' id='word_1_188' title='bbox 1389 3571 1488 3647; x_wconf 92' lang='lat' dir='ltr'><strong>unde</strong></span> <span class='ocrx_word' id='word_1_189' title='bbox 1512 3572 1585 3646; x_wconf 90' lang='lat' dir='ltr'><strong>llo-</strong></span> 
     </span>
     <span class='ocr_line' id='line_1_25' title="bbox 417 3690 1585 3785; baseline 0.002 -20"><span class='ocrx_word' id='word_1_190' title='bbox 417 3710 543 3769; x_wconf 86' lang='lat' dir='ltr'><strong>merus</strong></span> <span class='ocrx_word' id='word_1_191' title='bbox 569 3690 688 3784; x_wconf 92' lang='lat' dir='ltr'><strong>primo</strong></span> <span class='ocrx_word' id='word_1_192' title='bbox 712 3691 841 3765; x_wconf 86' lang='lat' dir='ltr'><strong>iliados</strong></span> <span class='ocrx_word' id='word_1_193' title='bbox 867 3691 950 3766; x_wconf 87' lang='lat' dir='ltr'><strong>iacit</strong></span> <span class='ocrx_word' id='word_1_194' title='bbox 974 3692 1073 3785; x_wconf 84' lang='lat' dir='ltr'><strong>quod</strong></span> <span class='ocrx_word' id='word_1_195' title='bbox 1099 3693 1232 3768; x_wconf 91' lang='lat' dir='ltr'><strong>llector</strong></span> <span class='ocrx_word' id='word_1_196' title='bbox 1257 3700 1294 3766; x_wconf 89' lang='lat' dir='ltr'><strong>et</strong></span> <span class='ocrx_word' id='word_1_197' title='bbox 1313 3692 1449 3767; x_wconf 88' lang='lat' dir='ltr'><strong>llelena</strong></span> <span class='ocrx_word' id='word_1_198' title='bbox 1466 3692 1585 3767; x_wconf 74' lang='lat' dir='ltr'><strong>incre</strong></span> 
     </span>
     <span class='ocr_line' id='line_1_26' title="bbox 417 3808 1586 3906; baseline 0.004 -26"><span class='ocrx_word' id='word_1_199' title='bbox 417 3815 505 3905; x_wconf 73' lang='lat' dir='ltr'><strong>pant</strong></span> <span class='ocrx_word' id='word_1_200' title='bbox 528 3808 697 3883; x_wconf 84' lang='lat' dir='ltr'><strong>Paridem</strong></span> <span class='ocrx_word' id='word_1_201' title='bbox 722 3809 935 3906; x_wconf 77' lang='lat' dir='ltr'><strong>lugientem.</strong></span> <span class='ocrx_word' id='word_1_202' title='bbox 961 3811 1106 3905; x_wconf 86' lang='lat' dir='ltr'><strong>Quinto,</strong></span> <span class='ocrx_word' id='word_1_203' title='bbox 1123 3812 1271 3904; x_wconf 87' lang='lat' dir='ltr'><strong>allecto,</strong></span> <span class='ocrx_word' id='word_1_204' title='bbox 1289 3813 1378 3905; x_wconf 77' lang='lat' dir='ltr'><strong>uaria</strong></span> <span class='ocrx_word' id='word_1_205' title='bbox 1400 3810 1586 3906; x_wconf 83' lang='lat' dir='ltr'><strong>adjudica·</strong></span> 
     </span>
     <span class='ocr_line' id='line_1_27' title="bbox 417 3928 1587 4027; baseline 0.003 -25"><span class='ocrx_word' id='word_1_206' title='bbox 417 3928 468 4013; x_wconf 78' lang='lat' dir='ltr'><strong>vit</strong></span> <span class='ocrx_word' id='word_1_207' title='bbox 492 3949 644 4023; x_wconf 90' lang='lat' dir='ltr'><strong>pomum</strong></span> <span class='ocrx_word' id='word_1_208' title='bbox 672 3930 815 4021; x_wconf 84' lang='lat' dir='ltr'><strong>Veneri,</strong></span> <span class='ocrx_word' id='word_1_209' title='bbox 833 3939 954 4024; x_wconf 79' lang='lat' dir='ltr'><strong>sprota</strong></span> <span class='ocrx_word' id='word_1_210' title='bbox 979 3932 1126 4007; x_wconf 83' lang='lat' dir='ltr'><strong>Pallade</strong></span> <span class='ocrx_word' id='word_1_211' title='bbox 1142 3939 1179 4006; x_wconf 89' lang='lat' dir='ltr'><strong>et</strong></span> <span class='ocrx_word' id='word_1_212' title='bbox 1196 3933 1349 4006; x_wconf 85' lang='lat' dir='ltr'><strong>lunone.</strong></span> <span class='ocrx_word' id='word_1_213' title='bbox 1371 3932 1429 4005; x_wconf 92' lang='lat' dir='ltr'><strong>Sic</strong></span> <span class='ocrx_word' id='word_1_214' title='bbox 1440 3932 1587 4027; x_wconf 67' lang='lat' dir='ltr'><strong>Juvenu-</strong></span> 
     </span>
     <span class='ocr_line' id='line_1_28' title="bbox 416 4049 1586 4146; baseline -0.002 -17"><span class='ocrx_word' id='word_1_215' title='bbox 416 4068 621 4141; x_wconf 77' lang='lat' dir='ltr'><strong>emorosns,</strong></span> <span class='ocrx_word' id='word_1_216' title='bbox 638 4049 803 4144; x_wconf 85' lang='lat' dir='ltr'><strong>neglecta</strong></span> <span class='ocrx_word' id='word_1_217' title='bbox 829 4051 1003 4145; x_wconf 79' lang='lat' dir='ltr'><strong>sapientia</strong></span> <span class='ocrx_word' id='word_1_218' title='bbox 1029 4059 1067 4126; x_wconf 92' lang='lat' dir='ltr'><strong>et</strong></span> <span class='ocrx_word' id='word_1_219' title='bbox 1091 4052 1289 4145; x_wconf 86' lang='lat' dir='ltr'><strong>opulentia,</strong></span> <span class='ocrx_word' id='word_1_220' title='bbox 1305 4053 1406 4146; x_wconf 92' lang='lat' dir='ltr'><strong>ponit</strong></span> <span class='ocrx_word' id='word_1_221' title='bbox 1421 4072 1586 4146; x_wconf 90' lang='lat' dir='ltr'><strong>pomum,</strong></span> 
     </span>
     <span class='ocr_line' id='line_1_29' title="bbox 418 4150 1600 4266; baseline -0.001 -23"><span class='ocrx_word' id='word_1_222' title='bbox 418 4166 509 4243; x_wconf 83' lang='lat' dir='ltr'><strong>ideot</strong></span> <span class='ocrx_word' id='word_1_223' title='bbox 532 4188 723 4242; x_wconf 85' lang='lat' dir='ltr'><strong>summum</strong></span> <span class='ocrx_word' id='word_1_224' title='bbox 749 4169 888 4243; x_wconf 93' lang='lat' dir='ltr'><strong>honum</strong></span> <span class='ocrx_word' id='word_1_225' title='bbox 909 4170 946 4245; x_wconf 91' lang='lat' dir='ltr'><strong>iu</strong></span> <span class='ocrx_word' id='word_1_226' title='bbox 967 4190 1126 4246; x_wconf 79' lang='lat' dir='ltr'><strong>venerea</strong></span> <span class='ocrx_word' id='word_1_227' title='bbox 1143 4172 1401 4266; x_wconf 78' lang='lat' dir='ltr'><strong>voluptate-</strong></span> <span class='ocrx_word' id='word_1_228' title='bbox 1415 4150 1600 4249; x_wconf 61' lang='lat' dir='ltr'><strong>homno?</strong></span> 
     </span>
    </p>
   </div>
   <div class='ocr_carea' id='block_1_3' title="bbox 417 4285 1589 4743">
    <p class='ocr_par' dir='ltr' id='par_1_3' title="bbox 417 4285 1589 4743">
     <span class='ocr_line' id='line_1_30' title="bbox 418 4285 1588 4386; baseline -0.001 -21"><span class='ocrx_word' id='word_1_229' title='bbox 418 4285 483 4365; x_wconf 83' lang='lat' dir='ltr'><strong>llic</strong></span> <span class='ocrx_word' id='word_1_230' title='bbox 508 4287 639 4363; x_wconf 85' lang='lat' dir='ltr'><strong>ultimo</strong></span> <span class='ocrx_word' id='word_1_231' title='bbox 662 4295 772 4363; x_wconf 87' lang='lat' dir='ltr'><strong>autor</strong></span> <span class='ocrx_word' id='word_1_232' title='bbox 798 4289 963 4363; x_wconf 88' lang='lat' dir='ltr'><strong>nominat</strong></span> <span class='ocrx_word' id='word_1_233' title='bbox 992 4310 1111 4364; x_wconf 93' lang='lat' dir='ltr'><strong>nnnm</strong></span> <span class='ocrx_word' id='word_1_234' title='bbox 1142 4290 1260 4386; x_wconf 76' lang='lat' dir='ltr'><strong>magis</strong></span> <span class='ocrx_word' id='word_1_235' title='bbox 1289 4291 1509 4364; x_wconf 91' lang='lat' dir='ltr'><strong>modernum</strong></span> <span class='ocrx_word' id='word_1_236' title='bbox 1542 4292 1588 4364; x_wconf 87' lang='lat' dir='ltr'><strong>de</strong></span> 
     </span>
     <span class='ocr_line' id='line_1_31' title="bbox 418 4405 1587 4505; baseline 0.002 -22"><span class='ocrx_word' id='word_1_237' title='bbox 418 4411 587 4487; x_wconf 75' lang='lat' dir='ltr'><strong>extremo</strong></span> <span class='ocrx_word' id='word_1_238' title='bbox 611 4405 821 4483; x_wconf 79' lang='lat' dir='ltr'><strong>Occidemis.</strong></span> <span class='ocrx_word' id='word_1_239' title='bbox 850 4409 920 4481; x_wconf 85' lang='lat' dir='ltr'><strong>lste</strong></span> <span class='ocrx_word' id='word_1_240' title='bbox 945 4409 1108 4501; x_wconf 82' lang='lat' dir='ltr'><strong>peccavit</strong></span> <span class='ocrx_word' id='word_1_241' title='bbox 1122 4430 1212 4484; x_wconf 90' lang='lat' dir='ltr'><strong>cum</strong></span> <span class='ocrx_word' id='word_1_242' title='bbox 1229 4429 1349 4484; x_wconf 81' lang='lat' dir='ltr'><strong>uxore</strong></span> <span class='ocrx_word' id='word_1_243' title='bbox 1372 4410 1494 4505; x_wconf 84' lang='lat' dir='ltr'><strong>patrui</strong></span> <span class='ocrx_word' id='word_1_244' title='bbox 1519 4412 1587 4501; x_wconf 87' lang='lat' dir='ltr'><strong>sni,</strong></span> 
     </span>
     <span class='ocr_line' id='line_1_32' title="bbox 417 4523 1587 4621; baseline -0.002 -16"><span class='ocrx_word' id='word_1_245' title='bbox 417 4523 552 4605; x_wconf 75' lang='lat' dir='ltr'><strong>suillum</strong></span> <span class='ocrx_word' id='word_1_246' title='bbox 577 4524 675 4619; x_wconf 68' lang='lat' dir='ltr'><strong>regio</strong></span> <span class='ocrx_word' id='word_1_247' title='bbox 691 4526 802 4601; x_wconf 82' lang='lat' dir='ltr'><strong>llarci</strong></span> <span class='ocrx_word' id='word_1_248' title='bbox 826 4526 873 4602; x_wconf 91' lang='lat' dir='ltr'><strong>de</strong></span> <span class='ocrx_word' id='word_1_249' title='bbox 897 4526 1126 4619; x_wconf 79' lang='lat' dir='ltr'><strong>Curoovalia,</strong></span> <span class='ocrx_word' id='word_1_250' title='bbox 1144 4535 1376 4621; x_wconf 70' lang='lat' dir='ltr'><strong>moveram</strong></span> <span class='ocrx_word' id='word_1_251' title='bbox 1394 4536 1450 4603; x_wconf 75' lang='lat' dir='ltr'><strong>est</strong></span> <span class='ocrx_word' id='word_1_252' title='bbox 1466 4529 1587 4617; x_wconf 74' lang='lat' dir='ltr'><strong>hotta,</strong></span> 
     </span>
     <span class='ocr_line' id='line_1_33' title="bbox 418 4644 1589 4743; baseline 0.003 -24"><span class='ocrx_word' id='word_1_253' title='bbox 418 4652 457 4719; x_wconf 88' lang='lat' dir='ltr'><strong>et</strong></span> <span class='ocrx_word' id='word_1_254' title='bbox 479 4644 736 4739; x_wconf 73' lang='lat' dir='ltr'><strong>cognominata</strong></span> <span class='ocrx_word' id='word_1_255' title='bbox 761 4654 818 4721; x_wconf 82' lang='lat' dir='ltr'><strong>est</strong></span> <span class='ocrx_word' id='word_1_256' title='bbox 847 4647 950 4727; x_wconf 85' lang='lat' dir='ltr'><strong>duva.</strong></span> <span class='ocrx_word' id='word_1_257' title='bbox 982 4647 1046 4723; x_wconf 90' lang='lat' dir='ltr'><strong>llic</strong></span> <span class='ocrx_word' id='word_1_258' title='bbox 1076 4648 1264 4723; x_wconf 72' lang='lat' dir='ltr'><strong>Primanus</strong></span> <span class='ocrx_word' id='word_1_259' title='bbox 1293 4668 1487 4743; x_wconf 83' lang='lat' dir='ltr'><strong>percussos</strong></span> <span class='ocrx_word' id='word_1_260' title='bbox 1517 4651 1589 4723; x_wconf 88' lang='lat' dir='ltr'><strong>telo</strong></span> 
     </span>
    </p>
   </div>
   <div class='ocr_carea' id='block_1_4' title="bbox 480 4911 1320 4982">
    <p class='ocr_par' dir='ltr' id='par_1_4' title="bbox 480 4911 1320 4982">
     <span class='ocr_line' id='line_1_34' title="bbox 480 4911 1320 4982; baseline 0.007 -19"><span class='ocrx_word' id='word_1_261' title='bbox 480 4913 508 4975; x_wconf 77' lang='lat' dir='ltr'><strong>s)</strong></span> <span class='ocrx_word' id='word_1_262' title='bbox 523 4911 550 4963; x_wconf 73' lang='grc' dir='ltr'><strong>Β.</strong></span> <span class='ocrx_word' id='word_1_263' title='bbox 566 4913 716 4965; x_wconf 78' lang='lat' dir='ltr'><strong>oomlurrlc</strong></span> <span class='ocrx_word' id='word_1_264' title='bbox 1088 4915 1116 4977; x_wconf 66' lang='grc' dir='ltr'><strong>ι’)</strong></span> <span class='ocrx_word' id='word_1_265' title='bbox 1134 4921 1188 4975; x_wconf 80' lang='lat' dir='ltr'><strong>m.</strong></span> <span class='ocrx_word' id='word_1_266' title='bbox 1205 4917 1320 4982; x_wconf 65' lang='lat' dir='ltr'><strong>fingitur.</strong></span> 
     </span>
    </p>
   </div>
   <div class='ocr_carea' id='block_1_5' title="bbox 0 0 2023 6532">
    <p class='ocr_par' dir='ltr' id='par_1_5' title="bbox 0 0 2023 6532">
     <span class='ocr_line' id='line_1_35' title="bbox 0 0 2023 6532; baseline 0 0"><span class='ocrx_word' id='word_1_267' title='bbox 0 0 2023 6532; x_wconf 95' lang='lat' dir='ltr'><strong> </strong></span> 
     </span>
    </p>
   </div>
  </div>
 </body>
</html>
