3990 6540
729 808 866 862 murus
891 805 1068 872 nolanus.
1416 799 1482 864 143

315 958 401 1050 quia
426 955 566 1048 antiqui
590 961 723 1048 patres,
750 954 812 1046 qui
838 952 1048 1045 simpliciter
1079 956 1115 1024 et
1143 951 1298 1026 fideliter
1321 955 1487 1028 credide-

316 1083 413 1169 runt,
437 1075 591 1150 extracti
617 1081 702 1147 sunt
718 1068 754 1164 (¹)
780 1073 826 1146 de
852 1091 1002 1146 carcere
1026 1071 1107 1163 hio,
1124 1071 1187 1143 uhi
1210 1092 1278 1145 vos
1302 1074 1387 1147 estis
1403 1095 1487 1168 per-

312 1203 424 1290 petuo
438 1187 475 1285 (²)
502 1194 742 1289 permansuri.
765 1197 922 1284 litspose,
948 1196 983 1289 io
1008 1213 1072 1263 era
1087 1212 1179 1262 novo
1195 1195 1233 1264 iu
1248 1202 1367 1285 questo
1383 1203 1486 1285 stote,

314 1337 399 1389 nam
441 1315 610 1410 Virgilius
650 1321 819 1388 mortuus
854 1319 935 1388 erat
972 1333 1103 1405 parum
1140 1319 1226 1386 ante
1261 1315 1486 1389 nativitatem

313 1434 442 1509 Christi
457 1424 506 1525 (³),
532 1436 674 1525 quando
694 1437 726 1506 ci
746 1436 817 1506 eidi
833 1436 950 1505 ocche
970 1440 1202 1523 capessente,
1221 1433 1366 1527 scilicet,
1385 1436 1488 1508 Chri·

314 1562 412 1626 stum
429 1541 466 1643 (⁴)
492 1553 790 1646 omnipotentem,
812 1573 877 1624 con
901 1573 1008 1641 seprio
1032 1554 1071 1623 di
1097 1555 1242 1624 othlono
1265 1557 1486 1642 moerorum,

316 1694 506 1766 nunquam
533 1665 650 1762 suttd)
676 1672 800 1745 similis
826 1671 977 1745 victoria
1010 1672 1079 1762 isti,
1106 1673 1191 1763 quia
1226 1673 1363 1747 vicerat
1388 1694 1487 1745 mor·

318 1803 404 1886 tem,
430 1812 513 1885 quae
538 1812 666 1865 omnes
682 1781 717 1881 (⁶)
746 1791 866 1881 vincit,
893 1797 930 1863 et
955 1791 1247 1883 triumphaverat
1270 1792 1316 1865 de
1344 1792 1488 1865 diabolo

319 1912 479 2006 principe
500 1910 870 1983 mundi—Trossem'.
889 1909 953 1982 llic
971 1910 1141 2004 Virgilius
1157 1911 1313 1984 ostendit
1332 1911 1488 2004 qualiter

319 2034 384 2105 iste
408 2031 483 2103 dur
511 2029 738 2122 triumphans
764 2028 871 2123 fregit
891 2049 1080 2103 carcerem
1102 2030 1248 2124 Inferni,
1269 2037 1307 2104 et
1324 2031 1487 2104 liberavit

317 2171 404 2224 suos
429 2148 600 2243 captivos,
619 2148 713 2222 inter
739 2169 833 2241 quos
851 2149 1095 2241 principaliter
1114 2150 1265 2243 Addam,
1283 2150 1346 2243 qui
1371 2150 1491 2223 luerat

319 2272 436 2365 prima
449 2290 559 2351 musa
578 2269 686 2341 huius
704 2268 814 2360 exilii,
832 2268 999 2340 etlilium
1019 2269 1107 2341 eius
1128 2270 1229 2343 Unde
1246 2270 1347 2342 dicit:
1366 2271 1492 2341 d'dhet

318 2413 381 2463 suo
403 2393 511 2482 fiptto.
540 2388 610 2461 Sed
636 2407 753 2480 quare
780 2387 918 2459 nonita
940 2387 1050 2459 traxit
1067 2389 1238 2461 umbram
1260 2388 1385 2461 Caimi
1403 2388 1488 2481 quia

319 2532 392 2584 non
417 2516 497 2583 erat
522 2509 591 2600 hic,
617 2507 692 2579 imo
718 2513 798 2580 erat
824 2505 860 2577 in
884 2513 1012 2580 centro
1039 2507 1170 2581 inferni
1185 2498 1235 2599 (⁷),
1254 2515 1296 2581 ut
1316 2515 1415 2601 patet
1433 2510 1490 2580 ul-

320 2631 408 2703 timo
438 2628 596 2722 capitulo
633 2626 775 2700 luterni.
803 2627 893 2699 Nam
928 2626 1093 2700 Christus
1124 2648 1194 2700 non
1230 2627 1395 2729 spoliavit
1425 2628 1489 2700 uisi

319 2749 549 2843 superliciem
576 2747 719 2840 inserui,
739 2747 801 2819 uhi
826 2754 932 2820 erant
948 2747 1082 2821 anlmae
1099 2749 1299 2842 justorum,
1317 2747 1381 2840 qui
1397 2748 1492 2822 hene

320 2877 357 2941 et
382 2870 544 2941 virtuose
571 2868 748 2958 vixerant,
774 2873 839 2939 aut
869 2867 1102 2959 penitentiam
1135 2867 1294 2942 debitam
1330 2866 1492 2941 fecerant

320 2988 366 3061 de
391 2988 557 3080 peccatis.
585 2987 628 3058 Et
652 2988 700 3059 ab
725 2987 800 3058 istis
827 2989 954 3060 transit
978 2989 1024 3061 ad
1050 2989 1247 3062 secundam
1275 2997 1411 3063 etatem
1437 2988 1492 3060 di·

321 3128 424 3180 cens:
452 3129 471 3178 e
493 3110 608 3198 quello
631 3109 670 3178 di
696 3099 781 3196 Noe‘,
798 3107 904 3179 cuius
929 3114 1096 3200 tempore
1122 3109 1196 3206 luit
1212 3108 1389 3181 diluvium
1408 3129 1494 3200 pro-

322 3235 402 3319 pter
420 3233 566 3319 peccata
588 3226 796 3319 hominum;
813 3226 894 3300 ideo
917 3233 1003 3298 tunc
1030 3247 1102 3299 uon
1134 3228 1380 3317 salvabantur,
1407 3248 1492 3299 nam

321 3347 440 3418 solum
467 3345 541 3417 Vlll
567 3345 699 3417 animae
725 3345 770 3418 de
795 3346 863 3418 ista
888 3346 998 3419 domo
1015 3346 1115 3440 justa
1133 3353 1331 3420 evaserunt
1346 3346 1384 3419 in
1402 3346 1493 3419 Arca
1551 3350 1555 3359 '

322 3466 409 3538 Noe.
436 3466 480 3537 Et
504 3466 551 3537 ab
577 3465 645 3538 isto
671 3464 800 3537 transit
815 3464 862 3537 ad
879 3464 988 3537 aliam
1009 3470 1144 3538 etatem
1163 3465 1305 3538 dicens:
1324 3467 1361 3538 di
1385 3459 1496 3538 Moesi

321 3589 442 3676 tepista
473 3608 492 3657 e
522 3587 703 3658 obediente.
739 3587 851 3658 Vocat
882 3587 1041 3680 lloysem
1076 3587 1243 3680 legistam
1274 3586 1370 3679 quia,
1401 3586 1496 3658 sicut

321 3706 492 3780 scribitur
518 3705 610 3778 libro
627 3705 752 3794 Exodi,
771 3706 868 3778 Deus
886 3706 1031 3778 tradidit
1049 3707 1147 3801 leges
1165 3707 1288 3802 Moysi,
1306 3707 1495 3800 inquibus

323 3827 555 3901 eontinentur
582 3828 612 3897 x
638 3833 818 3919 praecepta
845 3826 1027 3920 Decalogi,
1054 3848 1138 3920 quae
1163 3827 1240 3920 ipso
1267 3826 1411 3900 tradidit
1428 3847 1495 3920 pn-

323 3948 410 4041 pulo
435 3947 675 4019 llehraeorum
691 3936 739 4034 (⁸).
768 3947 810 4017 Et
835 3946 930 4038 dicit,
957 3947 1142 4037 obediente,
1168 3947 1252 4039 quia
1283 3946 1496 4021 obedienter

324 4067 407 4141 lecit
431 4065 555 4139 omnia
581 4070 762 4158 praeoepta
788 4065 930 4138 Domini
953 4064 1140 4140 liberando
1158 4066 1333 4159 populum
1360 4065 1425 4139 Ilei
1449 4065 1496 4139 dc

326 4186 495 4258 manibus
533 4184 744 4276 Pharaonis,
777 4192 815 4257 et
848 4185 1016 4259 ducendo
1052 4186 1169 4279 ipsum
1205 4206 1270 4280 per
1306 4185 1493 4260 desertum

325 4305 385 4376 xt
409 4305 513 4377 annis
533 4325 661 4380 versus
679 4311 816 4378 terram
836 4305 1094 4399 promissionis,
1112 4306 1206 4379 sicut
1224 4307 1385 4401 tangitur
1402 4307 1496 4379 Pur-

325 4424 455 4520 gatorli
474 4425 631 4518 capitulo
650 4425 757 4496 XVlll
776 4431 813 4497 et
830 4425 1031 4518 penultimo
1045 4426 1215 4498 Paradisi.
1234 4425 1371 4499 Deinde
1387 4433 1497 4499 autor

389 4623 416 4684 ζ’)
434 4629 487 4681 tlt.
504 4623 620 4675 litorum.
1102 4623 1130 4685 (¹)
1145 4627 1177 4676 rt
1193 4639 1296 4690 semper
1312 4629 1436 4678 mund.

388 4698 414 4757 Ρ)
431 4700 460 4748 R
477 4700 659 4763 Redemptorls
673 4704 756 4753 nostrl
773 4703 955 4765 prodoeluimi
975 4703 1076 4752 Domini
1093 4702 1154 4753 lesu
1170 4701 1273 4754 Chrldi.

389 4776 415 4834 τ’)
432 4777 462 4826 ll.
479 4778 563 4839 lpwm
581 4779 721 4830 Dominum
737 4779 826 4830 lesum
842 4778 981 4829 Chrirtm

385 4851 415 4909 ς’)
431 4851 461 4900 R
477 4866 609 4916 nnnqnm
625 4856 696 4904 enim
713 4854 806 4906 hierar.
1097 4855 1124 4914 υ)
1141 4860 1195 4915 ¹¹0.
1211 4855 1307 4905 mla.

387 4927 1035 4988 cirinummnntttummmt.
1097 4930 1343 4993 cirrum
