4154 6546
589 775 638 856 ’81)
992 792 1195 855 coururun
1219 790 1371 852 rurumn

587 946 651 1022 ivit
667 946 784 1021 lineas
809 945 1013 1020 secundum
1037 964 1160 1019 meam
1175 941 1380 1036 fictionem,
1407 946 1443 1016 et
1467 936 1604 1017 Paulus
1629 960 1762 1020 secum

587 1067 676 1141 dum
694 1065 886 1140 veritatem
904 1063 1016 1139 lideil
1037 1064 1113 1138 lloc
1137 1068 1305 1138 removet
1329 1061 1486 1156 Dantes3
1509 1070 1548 1138 et
1565 1064 1685 1158 primo
1701 1078 1763 1139 ab·

586 1186 666 1282 guit
686 1184 786 1278 quod
800 1184 919 1258 Encas
930 1175 967 1275 (¹)
986 1204 1059 1256 non
1075 1181 1183 1257 debet
1199 1182 1295 1256 trabi
1311 1181 1349 1255 in
1366 1183 1589 1277 exemplum.
1615 1185 1659 1257 lit
1675 1184 1762 1259 bro·

587 1300 681 1379 viter
711 1304 790 1376 vult
821 1301 965 1376 dicere:
993 1316 1067 1375 non
1090 1301 1187 1375 valet
1218 1300 1316 1395 quod
1341 1306 1381 1374 tu
1412 1301 1552 1376 inducis
1580 1302 1761 1398 poetando

588 1422 687 1517 quod
703 1422 820 1495 Encas
837 1420 906 1494 sub
922 1420 1035 1495 ductu
1060 1419 1192 1494 Sibillae
1217 1419 1280 1493 ivit
1288 1410 1326 1511 (²)
1350 1419 1397 1494 ad
1422 1420 1609 1499 lniernum
1631 1436 1762 1517 corpo·

589 1542 724 1635 raliter,
742 1541 828 1634 quia
845 1560 890 1614 ex
910 1539 1055 1635 speciali
1071 1540 1188 1636 gratia
1206 1539 1273 1612 iuit
1290 1539 1356 1613 sibi
1374 1538 1556 1613 indultum
1573 1561 1596 1616 a
1612 1541 1701 1636 Deo,
1717 1546 1761 1615 ut

589 1662 817 1736 animaretur
841 1660 889 1734 ad
912 1660 1178 1754 anquirendum
1208 1680 1367 1756 regnum
1399 1661 1525 1754 ltaliae3
1561 1683 1645 1756 quae
1679 1663 1762 1757 qui-

588 1781 673 1855 dem
698 1780 828 1875 gratia,
854 1780 883 1852 si
908 1779 990 1873 quis
1014 1778 1193 1852 subtiliter
1223 1779 1390 1873 advertit,
1416 1801 1490 1854 non
1519 1780 1666 1875 indigne
1694 1782 1761 1855 init

588 1918 760 1974 concessa
785 1897 872 1989 sibi;
899 1897 1003 1990 quasi
1028 1896 1122 1970 dicat
1147 1903 1256 1970 autor
1281 1917 1358 1972 uno
1382 1899 1519 1973 verbo:
1545 1907 1598 1993 tu,
1625 1901 1761 1996 virgili,
1882 1994 1887 2001 ,

588 2019 682 2093 bene
711 2015 867 2090 habuisti
903 2035 1054 2089 causam
1088 2015 1158 2089 boc
1188 2013 1345 2111 fingendi
1376 2015 1421 2090 de
1456 2017 1568 2111 Enca,
1597 2018 1661 2093 sed
1691 2039 1762 2114 ego

588 2136 774 2231 quomodo
799 2134 846 2208 de
871 2150 932 2208 me
956 2134 1026 2207 boo
1050 2125 1214 2230 fingam?
1237 2132 1372 2207 Ordina
1397 2146 1496 2208 nuno
1520 2136 1571 2210 sic
1594 2129 1759 2211 literam:

587 2265 637 2348 tu,
662 2256 807 2349 scilicet,
833 2276 857 2329 o
876 2254 1013 2351 virgili,
1030 2256 1111 2346 dui,
1129 2254 1218 2328 idest
1234 2253 1375 2348 poetice
1391 2250 1497 2350 lingis
1514 2254 1559 2327 Vl
1583 2252 1761 2352 Eneydos,

586 2378 646 2448 cle
661 2378 687 2448 ’l
703 2383 852 2468 parente
881 2376 919 2448 dt
948 2377 1067 2465 silvio,
1092 2373 1184 2447 idest
1213 2373 1330 2446 Encas
1359 2377 1463 2466 pater
1488 2370 1598 2467 Silvii,
1624 2376 1762 2446 comd-

587 2484 677 2566 tibile
705 2512 853 2585 ancora,
883 2492 984 2585 idest,
1005 2491 1135 2565 adbuc
1165 2489 1339 2583 mortalis,
1371 2491 1592 2586 incorpore
1622 2491 1760 2585 vivens,

588 2599 685 2685 codd
709 2614 760 2685 cd
781 2615 961 2685 immortol
982 2614 1108 2701 accolo,
1134 2610 1224 2685 idest
1249 2608 1295 2684 ad
1320 2610 1519 2706 lnlernum,
1546 2632 1658 2706 quem
1678 2612 1757 2708 iarn

588 2748 699 2826 supra
724 2731 867 2805 vocavit
892 2737 1075 2824 eternum,
1100 2734 1180 2823 esu
1204 2732 1463 2823 commemoro,
1489 2730 1589 2826 idest,
1616 2731 1683 2805 luit
1708 2724 1756 2805 ni
1874 2811 1877 2816 ,

588 2850 837 2945 corporaliter.
874 2851 936 2922 Est
972 2853 1098 2922 autem
1140 2849 1199 2922 bic
1235 2848 1423 2923 sciendum
1450 2841 1487 2942 (³)
1523 2871 1640 2944 quare
1674 2846 1758 2925 dicit

590 2974 710 3061 Siluio,
737 2968 835 3063 quod
860 2968 961 3041 Titus
985 2966 1119 3061 Livius,
1146 2966 1239 3041 libro
1264 2968 1383 3061 primo
1409 2969 1506 3044 circa
1530 2964 1759 3064 principium,

591 3089 737 3166 videtur
760 3088 968 3182 discrepare
993 3108 1015 3161 a
1041 3085 1201 3182 Virgilio.
1219 3086 1310 3159 Dicit
1336 3087 1433 3160 enim
1461 3086 1560 3181 quod
1585 3084 1759 3162 Ascanius

589 3213 684 3286 iilius
709 3211 828 3302 Eneae,
850 3214 957 3282 natus
982 3226 1028 3281 ex
1054 3206 1192 3281 Creusa
1210 3206 1280 3280 filia
1302 3207 1449 3301 Priami,
1468 3208 1527 3282 vel
1547 3227 1593 3282 ex
1611 3200 1759 3281 Lavinia

587 3332 661 3406 filia
685 3328 811 3422 Latini,
837 3334 917 3423 post
942 3333 1101 3401 mortem
1126 3326 1321 3420 patrissui
1350 3326 1460 3401 lineae
1483 3322 1629 3421 reliquit
1654 3326 1761 3402 lari-

588 3453 659 3525 nim
674 3449 782 3523 matri
797 3468 885 3541 suae,
900 3447 976 3521 sive
992 3467 1172 3539 novercae,
1192 3447 1322 3520 nrbcln
1335 3446 1472 3519 lavinii
1484 3435 1520 3538 (ἢ
1531 3448 1610 3542 jam
1625 3440 1762 3521 floren·

589 3577 665 3645 tem
692 3574 729 3643 et
753 3567 977 3662 opulentam,
1003 3584 1115 3658 quam
1149 3566 1266 3638 linens
1296 3564 1505 3640 condiderat
1534 3570 1572 3638 et
1597 3565 1761 3639 denomi-

589 3692 742 3763 baverat
767 3704 790 3759 a
815 3684 963 3758 nomine
987 3682 1144 3756 Laviniae
1170 3683 1296 3756 uxoris
1322 3702 1410 3776 suae,
1429 3689 1466 3758 et
1485 3684 1561 3778 ipse
1587 3680 1761 3756 Ascanius

590 3808 746 3884 condidit
771 3805 912 3896 Albam,
931 3803 990 3876 cui
1012 3802 1183 3876 successit
1200 3801 1237 3874 in
1254 3821 1369 3898 regno
1387 3798 1481 3874 filius
1508 3803 1587 3897 ejus
1612 3801 1760 3876 nomine

591 3928 734 4020 Silvius,
751 3945 839 3999 casu
865 3923 1025 4016 quodam
1042 3927 1150 3996 natus
1175 3921 1212 3994 in
1237 3921 1352 4014 silvis,
1369 3922 1416 3996 de
1439 3942 1514 4015 qua
1534 3921 1689 3995 materia
1707 3920 1761 3994 di—

591 4055 697 4122 cetur
722 4045 863 4139 plenius
887 4043 933 4116 Vl
957 4043 1115 4137 capitulo
1143 4041 1314 4115 Paradisi.
1348 4041 1520 4137 Virgilius
1549 4047 1677 4115 autern
1707 4041 1761 4113 vi-

591 4167 700 4243 detur
717 4167 811 4239 velle
828 4163 926 4260 quod
951 4163 1068 4236 Eneas
1085 4162 1254 4236 babuerit
1271 4163 1363 4236 dnos
1380 4161 1482 4256 filios,
1501 4161 1635 4236 scilicet
1651 4161 1760 4235 Asca-

588 4285 694 4358 nium
715 4300 766 4357 ex
791 4284 941 4376 Creusa,
968 4294 1080 4376 quem
1105 4300 1232 4355 secum
1259 4278 1409 4354 adduxit
1433 4279 1471 4353 in
1496 4279 1648 4374 ltaliam,
1668 4280 1762 4354 sicut

586 4398 665 4500 iam
690 4408 829 4476 tactum
854 4407 908 4476 est
931 4400 1091 4496 capitulo
1116 4400 1247 4494 primo,
1274 4405 1311 4473 et
1337 4396 1493 4474 Silvium
1525 4421 1572 4476 ex
1598 4394 1760 4474 Lavinia.
1808 4476 1811 4481 ,

592 4523 644 4597 nd
668 4522 894 4617 propositum
920 4538 1010 4617 ergo
1035 4516 1115 4594 dico
1141 4519 1240 4614 quod
1260 4525 1369 4593 autor
1385 4512 1761 4616 sequiturinrgllium

656 4744 682 4803 (¹)
700 4750 754 4804 llo,
771 4745 854 4794 Encas
870 4745 948 4794 trabit
965 4745 991 4794 in
1007 4743 1164 4806 exemplum.
1368 4743 1394 4803 ρ)
1411 4742 1441 4794 Ε.
1459 4744 1543 4795 iverit.

655 4822 681 4880 ζ’)
699 4825 753 4880 llo,
763 4820 895 4870 selendum
905 4818 1222 4883 doSllvloquodetc.—S.
1232 4820 1418 4871 advertendum
1428 4828 1508 4885 qnare
1518 4818 1758 4885 dicliSiltio,quod.

657 4897 684 4957 (⁸)
699 4897 729 4946 E.
746 4896 838 4946 urbem
855 4896 984 4947 Larinnrn.
