<?xml version="1.0" encoding="UTF-8"?>
<!DOCTYPE html PUBLIC "-//W3C//DTD XHTML 1.0 Transitional//EN"
    "http://www.w3.org/TR/xhtml1/DTD/xhtml1-transitional.dtd">
<html xmlns="http://www.w3.org/1999/xhtml" xml:lang="en" lang="en">
 <head>
  <title>
</title>
<meta http-equiv="Content-Type" content="text/html;charset=utf-8" />
  <meta name='ocr-system' content='tesseract 3.04.00' />
  <meta name='ocr-capabilities' content='ocr_page ocr_carea ocr_par ocr_line ocrx_word'/>
</head>
<body>
  <div class='ocr_page' id='page_1' title='image "./comentumsuperda00benvgoog_0101.png"; bbox 0 0 4154 6546; ppageno 0'>
   <div class='ocr_carea' id='block_1_1' title="bbox 454 804 1235 875">
    <p class='ocr_par' dir='ltr' id='par_1_1' title="bbox 454 804 1235 875">
     <span class='ocr_line' id='line_1_1' title="bbox 454 804 1235 875; baseline -0.003 0"><span class='ocrx_word' id='word_1_1' title='bbox 454 804 501 875; x_wconf 79' lang='grc'><strong>18</strong></span> <span class='ocrx_word' id='word_1_2' title='bbox 857 818 1060 874; x_wconf 78' lang='lat' dir='ltr'>conrnruu</span> <span class='ocrx_word' id='word_1_3' title='bbox 1084 820 1235 873; x_wconf 75' lang='lat' dir='ltr'>mmnm</span> 
     </span>
    </p>
   </div>
   <div class='ocr_carea' id='block_1_2' title="bbox 445 963 1659 4832">
    <p class='ocr_par' dir='ltr' id='par_1_2' title="bbox 445 963 1659 4832">
     <span class='ocr_line' id='line_1_2' title="bbox 452 963 1626 1057; baseline 0.002 -20"><span class='ocrx_word' id='word_1_4' title='bbox 452 963 584 1057; x_wconf 90' lang='lat' dir='ltr'>nendo,</span> <span class='ocrx_word' id='word_1_5' title='bbox 603 969 644 1036; x_wconf 97' lang='lat' dir='ltr'>ut</span> <span class='ocrx_word' id='word_1_6' title='bbox 662 968 781 1037; x_wconf 88' lang='lat' dir='ltr'>totum</span> <span class='ocrx_word' id='word_1_7' title='bbox 799 963 912 1037; x_wconf 87' lang='lat' dir='ltr'>habes</span> <span class='ocrx_word' id='word_1_8' title='bbox 931 985 954 1037; x_wconf 91' lang='lat' dir='ltr'>a</span> <span class='ocrx_word' id='word_1_9' title='bbox 971 964 1146 1039; x_wconf 80' lang='lat' dir='ltr'>Suetonio</span> <span class='ocrx_word' id='word_1_10' title='bbox 1167 963 1392 1038; x_wconf 90' lang='lat' dir='ltr'>insecundo.</span> <span class='ocrx_word' id='word_1_11' title='bbox 1414 965 1458 1038; x_wconf 84' lang='lat' dir='ltr'>Et</span> <span class='ocrx_word' id='word_1_12' title='bbox 1477 965 1626 1039; x_wconf 92' lang='lat' dir='ltr'>damnat</span> 
     </span>
     <span class='ocr_line' id='line_1_3' title="bbox 452 1081 1626 1180; baseline 0.003 -25"><span class='ocrx_word' id='word_1_13' title='bbox 452 1082 511 1157; x_wconf 88' lang='lat' dir='ltr'>hic</span> <span class='ocrx_word' id='word_1_14' title='bbox 523 1081 951 1177; x_wconf 80' lang='lat' dir='ltr'>Virgilius&#39;inlelicitatem</span> <span class='ocrx_word' id='word_1_15' title='bbox 964 1083 1112 1156; x_wconf 93' lang='lat' dir='ltr'>illorum</span> <span class='ocrx_word' id='word_1_16' title='bbox 1131 1087 1340 1177; x_wconf 89' lang='lat' dir='ltr'>temporum</span> <span class='ocrx_word' id='word_1_17' title='bbox 1359 1084 1518 1158; x_wconf 81' lang='lat' dir='ltr'>felicium</span> <span class='ocrx_word' id='word_1_18' title='bbox 1539 1104 1626 1180; x_wconf 88' lang='lat' dir='ltr'>pro·</span> 
     </span>
     <span class='ocr_line' id='line_1_4' title="bbox 451 1194 1625 1308; baseline 0.003 -34"><span class='ocrx_word' id='word_1_19' title='bbox 451 1208 533 1296; x_wconf 91' lang='lat' dir='ltr'>pter</span> <span class='ocrx_word' id='word_1_20' title='bbox 558 1200 804 1275; x_wconf 86' lang='lat' dir='ltr'>infidelitatem</span> <span class='ocrx_word' id='word_1_21' title='bbox 818 1194 869 1295; x_wconf 83' lang='lat'>(¹),</span> <span class='ocrx_word' id='word_1_22' title='bbox 895 1200 984 1275; x_wconf 94' lang='lat' dir='ltr'>dum</span> <span class='ocrx_word' id='word_1_23' title='bbox 1010 1201 1142 1296; x_wconf 89' lang='lat' dir='ltr'>subdit,</span> <span class='ocrx_word' id='word_1_24' title='bbox 1168 1205 1208 1275; x_wconf 82' lang='lat' dir='ltr'>ut</span> <span class='ocrx_word' id='word_1_25' title='bbox 1231 1209 1342 1295; x_wconf 78' lang='lat' dir='ltr'>tempo</span> <span class='ocrx_word' id='word_1_26' title='bbox 1362 1204 1421 1308; x_wconf 80' lang='lat' dir='ltr'>vel</span> <span class='ocrx_word' id='word_1_27' title='bbox 1442 1208 1500 1277; x_wconf 80' lang='lat' dir='ltr'>net</span> <span class='ocrx_word' id='word_1_28' title='bbox 1515 1211 1625 1295; x_wconf 81' lang='lat' dir='ltr'>tempo</span> 
     </span>
     <span class='ocr_line' id='line_1_5' title="bbox 451 1321 1625 1420; baseline 0.002 -25"><span class='ocrx_word' id='word_1_29' title='bbox 451 1324 544 1412; x_wconf 72' lang='lat' dir='ltr'>degli</span> <span class='ocrx_word' id='word_1_30' title='bbox 560 1325 626 1394; x_wconf 85' lang='lat' dir='ltr'>Dei</span> <span class='ocrx_word' id='word_1_31' title='bbox 638 1324 759 1415; x_wconf 79' lang='lat' dir='ltr'>[etsie</span> <span class='ocrx_word' id='word_1_32' title='bbox 777 1321 1074 1415; x_wconf 58' lang='lat' dir='ltr'>deplorationem</span> <span class='ocrx_word' id='word_1_33' title='bbox 1093 1322 1207 1398; x_wconf 84' lang='lat' dir='ltr'>dicat:</span> <span class='ocrx_word' id='word_1_34' title='bbox 1233 1324 1339 1419; x_wconf 90' lang='lat' dir='ltr'>cujus</span> <span class='ocrx_word' id='word_1_35' title='bbox 1358 1324 1512 1420; x_wconf 75' lang='lat' dir='ltr'>Augusti</span> <span class='ocrx_word' id='word_1_36' title='bbox 1530 1330 1625 1398; x_wconf 91' lang='lat' dir='ltr'>tem·</span> 
     </span>
     <span class='ocr_line' id='line_1_6' title="bbox 453 1440 1624 1538; baseline 0.003 -25"><span class='ocrx_word' id='word_1_37' title='bbox 453 1460 544 1535; x_wconf 89' lang='lat' dir='ltr'>pore</span> <span class='ocrx_word' id='word_1_38' title='bbox 555 1440 771 1514; x_wconf 78' lang='lat' dir='ltr'>colebantur</span> <span class='ocrx_word' id='word_1_39' title='bbox 786 1440 911 1535; x_wconf 81' lang='lat' dir='ltr'>plures</span> <span class='ocrx_word' id='word_1_40' title='bbox 928 1440 992 1514; x_wconf 85' lang='lat' dir='ltr'>llei</span> <span class='ocrx_word' id='word_1_41' title='bbox 1005 1441 1161 1535; x_wconf 77' lang='lat' dir='ltr'>fallaces,</span> <span class='ocrx_word' id='word_1_42' title='bbox 1176 1450 1218 1516; x_wconf 91' lang='lat' dir='ltr'>ut</span> <span class='ocrx_word' id='word_1_43' title='bbox 1231 1443 1383 1538; x_wconf 75' lang='lat' dir='ltr'>Jupiter,</span> <span class='ocrx_word' id='word_1_44' title='bbox 1397 1444 1416 1516; x_wconf 89' lang='lat' dir='ltr'>J</span> <span class='ocrx_word' id='word_1_45' title='bbox 1419 1464 1504 1538; x_wconf 93' lang='lat' dir='ltr'>uno,</span> <span class='ocrx_word' id='word_1_46' title='bbox 1517 1446 1624 1537; x_wconf 88' lang='lat' dir='ltr'>Mars,</span> 
     </span>
     <span class='ocr_line' id='line_1_7' title="bbox 451 1559 1624 1660; baseline 0.002 -26"><span class='ocrx_word' id='word_1_47' title='bbox 451 1561 586 1653; x_wconf 90' lang='lat' dir='ltr'>Venus,</span> <span class='ocrx_word' id='word_1_48' title='bbox 612 1559 733 1634; x_wconf 88' lang='lat' dir='ltr'>etalii</span> <span class='ocrx_word' id='word_1_49' title='bbox 757 1559 835 1634; x_wconf 90' lang='lat' dir='ltr'>lere</span> <span class='ocrx_word' id='word_1_50' title='bbox 860 1560 998 1655; x_wconf 85' lang='lat' dir='ltr'>infiniti,</span> <span class='ocrx_word' id='word_1_51' title='bbox 1017 1581 1110 1655; x_wconf 89' lang='lat' dir='ltr'>quus</span> <span class='ocrx_word' id='word_1_52' title='bbox 1134 1562 1297 1637; x_wconf 90' lang='lat' dir='ltr'>studiose</span> <span class='ocrx_word' id='word_1_53' title='bbox 1313 1564 1539 1660; x_wconf 78' lang='lat' dir='ltr'>Augustinus</span> <span class='ocrx_word' id='word_1_54' title='bbox 1556 1582 1624 1637; x_wconf 93' lang='lat' dir='ltr'>no-</span> 
     </span>
     <span class='ocr_line' id='line_1_8' title="bbox 451 1679 1624 1779; baseline 0.004 -26"><span class='ocrx_word' id='word_1_55' title='bbox 451 1681 567 1754; x_wconf 88' lang='lat' dir='ltr'>minat</span> <span class='ocrx_word' id='word_1_56' title='bbox 591 1686 628 1754; x_wconf 88' lang='lat' dir='ltr'>et</span> <span class='ocrx_word' id='word_1_57' title='bbox 653 1679 778 1754; x_wconf 89' lang='lat' dir='ltr'>irridet</span> <span class='ocrx_word' id='word_1_58' title='bbox 803 1680 896 1754; x_wconf 90' lang='lat' dir='ltr'>libro</span> <span class='ocrx_word' id='word_1_59' title='bbox 920 1680 966 1755; x_wconf 89' lang='lat' dir='ltr'>de</span> <span class='ocrx_word' id='word_1_60' title='bbox 991 1682 1137 1757; x_wconf 87' lang='lat' dir='ltr'>civitate</span> <span class='ocrx_word' id='word_1_61' title='bbox 1163 1684 1238 1757; x_wconf 88' lang='lat' dir='ltr'>Dei.</span> <span class='ocrx_word' id='word_1_62' title='bbox 1262 1684 1345 1757; x_wconf 88' lang='lat' dir='ltr'>Fuit</span> <span class='ocrx_word' id='word_1_63' title='bbox 1370 1684 1468 1759; x_wconf 82' lang='lat' dir='ltr'>eninr</span> <span class='ocrx_word' id='word_1_64' title='bbox 1495 1684 1624 1779; x_wconf 78' lang='lat' dir='ltr'>Augu·</span> 
     </span>
     <span class='ocr_line' id='line_1_9' title="bbox 450 1801 1624 1901; baseline 0.004 -27"><span class='ocrx_word' id='word_1_65' title='bbox 450 1807 528 1874; x_wconf 91' lang='lat' dir='ltr'>stus</span> <span class='ocrx_word' id='word_1_66' title='bbox 563 1801 831 1875; x_wconf 88' lang='lat' dir='ltr'>curiosissimus</span> <span class='ocrx_word' id='word_1_67' title='bbox 863 1803 1057 1896; x_wconf 91' lang='lat' dir='ltr'>ampliator</span> <span class='ocrx_word' id='word_1_68' title='bbox 1097 1809 1136 1877; x_wconf 92' lang='lat' dir='ltr'>et</span> <span class='ocrx_word' id='word_1_69' title='bbox 1169 1811 1406 1878; x_wconf 84' lang='lat' dir='ltr'>conservator</span> <span class='ocrx_word' id='word_1_70' title='bbox 1440 1805 1624 1901; x_wconf 88' lang='lat' dir='ltr'>religionis</span> 
     </span>
     <span class='ocr_line' id='line_1_10' title="bbox 450 1920 1624 2017; baseline 0.003 -24"><span class='ocrx_word' id='word_1_71' title='bbox 450 1920 626 2013; x_wconf 83' lang='lat' dir='ltr'>Deorum,</span> <span class='ocrx_word' id='word_1_72' title='bbox 652 1940 700 1994; x_wconf 91' lang='lat' dir='ltr'>ne</span> <span class='ocrx_word' id='word_1_73' title='bbox 729 1920 848 1995; x_wconf 88' lang='lat' dir='ltr'>dicam</span> <span class='ocrx_word' id='word_1_74' title='bbox 878 1921 1156 2015; x_wconf 73' lang='lat' dir='ltr'>dromonorum,</span> <span class='ocrx_word' id='word_1_75' title='bbox 1183 1929 1224 1995; x_wconf 97' lang='lat' dir='ltr'>ut</span> <span class='ocrx_word' id='word_1_76' title='bbox 1257 1930 1356 2017; x_wconf 92' lang='lat' dir='ltr'>patet</span> <span class='ocrx_word' id='word_1_77' title='bbox 1388 1924 1486 2017; x_wconf 92' lang='lat' dir='ltr'>apud</span> <span class='ocrx_word' id='word_1_78' title='bbox 1515 1946 1624 1999; x_wconf 91' lang='lat' dir='ltr'>eum·</span> 
     </span>
     <span class='ocr_line' id='line_1_11' title="bbox 449 2040 1623 2137; baseline 0.003 -23"><span class='ocrx_word' id='word_1_79' title='bbox 449 2040 534 2115; x_wconf 91' lang='lat' dir='ltr'>dem</span> <span class='ocrx_word' id='word_1_80' title='bbox 560 2040 788 2115; x_wconf 88' lang='lat' dir='ltr'>Suetonium.</span> <span class='ocrx_word' id='word_1_81' title='bbox 822 2047 931 2114; x_wconf 83' lang='lat' dir='ltr'>Poeta</span> <span class='ocrx_word' id='word_1_82' title='bbox 951 2045 1014 2134; x_wconf 83' lang='lat' dir='ltr'>sui.</span> <span class='ocrx_word' id='word_1_83' title='bbox 1042 2042 1107 2115; x_wconf 87' lang='lat' dir='ltr'>Hic</span> <span class='ocrx_word' id='word_1_84' title='bbox 1132 2042 1302 2137; x_wconf 82' lang='lat' dir='ltr'>Virgilius</span> <span class='ocrx_word' id='word_1_85' title='bbox 1333 2042 1503 2117; x_wconf 84' lang='lat' dir='ltr'>describit</span> <span class='ocrx_word' id='word_1_86' title='bbox 1532 2064 1572 2118; x_wconf 90' lang='lat' dir='ltr'>se</span> <span class='ocrx_word' id='word_1_87' title='bbox 1600 2065 1623 2118; x_wconf 88' lang='lat' dir='ltr'>a</span> 
     </span>
     <span class='ocr_line' id='line_1_12' title="bbox 450 2160 1624 2258; baseline 0.003 -24"><span class='ocrx_word' id='word_1_88' title='bbox 450 2182 517 2234; x_wconf 93' lang='lat' dir='ltr'>sua</span> <span class='ocrx_word' id='word_1_89' title='bbox 556 2160 790 2254; x_wconf 81' lang='lat' dir='ltr'>professione,</span> <span class='ocrx_word' id='word_1_90' title='bbox 825 2160 958 2254; x_wconf 91' lang='lat' dir='ltr'>dicens,</span> <span class='ocrx_word' id='word_1_91' title='bbox 990 2169 1096 2252; x_wconf 85' lang='lat' dir='ltr'>poeta</span> <span class='ocrx_word' id='word_1_92' title='bbox 1129 2163 1196 2254; x_wconf 77' lang='lat' dir='ltr'>sui,</span> <span class='ocrx_word' id='word_1_93' title='bbox 1233 2182 1321 2234; x_wconf 91' lang='lat' dir='ltr'>nam</span> <span class='ocrx_word' id='word_1_94' title='bbox 1351 2162 1521 2258; x_wconf 85' lang='lat' dir='ltr'>Virgilius</span> <span class='ocrx_word' id='word_1_95' title='bbox 1558 2183 1624 2237; x_wconf 94' lang='lat' dir='ltr'>an-</span> 
     </span>
     <span class='ocr_line' id='line_1_13' title="bbox 450 2279 1622 2375; baseline 0.003 -22"><span class='ocrx_word' id='word_1_96' title='bbox 450 2279 713 2355; x_wconf 88' lang='lat' dir='ltr'>thonomastice</span> <span class='ocrx_word' id='word_1_97' title='bbox 744 2286 897 2353; x_wconf 88' lang='lat' dir='ltr'>vocatus</span> <span class='ocrx_word' id='word_1_98' title='bbox 921 2286 977 2353; x_wconf 90' lang='lat' dir='ltr'>est</span> <span class='ocrx_word' id='word_1_99' title='bbox 1002 2285 1126 2374; x_wconf 88' lang='lat' dir='ltr'>poeta:</span> <span class='ocrx_word' id='word_1_100' title='bbox 1153 2300 1239 2353; x_wconf 91' lang='lat' dir='ltr'>cum</span> <span class='ocrx_word' id='word_1_101' title='bbox 1265 2281 1363 2354; x_wconf 91' lang='lat' dir='ltr'>enim</span> <span class='ocrx_word' id='word_1_102' title='bbox 1395 2289 1541 2375; x_wconf 88' lang='lat' dir='ltr'>poetam</span> <span class='ocrx_word' id='word_1_103' title='bbox 1567 2282 1622 2356; x_wconf 93' lang='lat' dir='ltr'>di-</span> 
     </span>
     <span class='ocr_line' id='line_1_14' title="bbox 448 2394 1623 2496; baseline 0.003 -24"><span class='ocrx_word' id='word_1_104' title='bbox 448 2400 577 2494; x_wconf 90' lang='lat' dir='ltr'>cimus,</span> <span class='ocrx_word' id='word_1_105' title='bbox 612 2420 680 2473; x_wconf 92' lang='lat' dir='ltr'>nec</span> <span class='ocrx_word' id='word_1_106' title='bbox 710 2399 865 2482; x_wconf 85' lang='lat' dir='ltr'>iacimus</span> <span class='ocrx_word' id='word_1_107' title='bbox 895 2419 1106 2494; x_wconf 85' lang='lat' dir='ltr'>expressam</span> <span class='ocrx_word' id='word_1_108' title='bbox 1138 2400 1360 2475; x_wconf 89' lang='lat' dir='ltr'>mentionem</span> <span class='ocrx_word' id='word_1_109' title='bbox 1393 2401 1439 2477; x_wconf 92' lang='lat' dir='ltr'>de</span> <span class='ocrx_word' id='word_1_110' title='bbox 1471 2423 1546 2495; x_wconf 92' lang='lat' dir='ltr'>quo</span> <span class='ocrx_word' id='word_1_111' title='bbox 1571 2394 1623 2496; x_wconf 82' lang='lat'>(¹),</span> 
     </span>
     <span class='ocr_line' id='line_1_15' title="bbox 448 2518 1624 2615; baseline 0.005 -24"><span class='ocrx_word' id='word_1_112' title='bbox 448 2518 660 2614; x_wconf 86' lang='lat' dir='ltr'>intelligitur</span> <span class='ocrx_word' id='word_1_113' title='bbox 685 2518 783 2614; x_wconf 95' lang='lat' dir='ltr'>apud</span> <span class='ocrx_word' id='word_1_114' title='bbox 808 2519 953 2592; x_wconf 88' lang='lat' dir='ltr'>Latinos</span> <span class='ocrx_word' id='word_1_115' title='bbox 977 2518 1023 2592; x_wconf 91' lang='lat' dir='ltr'>de</span> <span class='ocrx_word' id='word_1_116' title='bbox 1049 2519 1208 2615; x_wconf 89' lang='lat' dir='ltr'>Virgilio,</span> <span class='ocrx_word' id='word_1_117' title='bbox 1234 2520 1332 2615; x_wconf 92' lang='lat' dir='ltr'>apud</span> <span class='ocrx_word' id='word_1_118' title='bbox 1357 2522 1503 2596; x_wconf 84' lang='lat' dir='ltr'>Graecos</span> <span class='ocrx_word' id='word_1_119' title='bbox 1533 2543 1624 2598; x_wconf 85' lang='lat' dir='ltr'>vero</span> 
     </span>
     <span class='ocr_line' id='line_1_16' title="bbox 448 2630 1621 2734; baseline 0.006 -25"><span class='ocrx_word' id='word_1_120' title='bbox 448 2636 495 2710; x_wconf 89' lang='lat' dir='ltr'>de</span> <span class='ocrx_word' id='word_1_121' title='bbox 524 2638 694 2711; x_wconf 90' lang='lat' dir='ltr'>Homero.</span> <span class='ocrx_word' id='word_1_122' title='bbox 721 2638 765 2709; x_wconf 86' lang='lat' dir='ltr'>Et</span> <span class='ocrx_word' id='word_1_123' title='bbox 797 2637 911 2732; x_wconf 90' lang='lat' dir='ltr'>tangit</span> <span class='ocrx_word' id='word_1_124' title='bbox 936 2637 1170 2732; x_wconf 82' lang='lat' dir='ltr'>principalem</span> <span class='ocrx_word' id='word_1_125' title='bbox 1193 2630 1231 2730; x_wconf 81' lang='lat'>(³)</span> <span class='ocrx_word' id='word_1_126' title='bbox 1258 2641 1450 2714; x_wconf 91' lang='lat' dir='ltr'>materiam</span> <span class='ocrx_word' id='word_1_127' title='bbox 1477 2641 1523 2715; x_wconf 92' lang='lat' dir='ltr'>de</span> <span class='ocrx_word' id='word_1_128' title='bbox 1548 2661 1621 2734; x_wconf 88' lang='lat' dir='ltr'>qua</span> 
     </span>
     <span class='ocr_line' id='line_1_17' title="bbox 448 2756 1621 2854; baseline 0.003 -25"><span class='ocrx_word' id='word_1_129' title='bbox 448 2756 600 2850; x_wconf 90' lang='lat' dir='ltr'>scripsit,</span> <span class='ocrx_word' id='word_1_130' title='bbox 626 2756 760 2830; x_wconf 87' lang='lat' dir='ltr'>scilicet</span> <span class='ocrx_word' id='word_1_131' title='bbox 792 2763 895 2852; x_wconf 87' lang='lat' dir='ltr'>gesta</span> <span class='ocrx_word' id='word_1_132' title='bbox 927 2757 1047 2850; x_wconf 82' lang='lat' dir='ltr'>Eneae,</span> <span class='ocrx_word' id='word_1_133' title='bbox 1079 2758 1176 2832; x_wconf 91' lang='lat' dir='ltr'>unde</span> <span class='ocrx_word' id='word_1_134' title='bbox 1206 2759 1282 2853; x_wconf 90' lang='lat' dir='ltr'>ipse</span> <span class='ocrx_word' id='word_1_135' title='bbox 1323 2760 1445 2854; x_wconf 89' lang='lat' dir='ltr'>incipit</span> <span class='ocrx_word' id='word_1_136' title='bbox 1486 2761 1621 2834; x_wconf 93' lang='lat' dir='ltr'>librum</span> 
     </span>
     <span class='ocr_line' id='line_1_18' title="bbox 447 2874 1621 2974; baseline 0.003 -27"><span class='ocrx_word' id='word_1_137' title='bbox 447 2874 625 2949; x_wconf 87' lang='lat' dir='ltr'>Eneidos:</span> <span class='ocrx_word' id='word_1_138' title='bbox 658 2882 772 2947; x_wconf 84' lang='lat' dir='ltr'>Arma</span> <span class='ocrx_word' id='word_1_139' title='bbox 817 2878 994 2966; x_wconf 80' lang='lat' dir='ltr'>virumque</span> <span class='ocrx_word' id='word_1_140' title='bbox 1033 2896 1133 2949; x_wconf 89' lang='lat' dir='ltr'>cano.</span> <span class='ocrx_word' id='word_1_141' title='bbox 1169 2878 1261 2951; x_wconf 89' lang='lat' dir='ltr'>Dicit</span> <span class='ocrx_word' id='word_1_142' title='bbox 1298 2898 1400 2974; x_wconf 89' lang='lat' dir='ltr'>ergo,</span> <span class='ocrx_word' id='word_1_143' title='bbox 1436 2900 1455 2951; x_wconf 82' lang='lat' dir='ltr'>e</span> <span class='ocrx_word' id='word_1_144' title='bbox 1492 2880 1621 2969; x_wconf 80' lang='lat' dir='ltr'>cuntai,</span> 
     </span>
     <span class='ocr_line' id='line_1_19' title="bbox 447 2984 1621 3093; baseline 0.003 -25"><span class='ocrx_word' id='word_1_145' title='bbox 447 2995 539 3069; x_wconf 78' lang='lat' dir='ltr'>idest</span> <span class='ocrx_word' id='word_1_146' title='bbox 563 2995 704 3089; x_wconf 92' lang='lat' dir='ltr'>poetice</span> <span class='ocrx_word' id='word_1_147' title='bbox 732 2992 856 3089; x_wconf 90' lang='lat' dir='ltr'>scripsi</span> <span class='ocrx_word' id='word_1_148' title='bbox 873 2984 909 3086; x_wconf 70' lang='lat'>(⁴)</span> <span class='ocrx_word' id='word_1_149' title='bbox 937 3017 1023 3069; x_wconf 87' lang='lat' dir='ltr'>nam</span> <span class='ocrx_word' id='word_1_150' title='bbox 1056 3003 1205 3070; x_wconf 88' lang='lat' dir='ltr'>cantare</span> <span class='ocrx_word' id='word_1_151' title='bbox 1234 3000 1381 3092; x_wconf 90' lang='lat' dir='ltr'>proprie</span> <span class='ocrx_word' id='word_1_152' title='bbox 1411 3005 1465 3073; x_wconf 91' lang='lat' dir='ltr'>est</span> <span class='ocrx_word' id='word_1_153' title='bbox 1495 3003 1621 3093; x_wconf 90' lang='lat' dir='ltr'>poeta·</span> 
     </span>
     <span class='ocr_line' id='line_1_20' title="bbox 450 3114 1618 3209; baseline 0.001 -22"><span class='ocrx_word' id='word_1_154' title='bbox 450 3136 546 3208; x_wconf 92' lang='lat' dir='ltr'>rum,</span> <span class='ocrx_word' id='word_1_155' title='bbox 563 3114 657 3188; x_wconf 92' lang='lat' dir='ltr'>sicut</span> <span class='ocrx_word' id='word_1_156' title='bbox 673 3114 796 3188; x_wconf 90' lang='lat' dir='ltr'>dicere</span> <span class='ocrx_word' id='word_1_157' title='bbox 815 3121 1018 3208; x_wconf 90' lang='lat' dir='ltr'>oratorum,</span> <span class='ocrx_word' id='word_1_158' title='bbox 1044 3118 1083 3188; x_wconf 84' lang='lat' dir='ltr'>di</span> <span class='ocrx_word' id='word_1_159' title='bbox 1106 3119 1186 3206; x_wconf 80' lang='lat' dir='ltr'>quet</span> <span class='ocrx_word' id='word_1_160' title='bbox 1206 3120 1332 3209; x_wconf 75' lang='lat' dir='ltr'>pimto,</span> <span class='ocrx_word' id='word_1_161' title='bbox 1350 3118 1485 3191; x_wconf 88' lang='lat' dir='ltr'>scilicet</span> <span class='ocrx_word' id='word_1_162' title='bbox 1510 3117 1618 3191; x_wconf 83' lang='lat' dir='ltr'>linea.</span> 
     </span>
     <span class='ocr_line' id='line_1_21' title="bbox 448 3233 1621 3332; baseline 0.002 -25"><span class='ocrx_word' id='word_1_163' title='bbox 448 3233 519 3309; x_wconf 86' lang='lat' dir='ltr'>Sed</span> <span class='ocrx_word' id='word_1_164' title='bbox 557 3239 685 3307; x_wconf 91' lang='lat' dir='ltr'>contra</span> <span class='ocrx_word' id='word_1_165' title='bbox 723 3235 872 3308; x_wconf 86' lang='lat' dir='ltr'>Servius</span> <span class='ocrx_word' id='word_1_166' title='bbox 915 3241 1184 3310; x_wconf 78' lang='lat' dir='ltr'>commentator</span> <span class='ocrx_word' id='word_1_167' title='bbox 1222 3236 1359 3332; x_wconf 90' lang='lat' dir='ltr'>Virgilii</span> <span class='ocrx_word' id='word_1_168' title='bbox 1401 3237 1486 3311; x_wconf 88' lang='lat' dir='ltr'>dicit</span> <span class='ocrx_word' id='word_1_169' title='bbox 1523 3234 1621 3330; x_wconf 87' lang='lat' dir='ltr'>quod</span> 
     </span>
     <span class='ocr_line' id='line_1_22' title="bbox 447 3347 1629 3452; baseline 0.002 -25"><span class='ocrx_word' id='word_1_170' title='bbox 447 3355 566 3429; x_wconf 87' lang='lat' dir='ltr'>Encas</span> <span class='ocrx_word' id='word_1_171' title='bbox 591 3354 658 3427; x_wconf 90' lang='lat' dir='ltr'>luit</span> <span class='ocrx_word' id='word_1_172' title='bbox 684 3355 845 3448; x_wconf 89' lang='lat' dir='ltr'>proditor</span> <span class='ocrx_word' id='word_1_173' title='bbox 870 3355 997 3449; x_wconf 83' lang='lat' dir='ltr'>patriae</span> <span class='ocrx_word' id='word_1_174' title='bbox 1013 3347 1063 3449; x_wconf 79' lang='lat'>(⁶),</span> <span class='ocrx_word' id='word_1_175' title='bbox 1083 3375 1174 3452; x_wconf 91' lang='lat' dir='ltr'>ergo</span> <span class='ocrx_word' id='word_1_176' title='bbox 1191 3376 1264 3430; x_wconf 92' lang='lat' dir='ltr'>non</span> <span class='ocrx_word' id='word_1_177' title='bbox 1276 3357 1410 3451; x_wconf 86' lang='lat' dir='ltr'>justus,</span> <span class='ocrx_word' id='word_1_178' title='bbox 1432 3358 1507 3431; x_wconf 91' lang='lat' dir='ltr'>imo</span> <span class='ocrx_word' id='word_1_179' title='bbox 1523 3355 1629 3451; x_wconf 46' lang='lat' dir='ltr'>injur</span> 
     </span>
     <span class='ocr_line' id='line_1_23' title="bbox 446 3473 1659 3566; baseline 0.001 -19"><span class='ocrx_word' id='word_1_180' title='bbox 446 3474 648 3566; x_wconf 90' lang='lat' dir='ltr'>stissimus;</span> <span class='ocrx_word' id='word_1_181' title='bbox 687 3481 724 3547; x_wconf 91' lang='lat' dir='ltr'>et</span> <span class='ocrx_word' id='word_1_182' title='bbox 761 3473 846 3548; x_wconf 92' lang='lat' dir='ltr'>dicit</span> <span class='ocrx_word' id='word_1_183' title='bbox 884 3475 1032 3548; x_wconf 90' lang='lat' dir='ltr'>Servius</span> <span class='ocrx_word' id='word_1_184' title='bbox 1063 3474 1184 3547; x_wconf 89' lang='lat' dir='ltr'>Titum</span> <span class='ocrx_word' id='word_1_185' title='bbox 1213 3475 1356 3548; x_wconf 90' lang='lat' dir='ltr'>Livium</span> <span class='ocrx_word' id='word_1_186' title='bbox 1387 3477 1456 3548; x_wconf 89' lang='lat' dir='ltr'>hoc</span> <span class='ocrx_word' id='word_1_187' title='bbox 1487 3475 1618 3549; x_wconf 85' lang='lat' dir='ltr'>dicere</span> <span class='ocrx_word' id='word_1_188' title='bbox 1653 3479 1659 3492; x_wconf 86' lang='grc'><em>“</em></span> 
     </span>
     <span class='ocr_line' id='line_1_24' title="bbox 446 3592 1619 3687; baseline -0.003 -19"><span class='ocrx_word' id='word_1_189' title='bbox 446 3595 534 3670; x_wconf 89' lang='lat' dir='ltr'>Dico</span> <span class='ocrx_word' id='word_1_190' title='bbox 559 3594 719 3667; x_wconf 88' lang='lat' dir='ltr'>brevitor</span> <span class='ocrx_word' id='word_1_191' title='bbox 746 3593 844 3686; x_wconf 91' lang='lat' dir='ltr'>quod</span> <span class='ocrx_word' id='word_1_192' title='bbox 869 3592 1018 3667; x_wconf 88' lang='lat' dir='ltr'>Servius</span> <span class='ocrx_word' id='word_1_193' title='bbox 1052 3613 1124 3667; x_wconf 92' lang='lat' dir='ltr'>non</span> <span class='ocrx_word' id='word_1_194' title='bbox 1155 3594 1251 3669; x_wconf 90' lang='lat' dir='ltr'>bene</span> <span class='ocrx_word' id='word_1_195' title='bbox 1280 3593 1375 3687; x_wconf 89' lang='lat' dir='ltr'>dicit,</span> <span class='ocrx_word' id='word_1_196' title='bbox 1402 3593 1495 3666; x_wconf 90' lang='lat' dir='ltr'>sicut</span> <span class='ocrx_word' id='word_1_197' title='bbox 1520 3593 1619 3666; x_wconf 91' lang='lat' dir='ltr'>etin</span> 
     </span>
     <span class='ocr_line' id='line_1_25' title="bbox 446 3711 1627 3808; baseline -0.003 -21"><span class='ocrx_word' id='word_1_198' title='bbox 446 3714 594 3807; x_wconf 77' lang='lat' dir='ltr'>multis,</span> <span class='ocrx_word' id='word_1_199' title='bbox 612 3713 680 3786; x_wconf 91' lang='lat' dir='ltr'>luit</span> <span class='ocrx_word' id='word_1_200' title='bbox 697 3713 795 3786; x_wconf 88' lang='lat' dir='ltr'>enim</span> <span class='ocrx_word' id='word_1_201' title='bbox 820 3713 939 3786; x_wconf 92' lang='lat' dir='ltr'>bonus</span> <span class='ocrx_word' id='word_1_202' title='bbox 964 3712 1198 3808; x_wconf 89' lang='lat' dir='ltr'>gramaticus,</span> <span class='ocrx_word' id='word_1_203' title='bbox 1226 3712 1289 3787; x_wconf 91' lang='lat' dir='ltr'>sed</span> <span class='ocrx_word' id='word_1_204' title='bbox 1306 3732 1403 3806; x_wconf 85' lang='lat' dir='ltr'>saepe</span> <span class='ocrx_word' id='word_1_205' title='bbox 1419 3732 1493 3785; x_wconf 95' lang='lat' dir='ltr'>non</span> <span class='ocrx_word' id='word_1_206' title='bbox 1514 3711 1627 3785; x_wconf 74' lang='lat' dir='ltr'>intel·</span> 
     </span>
     <span class='ocr_line' id='line_1_26' title="bbox 445 3832 1617 3928; baseline -0.002 -22"><span class='ocrx_word' id='word_1_207' title='bbox 445 3833 534 3909; x_wconf 82' lang='lat' dir='ltr'>lenit</span> <span class='ocrx_word' id='word_1_208' title='bbox 564 3840 726 3908; x_wconf 91' lang='lat' dir='ltr'>mentem</span> <span class='ocrx_word' id='word_1_209' title='bbox 758 3832 906 3928; x_wconf 90' lang='lat' dir='ltr'>Virgilii,</span> <span class='ocrx_word' id='word_1_210' title='bbox 937 3833 1011 3906; x_wconf 91' lang='lat' dir='ltr'>imo</span> <span class='ocrx_word' id='word_1_211' title='bbox 1043 3832 1227 3905; x_wconf 91' lang='lat' dir='ltr'>interdum</span> <span class='ocrx_word' id='word_1_212' title='bbox 1259 3833 1402 3906; x_wconf 88' lang='lat' dir='ltr'>literam</span> <span class='ocrx_word' id='word_1_213' title='bbox 1431 3832 1617 3927; x_wconf 87' lang='lat' dir='ltr'>pervertit,</span> 
     </span>
     <span class='ocr_line' id='line_1_27' title="bbox 446 3941 1619 4047; baseline -0.002 -20"><span class='ocrx_word' id='word_1_214' title='bbox 446 3961 484 4028; x_wconf 91' lang='lat' dir='ltr'>et</span> <span class='ocrx_word' id='word_1_215' title='bbox 509 3954 619 4027; x_wconf 91' lang='lat' dir='ltr'>trahit</span> <span class='ocrx_word' id='word_1_216' title='bbox 643 3952 690 4027; x_wconf 87' lang='lat' dir='ltr'>ad</span> <span class='ocrx_word' id='word_1_217' title='bbox 715 3952 915 4047; x_wconf 87' lang='lat' dir='ltr'>reprobum</span> <span class='ocrx_word' id='word_1_218' title='bbox 927 3941 965 4043; x_wconf 80' lang='lat'>(⁶)</span> <span class='ocrx_word' id='word_1_219' title='bbox 991 3958 1028 4025; x_wconf 91' lang='lat' dir='ltr'>et</span> <span class='ocrx_word' id='word_1_220' title='bbox 1053 3958 1199 4045; x_wconf 87' lang='lat' dir='ltr'>turpem</span> <span class='ocrx_word' id='word_1_221' title='bbox 1216 3972 1378 4045; x_wconf 91' lang='lat' dir='ltr'>sensum,</span> <span class='ocrx_word' id='word_1_222' title='bbox 1395 3951 1489 4025; x_wconf 88' lang='lat' dir='ltr'>sicut</span> <span class='ocrx_word' id='word_1_223' title='bbox 1513 3952 1550 4024; x_wconf 93' lang='lat' dir='ltr'>in</span> <span class='ocrx_word' id='word_1_224' title='bbox 1575 3952 1619 4025; x_wconf 91' lang='lat' dir='ltr'>li·</span> 
     </span>
     <span class='ocr_line' id='line_1_28' title="bbox 446 4060 1619 4168; baseline -0.004 -19"><span class='ocrx_word' id='word_1_225' title='bbox 446 4076 515 4149; x_wconf 92' lang='lat' dir='ltr'>bro</span> <span class='ocrx_word' id='word_1_226' title='bbox 531 4074 788 4148; x_wconf 86' lang='lat' dir='ltr'>Bucolicorum</span> <span class='ocrx_word' id='word_1_227' title='bbox 805 4073 842 4145; x_wconf 94' lang='lat' dir='ltr'>in</span> <span class='ocrx_word' id='word_1_228' title='bbox 864 4072 987 4145; x_wconf 93' lang='lat' dir='ltr'>multis</span> <span class='ocrx_word' id='word_1_229' title='bbox 995 4060 1043 4164; x_wconf 83' lang='lat'>(⁷).</span> <span class='ocrx_word' id='word_1_230' title='bbox 1058 4071 1145 4145; x_wconf 88' lang='lat' dir='ltr'>Dico</span> <span class='ocrx_word' id='word_1_231' title='bbox 1162 4091 1253 4168; x_wconf 89' lang='lat' dir='ltr'>ergo</span> <span class='ocrx_word' id='word_1_232' title='bbox 1270 4071 1368 4165; x_wconf 91' lang='lat' dir='ltr'>quod</span> <span class='ocrx_word' id='word_1_233' title='bbox 1385 4071 1485 4146; x_wconf 88' lang='lat' dir='ltr'>Titus</span> <span class='ocrx_word' id='word_1_234' title='bbox 1496 4071 1619 4145; x_wconf 87' lang='lat' dir='ltr'>Livius</span> 
     </span>
     <span class='ocr_line' id='line_1_29' title="bbox 446 4185 1620 4287; baseline -0.005 -19"><span class='ocrx_word' id='word_1_235' title='bbox 446 4195 531 4269; x_wconf 91' lang='lat' dir='ltr'>dicit</span> <span class='ocrx_word' id='word_1_236' title='bbox 544 4185 581 4286; x_wconf 70' lang='lat'>(⁸)</span> <span class='ocrx_word' id='word_1_237' title='bbox 609 4200 727 4268; x_wconf 92' lang='lat' dir='ltr'>totum</span> <span class='ocrx_word' id='word_1_238' title='bbox 753 4192 980 4267; x_wconf 91' lang='lat' dir='ltr'>contrarium</span> <span class='ocrx_word' id='word_1_239' title='bbox 1011 4192 1104 4266; x_wconf 89' lang='lat' dir='ltr'>libro</span> <span class='ocrx_word' id='word_1_240' title='bbox 1128 4192 1246 4287; x_wconf 91' lang='lat' dir='ltr'>primo</span> <span class='ocrx_word' id='word_1_241' title='bbox 1277 4191 1323 4267; x_wconf 91' lang='lat' dir='ltr'>de</span> <span class='ocrx_word' id='word_1_242' title='bbox 1352 4192 1493 4287; x_wconf 87' lang='lat' dir='ltr'>origine</span> <span class='ocrx_word' id='word_1_243' title='bbox 1518 4190 1620 4264; x_wconf 90' lang='lat' dir='ltr'>urbis</span> 
     </span>
     <span class='ocr_line' id='line_1_30' title="bbox 447 4309 1618 4408; baseline -0.005 -21"><span class='ocrx_word' id='word_1_244' title='bbox 447 4314 546 4388; x_wconf 92' lang='lat' dir='ltr'>circa</span> <span class='ocrx_word' id='word_1_245' title='bbox 571 4313 800 4408; x_wconf 92' lang='lat' dir='ltr'>principium,</span> <span class='ocrx_word' id='word_1_246' title='bbox 827 4311 962 4386; x_wconf 91' lang='lat' dir='ltr'>scilicet</span> <span class='ocrx_word' id='word_1_247' title='bbox 988 4312 1086 4406; x_wconf 86' lang='lat' dir='ltr'>quod</span> <span class='ocrx_word' id='word_1_248' title='bbox 1111 4311 1228 4386; x_wconf 86' lang='lat' dir='ltr'>Encas</span> <span class='ocrx_word' id='word_1_249' title='bbox 1254 4331 1327 4385; x_wconf 93' lang='lat' dir='ltr'>non</span> <span class='ocrx_word' id='word_1_250' title='bbox 1353 4310 1420 4384; x_wconf 88' lang='lat' dir='ltr'>luit</span> <span class='ocrx_word' id='word_1_251' title='bbox 1444 4309 1618 4405; x_wconf 91' lang='lat' dir='ltr'>proditor.</span> 
     </span>
     <span class='ocr_line' id='line_1_31' title="bbox 447 4422 1619 4528; baseline -0.003 -23"><span class='ocrx_word' id='word_1_252' title='bbox 447 4434 491 4506; x_wconf 80' lang='lat' dir='ltr'>Et</span> <span class='ocrx_word' id='word_1_253' title='bbox 507 4432 623 4528; x_wconf 90' lang='lat' dir='ltr'>posito</span> <span class='ocrx_word' id='word_1_254' title='bbox 641 4432 739 4525; x_wconf 88' lang='lat' dir='ltr'>quod</span> <span class='ocrx_word' id='word_1_255' title='bbox 757 4432 867 4506; x_wconf 88' lang='lat' dir='ltr'>luerit</span> <span class='ocrx_word' id='word_1_256' title='bbox 884 4453 1015 4506; x_wconf 89' lang='lat' dir='ltr'>verum</span> <span class='ocrx_word' id='word_1_257' title='bbox 1031 4422 1068 4523; x_wconf 82' lang='lat'>(⁹)</span> <span class='ocrx_word' id='word_1_258' title='bbox 1094 4432 1230 4506; x_wconf 83' lang='lat' dir='ltr'>lineam</span> <span class='ocrx_word' id='word_1_259' title='bbox 1257 4430 1368 4506; x_wconf 87' lang='lat' dir='ltr'>luisse</span> <span class='ocrx_word' id='word_1_260' title='bbox 1384 4430 1619 4524; x_wconf 85' lang='lat' dir='ltr'>proditorem,</span> 
     </span>
     <span class='ocr_line' id='line_1_32' title="bbox 508 4690 1319 4755; baseline 0 -14"><span class='ocrx_word' id='word_1_261' title='bbox 508 4692 535 4754; x_wconf 82' lang='lat'>(⁸)</span> <span class='ocrx_word' id='word_1_262' title='bbox 552 4695 606 4749; x_wconf 81' lang='lat' dir='ltr'>llll,</span> <span class='ocrx_word' id='word_1_263' title='bbox 624 4690 800 4752; x_wconf 79' lang='lat' dir='ltr'>principaliter</span> <span class='ocrx_word' id='word_1_264' title='bbox 816 4691 959 4740; x_wconf 80' lang='lat' dir='ltr'>materiam.</span> <span class='ocrx_word' id='word_1_265' title='bbox 1095 4690 1130 4754; x_wconf 80' lang='lat'>(¹)</span> <span class='ocrx_word' id='word_1_266' title='bbox 1146 4691 1172 4741; x_wconf 83' lang='lat' dir='ltr'>S.</span> <span class='ocrx_word' id='word_1_267' title='bbox 1189 4692 1319 4755; x_wconf 77' lang='lat' dir='ltr'>descripsi.</span> 
     </span>
     <span class='ocr_line' id='line_1_33' title="bbox 509 4765 1527 4832; baseline 0 -17"><span class='ocrx_word' id='word_1_268' title='bbox 509 4769 535 4827; x_wconf 78' lang='lat'>(¹)</span> <span class='ocrx_word' id='word_1_269' title='bbox 552 4765 582 4815; x_wconf 85' lang='lat' dir='ltr'>E.</span> <span class='ocrx_word' id='word_1_270' title='bbox 599 4779 652 4814; x_wconf 69' lang='lat' dir='ltr'>sno</span> <span class='ocrx_word' id='word_1_271' title='bbox 668 4765 766 4827; x_wconf 72' lang='lat' dir='ltr'>patrie.</span> <span class='ocrx_word' id='word_1_272' title='bbox 1097 4766 1129 4830; x_wconf 80' lang='lat'>(⁸)</span> <span class='ocrx_word' id='word_1_273' title='bbox 1144 4767 1170 4818; x_wconf 88' lang='lat' dir='ltr'>S.</span> <span class='ocrx_word' id='word_1_274' title='bbox 1186 4769 1355 4832; x_wconf 85' lang='lat' dir='ltr'>opprobrium</span> <span class='ocrx_word' id='word_1_275' title='bbox 1371 4772 1399 4818; x_wconf 85' lang='lat' dir='ltr'>et</span> <span class='ocrx_word' id='word_1_276' title='bbox 1415 4772 1527 4830; x_wconf 86' lang='lat' dir='ltr'>turpem.</span> 
     </span>
    </p>
   </div>
   <div class='ocr_carea' id='block_1_3' title="bbox 509 4839 1434 4982">
    <p class='ocr_par' dir='ltr' id='par_1_3' title="bbox 509 4839 1434 4982">
     <span class='ocr_line' id='line_1_34' title="bbox 509 4839 1434 4903; baseline -0.009 -3"><span class='ocrx_word' id='word_1_277' title='bbox 509 4842 535 4901; x_wconf 73' lang='grc' dir='ltr'>ζ’)</span> <span class='ocrx_word' id='word_1_278' title='bbox 554 4844 607 4891; x_wconf 78' lang='grc'><strong>116·</strong></span> <span class='ocrx_word' id='word_1_279' title='bbox 624 4839 713 4888; x_wconf 72' lang='grc'><strong>1111111111</strong></span> <span class='ocrx_word' id='word_1_280' title='bbox 729 4840 801 4890; x_wconf 67' lang='lat' dir='ltr'>locit-</span> <span class='ocrx_word' id='word_1_281' title='bbox 1099 4841 1128 4903; x_wconf 88' lang='lat'>(⁸)</span> <span class='ocrx_word' id='word_1_282' title='bbox 1144 4841 1171 4892; x_wconf 82' lang='lat' dir='ltr'>S.</span> <span class='ocrx_word' id='word_1_283' title='bbox 1188 4844 1251 4894; x_wconf 88' lang='lat' dir='ltr'>dlclt</span> <span class='ocrx_word' id='word_1_284' title='bbox 1266 4844 1434 4894; x_wconf 79' lang='lat' dir='ltr'>contrurlum.</span> 
     </span>
     <span class='ocr_line' id='line_1_35' title="bbox 510 4916 1172 4982; baseline 0.006 -16"><span class='ocrx_word' id='word_1_285' title='bbox 510 4919 537 4982; x_wconf 73' lang='lat'>(⁹)</span> <span class='ocrx_word' id='word_1_286' title='bbox 555 4922 609 4978; x_wconf 77' lang='lat' dir='ltr'>llo,</span> <span class='ocrx_word' id='word_1_287' title='bbox 626 4929 726 4976; x_wconf 85' lang='lat' dir='ltr'>rerum,</span> <span class='ocrx_word' id='word_1_288' title='bbox 743 4921 772 4967; x_wconf 88' lang='lat' dir='ltr'>ut</span> <span class='ocrx_word' id='word_1_289' title='bbox 788 4917 867 4981; x_wconf 78' lang='lat' dir='ltr'>ullqul</span> <span class='ocrx_word' id='word_1_290' title='bbox 883 4916 982 4969; x_wconf 81' lang='lat' dir='ltr'>volunt.</span> <span class='ocrx_word' id='word_1_291' title='bbox 992 4917 1057 4969; x_wconf 83' lang='lat' dir='ltr'>-S.</span> <span class='ocrx_word' id='word_1_292' title='bbox 1073 4919 1172 4970; x_wconf 88' lang='lat' dir='ltr'>dicunt.</span> 
     </span>
    </p>
   </div>
   <div class='ocr_carea' id='block_1_4' title="bbox 0 0 2082 6546">
    <p class='ocr_par' dir='ltr' id='par_1_4' title="bbox 0 0 2082 6546">
     <span class='ocr_line' id='line_1_36' title="bbox 0 0 2082 6546; baseline 0 3"><span class='ocrx_word' id='word_1_293' title='bbox 0 0 2082 6546; x_wconf 95' lang='lat' dir='ltr'> </span> 
     </span>
    </p>
   </div>
  </div>
 </body>
</html>
