4154 6546
792 815 933 870 cnnrus
954 815 1113 871 anuum
1137 816 1297 871 rannus.
1554 809 1622 877 liti

451 959 684 1055 manipula
716 958 853 1035 scilicet
882 960 980 1034 male
1008 959 1194 1054 credebat,
1223 963 1367 1050 quando
1399 967 1461 1036 nor·
1490 968 1626 1058 Jttmrrro

450 1078 546 1156 d‘rrrr
570 1099 696 1153 rumor
719 1082 888 1171 smprcsr',
921 1079 1012 1155 ldcst
1044 1081 1322 1174 superoccupati
1349 1101 1447 1157 noro
1473 1102 1628 1158 rumore

451 1203 515 1298 qni
544 1195 737 1296 incipiebat
761 1199 809 1273 de
833 1219 930 1273 novo
964 1200 1102 1273 audiri:
1129 1205 1166 1274 ct
1190 1201 1362 1295 exprimit
1396 1202 1508 1276 istum
1542 1223 1627 1278 mo·-

450 1323 541 1397 dum
566 1319 736 1396 audiendi
763 1338 955 1393 rumorem
981 1298 1383 1414 per'cumparalionem
1404 1324 1571 1416 pulcram
1588 1315 1627 1414 (¹)

450 1441 654 1534 venatoris3
671 1446 710 1514 et
733 1439 895 1514 breviter
921 1442 1001 1513 vult
1023 1439 1158 1534 dicere,
1176 1440 1275 1533 quod
1300 1440 1377 1536 ipse
1402 1443 1540 1517 audivit
1561 1462 1627 1516 ru-

451 1580 593 1636 morem
628 1559 833 1634 maximum
859 1558 1052 1633 cuiusdam
1080 1560 1251 1655 itrgientis
1275 1581 1342 1655 per
1368 1562 1508 1657 sylvam
1535 1569 1623 1637 ante

451 1681 582 1755 taciem
606 1697 754 1772 canum,
773 1678 867 1752 sicut
883 1676 1067 1752 interdum
1086 1678 1217 1773 aliquis
1234 1686 1387 1754 venator
1408 1681 1510 1755 audit
1531 1687 1627 1757 strar

451 1801 567 1897 pilum
600 1798 805 1872 marimum
838 1798 918 1893 apri
950 1798 1121 1895 fugientis
1146 1799 1311 1874 iurorcm
1338 1805 1472 1874 carium
1498 1816 1627 1896 perse·

451 1920 655 2016 quendum.
682 1919 775 1993 Dicit
792 1938 900 2014 erpo:
916 1922 1118 1992 doctmonte
1134 1940 1157 1991 α
1173 1921 1275 2013 colui,
1292 1920 1429 1994 scilicet
1446 1921 1624 2015 venatori,

449 2038 510 2114 cdo
533 2047 626 2114 rente
650 2043 683 2112 ol
700 2060 814 2132 porco
838 2059 863 2110 o
889 2041 925 2111 lu
950 2042 1069 2112 cuceio
1094 2043 1211 2112 vmtre
1227 2062 1251 2113 u
1268 2042 1305 2112 lo
1320 2061 1386 2112 suu
1399 2048 1516 2133 postu,
1534 2041 1626 2116 idest

449 2160 496 2235 ad
526 2180 673 2256 passum
707 2157 754 2232 ad
792 2177 904 2251 quem
932 2159 1000 2232 luit
1035 2159 1242 2253 deputatus,
1277 2161 1409 2232 cb’ode
1444 2163 1475 2232 le
1510 2162 1625 2252 bem,

450 2281 544 2354 sient
569 2298 701 2372 aprum
728 2277 787 2351 vel
813 2296 979 2370 cervum,
999 2280 1066 2349 etc
1081 2280 1236 2371 fressin,
1255 2274 1390 2353 scilicet
1416 2299 1540 2354 ramos
1564 2301 1628 2354 ar-

449 2401 595 2492 borum,
620 2401 797 2486 stormr'rc,
824 2396 915 2470 idest
940 2415 1116 2473 resonare
1141 2405 1291 2493 propter
1313 2398 1399 2472 istas
1416 2400 1558 2474 bestias.
1581 2401 1625 2473 Et

449 2519 509 2593 laic
525 2525 611 2592 nota
629 2523 812 2611 quantum
837 2517 905 2589 ista
922 2517 1148 2611 comparatio
1166 2517 1210 2590 sit
1227 2517 1396 2612 propria3
1414 2519 1508 2592 sicut
1525 2519 1622 2594 eninr

448 2654 538 2735 aper
563 2638 752 2735 egreditur
777 2636 824 2711 dc
848 2657 1008 2711 caverna
1024 2647 1182 2733 urgente
1202 2638 1311 2731 lame,
1338 2643 1375 2712 ct
1400 2658 1509 2714 canes
1535 2660 1622 2714 enm

448 2766 742 2853 peraequandum
760 2757 809 2830 ita
827 2757 971 2832 debitor
986 2776 1084 2852 saepe
1102 2757 1290 2854 egreditur
1306 2756 1487 2854 dedomo,
1502 2760 1622 2855 inopia

448 2884 486 2953 et
510 2877 628 2952 inedia
645 2876 898 2970 compeliente,
919 2883 957 2951 et
973 2877 1175 2951 creditores
1191 2879 1310 2954 statim
1330 2872 1622 2973 persecuntnrl²l

448 3015 557 3090 enm;
582 3006 620 3072 et
644 2997 738 3070 sicut
764 2995 896 3088 aliquis
921 3015 1010 3090 aper
1036 2997 1167 3090 evadit,
1184 2997 1278 3070 alius
1304 2999 1448 3092 capitur
1468 3004 1505 3073 et
1525 3001 1624 3074 lace-

448 3123 565 3210 ratur,
591 3117 640 3190 ita
666 3115 805 3191 videbis
829 3114 898 3189 bic.
926 3115 969 3188 Et
995 3115 1090 3189 sicut
1115 3126 1270 3192 venator
1294 3123 1365 3190 stat
1389 3124 1551 3194 attentus
1576 3119 1622 3194 ad

448 3253 610 3331 passum,
635 3241 678 3309 ut
702 3235 823 3328 capiat
847 3255 979 3328 aprum
1007 3233 1216 3310 venientem
1239 3255 1325 3309 cum
1353 3238 1548 3332 venabulo,
1572 3239 1623 3315 ita

447 3363 558 3431 autor
582 3355 702 3430 stabat
726 3374 824 3431 nunc
844 3354 1006 3429 intentus
1025 3359 1066 3427 ut
1083 3355 1263 3450 reciperet
1280 3356 1391 3430 istum
1412 3359 1623 3434 venientem

448 3496 534 3551 cum
552 3475 653 3569 stil03
680 3481 716 3549 ct
741 3494 830 3549 rere
856 3481 1047 3568 tamquam
1074 3473 1194 3548 bonus
1219 3481 1373 3549 venator
1398 3477 1493 3552 bene
1519 3499 1623 3554 rece·

446 3597 498 3695 pit
511 3588 554 3690 (ll
575 3616 663 3671 enm
690 3614 776 3670 curn
804 3597 889 3689 telo,
914 3601 952 3669 et
977 3594 1157 3668 transfixit
1177 3595 1393 3670 mirabiliter
1414 3604 1455 3671 ut
1471 3598 1625 3695 ridebis,-

447 3723 484 3795 ei
516 3717 621 3813 peius
655 3717 793 3790 vulnus
816 3714 882 3789 sibi
907 3707 1006 3790 dedit
1030 3735 1143 3809 quam
1170 3716 1279 3790 Petro
1304 3717 1351 3791 de
1376 3717 1508 3813 Vincis,
1534 3719 1623 3812 quin

447 3826 543 3930 illil‘)
571 3836 729 3911 restituit
755 3837 904 3929 lamam,
931 3835 988 3909 isti
1014 3854 1104 3910 vero
1130 3841 1167 3910 et
1192 3836 1291 3911 socio
1316 3836 1413 3913 dedit
1439 3856 1567 3913 veram
1582 3830 1624 3930 (ἢ

448 3957 645 4031 iniamiam.
660 3961 770 4029 -Et
795 3977 884 4030 ecco.
916 3956 1021 4030 Nunc
1045 3961 1156 4030 autor
1180 3950 1350 4031 describit
1366 3978 1514 4052 pmnam
1540 3959 1620 4032 vlo-

448 4079 634 4154 lentorum
664 4087 792 4154 eontra
823 4077 920 4152 bona
944 4097 1012 4151 sua
1038 4077 1074 4150 in
1099 4077 1253 4152 duobus.
1281 4077 1334 4151 bd
1359 4079 1466 4152 cuius
1490 4069 1621 4155 intelli-

447 4197 608 4294 gentiam
640 4203 695 4272 est
724 4197 940 4291 notandam,
971 4197 1072 4291 quod
1100 4192 1211 4270 autor
1242 4215 1377 4292 magua
1402 4204 1484 4272 arte
1517 4197 1621 4295 fingit

448 4317 548 4412 qaod
574 4318 631 4390 isti
656 4323 811 4391 currunt
831 4337 899 4411 per
915 4317 1058 4412 sylvam
1080 4316 1198 4390 territi
1216 4315 1395 4412 lugientes
1412 4336 1498 4390 cum
1516 4323 1621 4392 tento

447 4440 585 4534 impetu
613 4445 650 4513 et
676 4438 802 4512 lurore
826 4438 925 4532 quod
951 4438 1125 4532 frangunt
1149 4456 1260 4510 omne
1285 4436 1486 4510 claustrum
1509 4438 1621 4511 arbo·

448 4582 546 4654 rum,
572 4559 658 4653 quia
685 4580 749 4634 eos
774 4567 1017 4654 persecuntur
1037 4579 1147 4633 canes
1165 4557 1352 4652 inmelicae,
1371 4556 1518 4653 rabidae,
1537 4579 1621 4654 quae

509 4775 537 4838 (¹)
553 4775 584 4825 E.
600 4773 794 4838 pulcerrimum.
1043 4771 1070 4833 (¹)
1088 4776 1141 4832 ild,
1159 4777 1304 4835 aequuntnr
1317 4782 1388 4822 enm.

508 4847 535 4913 (¹)
551 4850 582 4900 E.
599 4851 689 4913 recipit
704 4863 766 4901 cum
784 4848 845 4900 telo.
1045 4847 1071 4911 Ρ)
1087 4847 1118 4897 E.
1135 4847 1172 4896 illi
1189 4846 1267 4896 Petro
1283 4847 1405 4897 restitnit.

508 4923 536 4986 θ)
551 4926 586 4987 s„
604 4927 635 4977 Ε.
650 4939 666 4976 e
683 4931 737 4987 itt.
754 4931 914 4991 perpetuam.
