4154 6546
570 784 620 853 ω
969 794 1169 849 counuruu
1195 794 1348 846 rursum

569 941 656 1017 vino
684 940 825 1034 sepulti,
842 938 1005 1014 decrevit
1030 938 1124 1012 velle
1148 937 1203 1012 ire
1223 930 1262 1028 (¹)
1287 956 1354 1031 per
1377 935 1515 1010 heum
1542 937 1589 1010 ad
1619 939 1748 1013 Evam·

568 1059 678 1134 drum
717 1078 868 1155 regem3
906 1056 967 1131 cui
997 1057 1186 1152 Euryalus·
1216 1054 1393 1129 audacter
1430 1075 1472 1129 se
1507 1056 1658 1130 sociavit
1694 1057 1747 1132 ad

569 1177 693 1253 omnia
721 1176 884 1273 pericula
913 1176 1101 1251 toleranda
1128 1167 1179 1270 (¹),
1210 1174 1294 1249 licet
1317 1175 1425 1248 Nisus
1453 1183 1653 1250 recusaret
1679 1177 1743 1252 hri

570 1317 660 1392 ergo
685 1295 916 1389 vereamini,
943 1315 1018 1368 una
1042 1294 1166 1368 anima
1190 1293 1229 1367 in
1253 1293 1397 1366 duobus
1422 1295 1649 1389 corporibus,
1673 1316 1745 1391 per

570 1435 610 1490 se
634 1414 686 1489 sic
709 1414 870 1508 animati,
896 1421 933 1488 et
957 1413 1120 1508 persuasi
1146 1412 1363 1486 muneribus
1386 1419 1424 1486 et
1448 1414 1632 1506 promissis
1656 1415 1746 1489 lulii

569 1534 711 1608 Ascanii
736 1534 873 1630 egregii
893 1534 1052 1628 juvenis,
1078 1533 1140 1606 lilii
1165 1532 1287 1625 Eneae,
1312 1536 1349 1606 et
1373 1531 1531 1607 aliorum
1560 1535 1741 1609 nobilium

569 1653 773 1749 principum
787 1654 1028 1748 Trojanorum
1045 1644 1094 1746 (³),
1113 1653 1308 1727 exiverunt
1327 1659 1470 1746 portam
1488 1653 1535 1728 de
1559 1661 1677 1749 mete
1702 1661 1743 1730 et

568 1772 779 1847 invadentes
803 1778 923 1846 eastra
948 1772 1108 1845 bostium
1138 1771 1305 1845 lecerunt
1329 1790 1503 1866 magnam
1528 1774 1667 1848 caedem
1692 1775 1745 1850 de.

568 1890 702 1984 multis,
720 1896 758 1964 et
781 1891 897 1963 multa
921 1889 1034 1984 spolia
1060 1897 1265 1983 rapuerunt
1290 1909 1395 1964 more
1420 1889 1534 1964 leonis
1558 1893 1742 1968 saevientis

568 2009 606 2083 in
630 2010 800 2104 pecudes.
819 2011 913 2084 Cum
930 2017 1055 2084 autem
1073 2010 1194 2084 onusti
1214 2009 1337 2103 praeda
1354 1999 1390 2101 (⁸)
1411 2010 1494 2084 laete
1512 2013 1739 2109 recederent,

566 2136 811 2204 occurrerunt
835 2151 859 2204 a
884 2150 972 2204 easu
999 2129 1169 2204 trecentis
1186 2127 1381 2222 equitibus,
1397 2129 1463 2222 qui
1481 2130 1676 2205 veniebant
1691 2134 1745 2208 ab

566 2249 660 2322 urbe
684 2249 800 2322 latini
824 2249 873 2322 ad
896 2257 1015 2323 castra
1041 2249 1154 2323 Turni
1178 2269 1265 2323 cum
1290 2248 1385 2322 duce
1414 2268 1559 2344 eorum,
1585 2251 1646 2324 cui
1671 2272 1744 2327 nos

567 2388 653 2443 men
679 2375 760 2444 erat
784 2368 966 2464 Volscens,
993 2369 1058 2463 qui
1082 2369 1245 2443 clamare
1268 2368 1389 2463 coepit,
1415 2376 1453 2443 et
1477 2389 1648 2461 querere
1671 2372 1736 2465 qui

567 2497 700 2582 essent,
727 2496 765 2563 et
789 2509 864 2583 quo
890 2489 1091 2563 tenderent.
1119 2490 1221 2562 Tunc
1245 2489 1352 2562 Nisus
1376 2495 1414 2563 et
1438 2488 1619 2585 Euryalus
1653 2492 1740 2566 nibil

566 2608 827 2702 respondentes
852 2609 1083 2681 intraverunt
1108 2608 1236 2682 silvam
1261 2608 1480 2703 proximam,
1503 2615 1541 2684 et
1565 2611 1739 2686 continuo

566 2730 690 2801 hostes
715 2727 1035 2800 circumdederunt
1060 2727 1201 2821 silvam,
1229 2728 1440 2802 claudentes
1469 2729 1633 2824 undique
1656 2750 1741 2824 pas-

568 2868 631 2932 sus
656 2854 693 2920 et
719 2847 806 2920 vias.
821 2846 1002 2942 Euryalus
1017 2847 1154 2941 junior,
1168 2846 1336 2921 detentus
1352 2840 1387 2940 (⁵)
1411 2849 1599 2923 atenebra
1625 2850 1739 2924 noctis
1824 2868 1829 2877 ·

567 2972 605 3040 et
629 2985 743 3040 onere
768 2965 981 3060 spoliorum,
1002 2985 1076 3039 non
1100 2966 1218 3060 potuit
1234 2967 1402 3042 evadere.
1420 2968 1527 3042 Nisus
1552 2989 1654 3062 vero,
1675 2970 1741 3063 qui

561 3086 641 3182 jam
655 3076 866 3177 evaserat(⁰)
879 3106 902 3159 a
915 3085 1083 3160 manibus
1101 3086 1271 3180 bostium,
1287 3089 1514 3182 retrospexit,
1528 3109 1596 3163 nec
1614 3089 1740 3164 videns

567 3206 729 3280 amicum
742 3206 957 3302 Euryalum,
969 3205 1076 3299 ooepit
1090 3207 1322 3281 retrocedere
1334 3196 1370 3299 (⁷)
1383 3215 1423 3281 ut
1436 3217 1621 3301 quaereret
1637 3230 1737 3302 eum,

567 3346 678 3420 quem
705 3325 816 3420 paulo
841 3331 922 3419 post
946 3325 1082 3419 reperit
1107 3326 1350 3420 interceptum
1364 3316 1401 3418 (⁸)
1428 3328 1476 3400 ab
1500 3329 1675 3422 hostibus,
1702 3335 1741 3403 et

565 3446 730 3520 nesciens
754 3443 843 3537 quid
867 3450 1006 3539 ageret,
1025 3445 1206 3518 fluctuans
1221 3446 1356 3538 animo,
1375 3446 1495 3519 emisit
1519 3447 1646 3540 telum,
1664 3468 1740 3540 quo

565 3564 746 3660 percussit
765 3564 803 3636 in
825 3571 930 3660 tergo
947 3563 1146 3657 quemdam
1163 3565 1326 3658 equitem
1344 3565 1493 3639 nomine
1512 3565 1739 3661 Sulmonem,

566 3683 630 3779 qui
642 3683 763 3757 statim
776 3703 824 3757 ex
836 3683 989 3756 vulnere
1002 3675 1234 3774 mortiferol⁹i
1246 3684 1590 3757 evomuitanimam.
1602 3685 1740 3762 Deinde

565 3804 699 3879 emisso
723 3802 795 3876 alio
821 3802 893 3876 telo
917 3803 1096 3896 percussit
1111 3802 1225 3874 alium
1243 3802 1404 3895 equitem
1428 3803 1575 3877 nomine
1595 3805 1739 3900 Tagum

565 3922 604 3997 in
627 3923 755 4017 eapite,
774 3929 810 3996 et
826 3912 1110 4013 intranstixitlw)
1131 3941 1197 4014 per
1222 3928 1425 4015 utrumque
1451 3928 1606 4015 tempus.
1637 3926 1739 4001 Tunc

565 4041 736 4116 Volscens
753 4041 841 4134 dur,
857 4061 1034 4115 accensus
1050 4039 1105 4113 ira
1119 4032 1186 4133 (¹¹),
1201 4060 1274 4113 non
1292 4039 1417 4115 videns
1434 4061 1478 4114 er
1497 4041 1620 4135 aliqua
1633 4052 1737 4138 parte

628 4211 655 4273 (¹)
672 4217 725 4273 tto,
743 4213 782 4262 tre
797 4214 832 4262 sd
846 4213 995 4263 Evandrum
1011 4225 1101 4276 regem
1117 4225 1166 4277 pro
1183 4212 1263 4262 Enea.

629 4286 703 4348 (¹113.
722 4289 872 4350 tolleranda,
890 4304 947 4353 quo
966 4289 1039 4340 Nisus
1057 4304 1109 4339 uon
1126 4295 1266 4339 recuteret.

627 4364 653 4422 (⁸)
669 4365 700 4414 E.
719 4366 892 4428 Troianorum
909 4366 1139 4426 exhortationibus,
1157 4367 1300 4416 exiverunt.

628 4440 652 4499 (Ἰ
670 4441 701 4490 E.
719 4441 806 4502 pracda
823 4443 1025 4503 retrocederent,
1044 4448 1195 4492 occurrunt.

626 4516 651 4575 (⁸)
669 4516 699 4565 E.
718 4516 841 4578 deceptus
857 4529 872 4566 a
889 4518 1004 4567 tenebra.
1199 4519 1224 4578 (⁸)
1241 4519 1266 4567 S.
1283 4524 1406 4579 eraserat,
1424 4520 1587 4580 retrospexit.

626 4591 652 4650 (¹)
670 4592 700 4640 E.
717 4592 882 4642 retrocedere
899 4598 926 4644 et
940 4606 1002 4644 eum
1017 4607 1144 4659 quarere,
1161 4597 1206 4659 qui
1224 4594 1301 4658 paulo
1318 4600 1375 4657 post
1391 4597 1488 4657 reperit
1502 4609 1565 4645 eum
1580 4593 1740 4644 abbostibus

565 4667 749 4727 interceptum.
1200 4670 1226 4730 (¹)
1241 4669 1268 4719 S.
1285 4671 1474 4734 interceptum
1489 4677 1517 4720 et
1533 4670 1656 4720 neaeieos.

628 4742 654 4800 (ἢ
671 4742 701 4791 Ε.
719 4754 750 4791 ex
767 4743 904 4793 mortifero
922 4759 1057 4807 percussus
1074 4746 1183 4796 vulnere
1199 4747 1313 4797 animam
1327 4749 1434 4799 evomit.

617 4816 654 4877 (··)
670 4816 695 4866 S.
712 4830 727 4867 e
744 4822 798 4876 tlt,
816 4819 988 4869 uausbxit—
998 4821 1029 4870 E.
1046 4828 1074 4873 et
1089 4821 1165 4871 illum
1183 4835 1230 4884 por
1246 4829 1387 4888 utrumque
1403 4829 1506 4888 tempus
1522 4824 1656 4874 mmmm.

615 4893 653 4954 (¹¹)
670 4895 701 4944 E.
720 4894 767 4955 irs,
784 4897 911 4946 convertit
927 4897 1055 4947 furorem.
