4154 6546
448 767 519 833 llo
847 775 1050 830 couunruu
1074 776 1225 829 mnsam

446 929 571 999 autem
599 921 711 995 nimio
732 922 855 995 calore
880 927 917 995 et
941 921 1068 994 labore
1085 939 1214 993 omnes
1229 918 1465 996 afficerentur
1482 939 1619 1016 magna

447 1043 516 1135 siti,
541 1040 690 1134 quidam
717 1040 821 1114 miles
848 1039 982 1133 reperit
1014 1038 1199 1112 modicum
1230 1058 1340 1131 aquae
1365 1038 1403 1111 in
1427 1056 1553 1132 arena,
1578 1045 1618 1113 et

447 1163 545 1237 illam
571 1166 759 1253 acceptam
776 1158 945 1233 celeriter
965 1158 1113 1251 pertulit
1130 1156 1177 1231 ad
1194 1157 1381 1231 Catonem.
1403 1158 1494 1233 Cato
1512 1177 1616 1232 mor·

447 1281 584 1356 daciter
602 1280 791 1373 increpans
803 1278 1018 1371 portitorem
1032 1277 1070 1350 in
1083 1281 1278 1371 oonspectu
1292 1277 1459 1350 omnium
1476 1297 1614 1371 aquam

447 1399 677 1494 indignanter
690 1397 828 1489 alludit,
842 1396 946 1470 ouius
961 1396 1091 1470 effusio
1103 1396 1242 1471 sedavit
1253 1394 1350 1470 sitim
1363 1395 1529 1469 omnium
1543 1395 1617 1470 oir-

447 1518 719 1594 cumstantinm.
739 1518 828 1592 Cato
850 1516 980 1592 deinde
1005 1515 1205 1610 procedens
1221 1534 1457 1609 permenam
1476 1533 1617 1608 praece·

448 1637 555 1712 debat
571 1631 608 1726 (¹)
634 1642 782 1728 portans
807 1636 947 1709 hastam
974 1654 1088 1708 manu
1109 1654 1187 1726 sna,
1205 1639 1244 1706 et
1267 1633 1466 1707 exhortans
1487 1650 1618 1708 omnes

446 1755 556 1829 dabat
568 1755 779 1848 exemplum
792 1753 871 1827 aliis
888 1752 1066 1827 tolerandi
1083 1753 1227 1826 labores
1243 1751 1441 1847 patienter3
1454 1751 1616 1826 multum

448 1875 630 1970 vigilabat,
659 1873 811 1946 ultimus
840 1872 987 1948 nisena
1018 1872 1048 1946 si
1080 1871 1335 1946 inveniebatur
1368 1850 1616 1964 aurumne)

446 2016 555 2087 aqua.
582 1993 666 2067 ldeo
694 1993 790 2066 bene
821 1993 990 2066 Lucanus
1021 1991 1058 2063 in
1090 1990 1445 2066 commendationem
1472 1989 1616 2065 Catonis

447 2113 548 2189 dicit:
570 2112 669 2206 quod
687 2113 810 2186 nullus
831 2131 1072 2185 romanorum
1088 2110 1227 2184 ducum
1245 2109 1449 2203 promeruit
1470 2115 1613 2183 tanturn

449 2253 583 2307 nomen
609 2253 656 2305 ex
680 2231 791 2329 gestis
815 2250 1021 2323 armorum,
1042 2235 1222 2322 quantum
1243 2229 1333 2303 Cato
1358 2248 1404 2302 en
1427 2227 1612 2302 laboribus
1750 2292 1761 2311 ,

450 2352 540 2445 istis3
566 2352 664 2426 unde
689 2350 775 2426 dicit
800 2349 898 2443 quod
914 2350 1022 2423 vellet
1047 2349 1167 2442 potins
1191 2347 1329 2421 ducere
1346 2348 1455 2421 talem
1483 2345 1614 2420 trium·

449 2473 563 2565 phnm
578 2490 821 2563 permenam,
835 2488 947 2560 quarn
961 2467 1159 2541 ascendere
1177 2473 1233 2541 ter
1244 2457 1280 2557 (³)
1294 2465 1511 2560 Capitolium
1527 2482 1614 2541 oum

449 2596 551 2665 veste
577 2588 796 2682 triumphali,
822 2586 917 2660 siout
948 2587 1031 2660 iecit
1060 2586 1268 2692 Pompeius,
1293 2592 1359 2660 aut
1387 2586 1617 2681 triumphare

448 2708 495 2783 do
520 2709 673 2802 Jugurta
701 2726 800 2801 rege,
826 2705 920 2780 sicut
950 2705 1034 2778 lecit
1063 2705 1208 2799 Marius,
1234 2705 1299 2798 qui
1321 2705 1427 2779 illum
1452 2703 1616 2800 proripi-

448 2828 538 2902 tavit
562 2827 609 2900 de
624 2847 716 2900 arcu
734 2825 954 2918 triumphali.
973 2825 1110 2899 Deinde
1125 2825 1214 2899 Cato
1235 2831 1272 2899 et
1287 2824 1345 2898 sni
1364 2831 1615 2918 pervenerunt

448 2946 494 3021 ad
518 2952 661 3040 partem
687 2944 954 3037 calidissimam,
972 2945 1069 3017 ultra
1087 2965 1200 3037 quam
1226 2945 1328 3019 nulla
1351 2949 1407 3018 est
1426 2942 1611 3036 habitatio,

448 3070 486 3138 et
511 3063 574 3136 ubi
599 3070 680 3137 erat
704 3063 822 3137 maior
847 3063 1002 3158 penuria
1027 3083 1145 3157 aqnae.
1172 3062 1242 3136 Sed
1276 3062 1370 3136 inter
1399 3081 1531 3137 arenas
1562 3061 1619 3135 in-

448 3191 579 3259 ventus
600 3190 655 3257 est
674 3204 770 3255 unns
796 3182 875 3256 fons
901 3183 1040 3257 habens
1056 3203 1229 3279 magnam
1251 3182 1393 3276 oopiam
1419 3201 1617 3274 aquarum,

447 3303 512 3377 sed
536 3302 715 3376 maiorem
740 3301 1001 3376 abundantiam
1028 3308 1239 3395 serpentum
1265 3301 1362 3374 intus
1383 3306 1553 3393 etenira,
1570 3320 1617 3377 ex

448 3443 523 3516 quo
549 3421 672 3494 nullus
697 3428 1043 3514 quantumcumque
1064 3420 1186 3493 sitiens
1202 3419 1362 3494 audebat
1378 3419 1555 3497 arrodere
1571 3419 1618 3496 ad

451 3541 600 3615 iontem.
620 3542 721 3613 luno
739 3540 827 3614 Cato
844 3540 1002 3614 suadens
1024 3540 1091 3613 illis
1117 3546 1158 3612 ut
1182 3539 1349 3614 biberent
1370 3559 1513 3634 secure,
1531 3539 1617 3634 qnia

448 3680 597 3755 serpens
631 3681 703 3733 non
734 3665 850 3754 potest
882 3659 1016 3734 laedere
1042 3660 1078 3732 in
1103 3679 1211 3753 aqna,
1237 3658 1431 3753 assumpsit
1464 3660 1540 3754 ipse
1568 3659 1617 3736 de

438 3763 568 3875 ¹acapna
593 3787 630 3856 et
653 3779 753 3874 bibit,
772 3787 809 3854 et
825 3769 861 3871 (⁸)
884 3786 959 3854 tota
979 3800 1091 3854 arena
1108 3779 1238 3854 Airieae
1256 3779 1313 3853 bic
1330 3779 1399 3856 luit
1423 3779 1522 3855 solus
1538 3779 1619 3854 iona

448 3901 494 3975 de
511 3919 586 3993 quo
599 3900 687 3973 Cato
704 3898 845 3992 primus
862 3899 1012 3991 biberit3
1029 3904 1067 3972 et
1083 3898 1119 3970 in
1137 3899 1205 3972 hac
1222 3905 1327 3994 parte
1343 3918 1466 3973 arenae
1480 3899 1569 3974 Cato
1580 3889 1618 3989 (⁵)

450 4018 584 4111 reperit
608 4017 766 4110 plurima
791 4036 929 4111 genera
956 4023 1167 4110 serpentum
1185 4017 1429 4112 pessimorum
1454 4017 1619 4093 diversa·

450 4157 534 4209 rum
560 4142 780 4209 naturarum
807 4134 973 4208 dantium
999 4135 1160 4210 diversas
1177 4143 1326 4229 mortes,
1344 4135 1391 4211 de
1411 4135 1545 4230 quibus
1566 4135 1621 4210 di·

367 4309 370 4314 -
449 4265 554 4332 netur
578 4255 672 4329 inira
700 4255 762 4329 ubi
788 4260 967 4329 tractatur
997 4254 1044 4329 de
1074 4255 1226 4329 iuribus.
1262 4257 1367 4330 Nunc
1399 4256 1447 4330 ad
1477 4256 1620 4333 literam

448 4375 532 4450 dicit
557 4383 689 4450 autor:
716 4397 829 4448 orata
854 4378 933 4447 dico
958 4396 1030 4446 raon
1051 4377 1144 4467 satta
1176 4379 1210 4449 d’
1224 4378 1320 4449 ultro
1346 4378 1485 4468 loppin,
1516 4376 1621 4470 quati

449 4493 559 4569 dicat:
580 4495 654 4567 imo
672 4494 831 4566 insimili
850 4493 979 4586 forma,
999 4495 1058 4565 cite
1074 4497 1171 4584 colet,
1186 4494 1277 4570 idest
1294 4515 1406 4587 quam
1428 4495 1488 4569 illa
1504 4516 1616 4571 arena

373 4695 376 4703 ¹
512 4711 538 4771 (¹)
554 4710 589 4769 So
609 4714 653 4761 ¹¹6
669 4724 684 4761 e
701 4712 731 4760 Ε.
749 4711 909 4774 procedebat
925 4725 1016 4763 omnen
1031 4712 1108 4775 pedes
1124 4717 1229 4775 porum
1244 4715 1353 4764 haum,

513 4782 540 4844 l¹l
555 4784 581 4834 S·
596 4785 684 4848 aliquo
699 4787 785 4837 modo.
1370 4790 1376 4802 ·

511 4859 540 4920 (⁸)
555 4858 581 4908 S.
597 4872 612 4909 e
628 4860 659 4909 E.
675 4865 702 4911 et
717 4861 743 4910 in
761 4866 814 4912 iota
829 4874 914 4912 arena.
