4154 6546
460 754 531 821 556
856 768 1058 825 COMEN'I'UM
1082 771 1234 825 mmm

458 930 521 984 se:
546 914 582 982 io
606 914 704 985 dicen
728 920 787 986 tra
811 935 865 987 me
893 918 1079 1005 medesmo,
1105 920 1143 989 et
1167 915 1250 990 licet
1275 913 1327 989 sio
1356 915 1571 1008 loqueretur
1586 911 1623 1009 (¹)

458 1030 553 1104 intra
590 1051 631 1105 se
668 1039 791 1108 tamen
829 1035 950 1110 statim
990 1034 1160 1130 Virgilius
1197 1035 1367 1131 cognovit
1405 1036 1492 1129 quid
1526 1036 1625 1112 dice-

458 1161 525 1244 ret,
560 1152 656 1226 unde
685 1153 791 1228 dicit:
827 1157 871 1246 ei,
903 1155 1037 1229 scilicet
1071 1155 1147 1249 ipse
1182 1154 1363 1250 Virgilius,
1388 1157 1527 1228 elisseo
1552 1177 1624 1229 me:

456 1262 510 1342 oio
543 1273 602 1343 ote
632 1275 667 1344 io
701 1276 854 1365 almodo,
888 1273 979 1348 idest
1013 1281 1166 1368 expecto
1203 1279 1373 1368 attencte,
1399 1294 1418 1345 e
1441 1276 1501 1346 cte
1517 1278 1543 1347 'l
1566 1282 1624 1348 oro

452 1397 595 1486 partor,
629 1395 764 1470 scilicet
802 1397 972 1489 mentale,
1006 1417 1133 1488 sopna,
1165 1395 1257 1471 idest
1287 1400 1469 1489 autumat,
1503 1396 1625 1471 conie-

455 1508 639 1610 cturat(²),
671 1524 758 1590 tosto
791 1538 923 1590 convert
955 1519 1079 1590 close
1106 1537 1236 1608 scopra
1265 1519 1304 1588 al
1330 1523 1388 1589 tuo
1418 1519 1504 1609 viso,
1537 1518 1624 1613 quia

455 1648 670 1732 ooopertum
684 1629 722 1730 (³)
752 1645 832 1712 erat
860 1638 929 1711 sub
963 1659 1060 1731 aqua
1090 1645 1311 1731 monstrum,
1342 1638 1440 1731 quod
1470 1660 1569 1713 nuuc
1585 1628 1623 1731 (ἢ

455 1764 535 1831 erat
560 1765 759 1832 venturum
784 1758 832 1831 ad
858 1758 984 1852 ripam.
999 1762 1203 1850 -Sempre
1218 1749 1266 1849 (⁵).
1293 1759 1397 1831 Nunc
1426 1767 1536 1832 autor
1560 1761 1625 1835 de-
1677 1777 1683 1789 ·

455 1878 658 1971 scripturus
682 1878 836 1952 bestiam
863 1878 1067 1951 mirabilem
1087 1884 1371 1971 monstruosam,
1388 1878 1449 1951 oui
1466 1879 1621 1954 similem

456 2020 660 2092 numquam
679 2018 806 2072 rerum
828 2006 960 2072 natura
977 1997 1160 2092 produxit,
1181 2019 1293 2091 quam
1311 1999 1400 2072 vidit
1419 2001 1622 2074 secundum

454 2121 552 2215 quod
577 2120 795 2215 praedixerat
820 2119 886 2192 sibi
911 2117 1092 2214 Virgilius,
1119 2118 1203 2192 iacit
1218 2119 1328 2193 aliam
1346 2120 1622 2213 persuasionem

452 2241 558 2315 valde
584 2241 779 2315 notabilem
794 2231 832 2332 (⁶)
857 2246 1056 2332 antequam
1082 2239 1178 2313 dicat
1202 2259 1243 2313 se
1268 2239 1415 2334 vidisse3
1445 2242 1543 2317 uude
1566 2242 1623 2316 di-

452 2361 523 2435 cit:
549 2365 666 2435 tumn
682 2364 744 2435 dee
759 2382 895 2453 sempre
910 2363 1051 2433 claudor
1076 2363 1107 2433 le
1132 2361 1273 2451 labora,
1292 2361 1383 2435 idest
1399 2362 1508 2437 debet
1522 2382 1622 2436 sem-

453 2503 518 2576 per
543 2489 678 2574 tacere,
705 2502 777 2556 non
804 2500 968 2574 narrare,
991 2476 1106 2572 finctis*
1123 2483 1148 2553 'l
1175 2489 1278 2572 puole
1296 2470 1346 2575 (⁷),
1371 2482 1488 2557 donec
1513 2502 1621 2557 casus

453 2601 674 2676 necessitatis
698 2608 806 2696 cogat
830 2620 929 2692 eum,
955 2600 1041 2692 quia
1067 2601 1179 2673 homo
1203 2621 1300 2695 saepe
1320 2602 1550 2696 compellitur
1565 2602 1620 2676 di-

451 2740 538 2796 cere
563 2722 679 2794 multa
704 2740 788 2812 quae
806 2740 880 2794 non
898 2719 964 2793 sihi
981 2720 1195 2814 creduntur,
1216 2742 1241 2792 a
1261 2725 1340 2811 puel
1355 2743 1416 2795 ver
1436 2726 1487 2795 clr’
1500 2713 1525 2795 ἀ
1538 2727 1619 2815 sao-

312 2825 316 2831 ’
451 2845 507 2914 oia
532 2844 569 2914 di
594 2860 802 2931 nwnzopna,
828 2839 919 2914 idest
945 2839 1073 2914 iaciem
1099 2846 1137 2913 et
1161 2841 1322 2915 colorem
1350 2841 1555 2935 mendacii;
1581 2851 1619 2916 el

452 2962 611 3058 assignat
628 2980 796 3035 causam:
817 2954 909 3052 pero
932 2963 991 3033 clre
1014 2982 1124 3033 senza
1142 2965 1244 3052 colpe
1262 2965 1304 3055 sa
1321 2983 1514 3054 nerpopnu,
1533 2963 1620 3057 quia

452 3082 587 3156 scilicet
614 3083 726 3156 homo
753 3088 946 3176 reputatur
971 3081 1128 3155 mendax
1154 3088 1192 3155 et
1216 3103 1343 3176 vanus,
1361 3083 1513 3157 dicendo
1539 3103 1620 3158 me·

452 3224 531 3278 ram
559 3203 762 3277 veritatem.
789 3203 864 3276 Hac
889 3201 1126 3297 persuasione
1144 3201 1250 3296 lacta,
1267 3209 1376 3276 autor
1401 3224 1442 3278 se
1467 3211 1620 3278 excusat

450 3324 478 3397 si
504 3344 578 3397 non
603 3330 726 3398 servat
751 3323 809 3396 hic
834 3342 932 3397 nunc
966 3322 1003 3396 in
1032 3343 1072 3396 se
1106 3323 1195 3396 illud
1231 3323 1329 3415 quod
1361 3323 1557 3417 persuadet
1581 3324 1618 3397 in

448 3444 574 3538 alium,
600 3443 746 3517 dicens:
773 3463 833 3514 nra
857 3446 917 3534 qui
939 3446 1002 3515 nol
1020 3463 1128 3534 posso
1153 3450 1262 3533 moer,
1287 3443 1421 3518 seilicet
1446 3444 1534 3517 illud
1554 3464 1619 3517 ve·

449 3586 533 3639 rum
561 3564 659 3658 quod
686 3564 796 3638 habet
821 3564 950 3638 faciem
977 3564 1174 3656 mendacii;
1201 3571 1238 3638 et
1263 3564 1455 3638 confirmat
1472 3567 1542 3638 hoc
1559 3586 1618 3642 sa·

448 3692 651 3777 eramento,
677 3685 775 3760 uude
799 3685 1061 3778 apostrophans
1079 3683 1126 3756 ad
1143 3684 1318 3757 lectorem
1340 3683 1448 3760 dicit:
1475 3706 1494 3757 e
1513 3706 1536 3757 o
1555 3688 1617 3758 lel-

448 3814 517 3898 lor,
542 3811 577 3879 io
603 3814 633 3879 te
656 3808 760 3897 pluro
789 3827 856 3898 per
880 3808 912 3878 le
935 3811 1026 3895 arole,
1052 3803 1142 3878 idest
1176 3824 1241 3898 per
1274 3804 1406 3898 literas,
1435 3808 1473 3879 rt·
1497 3815 1616 3898 questa

447 3929 616 4018 comedia,
642 3927 732 4001 idest
756 3927 859 3999 istius
884 3925 1015 4020 operis,
1041 3924 1139 4017 quod
1164 3931 1274 3998 autor
1298 3926 1442 4000 vocavit
1474 3947 1615 4001 oomoe-

447 4048 556 4142 diam,
575 4069 648 4120 non
669 4054 744 4120 tam
772 4047 913 4121 ratione
939 4044 1113 4138 materiae,
1132 4065 1248 4139 quam
1268 4045 1408 4121 ratione
1425 4047 1505 4142 styli
1532 4049 1616 4121 rul-

447 4170 545 4266 garis
570 4167 728 4262 humilis,
753 4171 781 4240 s'
795 4171 856 4241 elle
880 4188 953 4241 non
973 4171 1053 4239 non
1070 4173 1145 4239 vote
1169 4168 1207 4238 di
1231 4170 1339 4257 lungo
1362 4171 1506 4260 pruzia,
1523 4169 1616 4243 idest

446 4289 572 4365 lavore
598 4289 807 4383 hominum3
835 4289 929 4364 bene
953 4287 1195 4384 cognoscebat
1219 4295 1329 4362 autor
1352 4289 1450 4383 quod
1467 4289 1535 4363 ista
1552 4309 1616 4363 oo-

446 4411 581 4484 moedia
607 4410 762 4484 debebat
787 4430 867 4484 esse
891 4410 956 4484 diu
982 4410 1019 4482 in
1045 4429 1178 4505 magna
1204 4409 1320 4503 gratia
1347 4410 1549 4484 hominum.
1571 4411 1616 4483 Et

508 4676 536 4739 (¹)
553 4679 608 4737 llo,
625 4677 659 4727 lu
675 4678 798 4742 loquatur
813 4677 881 4728 inin
897 4690 933 4738 se,
949 4681 1035 4728 umen
1050 4677 1138 4727 statim
1154 4678 1283 4740 cognovit.

509 4754 536 4815 (¹)
552 4754 582 4803 ll.
598 4758 626 4804 el
641 4757 807 4806 coniecturat
958 4753 1032 4818 (¹)1t.
1048 4759 1193 4817 copertum.
1336 4752 1364 4815 (¹)
1381 4753 1412 4804 lt.
1428 4758 1499 4804 lano.

507 4830 535 4892 (⁸)
552 4830 582 4880 E.
600 4832 710 4895 Sempro.
727 4833 777 4883 llic
792 4839 870 4883 autor
884 4845 954 4882 nuno
969 4831 1153 4895 daorlpturus
1336 4829 1364 4892 (⁸)
1380 4830 1410 4882 ll.
1426 4829 1549 4880 nobilem.

508 4907 535 4970 (¹)
552 4907 583 4956 E.
597 4914 679 4971 puoto,
697 4910 746 4959 hon
762 4915 809 4970 ast,
825 4911 872 4960 nlsl
888 4921 962 4960 mut
976 4908 1137 4960 mnu·
1151 4912 1234 4972 cogat.
