4154 6546
595 786 642 859 68
987 800 1190 857 cessurum
1216 802 1371 857 rursum

592 949 683 1025 dum
708 949 869 1022 fulminis
892 947 1071 1043 percussit
1095 947 1133 1022 in
1157 947 1309 1023 femore.
1326 945 1407 1033 Quo
1433 946 1587 1023 vulnere
1607 963 1764 1040 magnus

594 1073 632 1141 et
655 1066 837 1163 superbus
861 1067 1008 1140 Turnus
1033 1065 1164 1141 decidit
1187 1065 1234 1139 ad
1258 1070 1411 1157 terram,
1434 1070 1473 1140 et
1495 1063 1617 1139 subito
1647 1062 1764 1141 metus

593 1207 729 1282 parvus
746 1192 784 1260 et
799 1185 946 1260 humilis
961 1185 1071 1279 coepit
1083 1185 1221 1261 Eneam
1236 1183 1446 1278 suppliciter
1460 1189 1632 1277 protensa
1648 1201 1763 1257 manu

593 1304 793 1400 deprecari,
813 1310 853 1377 ut
879 1304 1116 1380 misereretur
1141 1302 1336 1378 senectutis
1361 1301 1473 1396 patris
1498 1301 1707 1394 miliduni,
1724 1307 1763 1377 et

594 1423 764 1499 redderet
779 1422 899 1516 ipsum
917 1423 974 1497 vel
991 1422 1116 1496 vivum
1135 1422 1193 1497 vel
1210 1427 1400 1497 mortuum
1418 1420 1504 1514 suis,
1521 1418 1696 1497 confitens
1719 1439 1762 1497 ss

594 1542 744 1635 rictum,
761 1547 800 1616 et
815 1540 1014 1634 Lauiniam,
1028 1560 1095 1635 pro
1111 1561 1186 1634 qua
1203 1546 1257 1615 tot
1269 1540 1362 1615 bella
1375 1545 1550 1635 gesserat,
1568 1558 1649 1616 esse
1666 1557 1761 1615 uxo-

595 1680 674 1737 rem
700 1658 812 1754 ipsius
830 1658 940 1734 Eneae
959 1659 1106 1734 victoris
1123 1651 1173 1753 (¹),
1198 1664 1237 1736 et
1260 1657 1459 1753 deponeret
1483 1657 1620 1732 odium.
1645 1657 1762 1734 mear

593 1785 719 1855 autem
745 1778 825 1872 plus
851 1777 1048 1853 revocabat
1064 1797 1201 1871 ensem,
1218 1777 1284 1854 sed
1308 1777 1433 1854 videns
1457 1776 1661 1853 cincturam
1680 1776 1763 1853 Pal·

593 1897 718 1991 lantis·
736 1917 811 1992 qua
834 1898 982 1972 Turnus
1004 1897 1146 1972 cinctus
1169 1903 1261 1991 erat„
1278 1916 1392 1990 quam
1405 1888 1445 1988 (²)
1461 1896 1672 1975 detraxerat
1695 1897 1763 1992 ipsi

592 2016 754 2110 Pallanti,
788 2015 936 2110 quando
973 2015 1207 2093 interiecerat
1243 2037 1343 2110 sum,
1376 2016 1499 2091 statim
1530 2036 1708 2093 accensus
1724 2007 1762 2108 (³)

593 2137 720 2213 lurore
744 2142 782 2210 et
806 2137 861 2210 ira
885 2135 1000 2210 infixit
1016 2137 1157 2213 serrum
1175 2137 1213 2211 in
1230 2142 1378 2231 pectore
1400 2136 1480 2226 eius
1505 2136 1543 2212 in
1569 2135 1763 2212 vindictam

593 2256 764 2333 Pallantis
788 2255 908 2349 amici,
934 2262 971 2329 et
995 2255 1169 2330 continuo
1193 2257 1339 2330 Turnus
1359 2275 1445 2330 cum
1463 2254 1709 2351 indignatione
1725 2260 1763 2331 et

593 2377 741 2472 planctu
765 2375 886 2453 emisit
909 2375 1099 2469 spiritum3
1116 2381 1153 2451 et
1170 2374 1207 2450 in
1225 2376 1294 2451 hac
1311 2381 1431 2452 morte
1454 2374 1568 2451 Turni
1595 2372 1763 2470 Virgilius

593 2495 704 2571 linem
731 2496 815 2571 lacit
838 2516 907 2569 suo
932 2495 1033 2591 operi
1058 2495 1292 2570 Eneidorum
1308 2495 1371 2569 llis
1393 2495 1557 2572 breviter
1581 2494 1763 2591 percursis

594 2636 661 2710 pro
684 2615 930 2689 declaratione
951 2614 1077 2707 literas,
1100 2633 1198 2690 nunc
1220 2620 1275 2688 est
1290 2613 1337 2690 ad
1353 2613 1497 2690 literam
1521 2612 1761 2689 redeundum.

594 2733 763 2828 Virgilius
792 2753 882 2828 ergo
915 2732 953 2806 in
981 2732 1191 2807 narratione
1220 2753 1289 2808 sua
1319 2732 1440 2807 subdit
1468 2731 1759 2831 persecutionem

594 2854 690 2947 lupe
712 2851 855 2927 dicens:
880 2855 1001 2943 quest,
1026 2852 1161 2926 scilicet
1186 2852 1335 2945 veltrus,
1356 2851 1448 2928 idest
1471 2852 1638 2947 princeps
1663 2852 1763 2928 lutu-

593 2994 669 3065 rus,
696 2975 732 3044 lu
755 2961 901 3046 cuccmd
920 2993 989 3063 per
1011 2974 1097 3062 opta·
1126 2974 1221 3062 edla,
1247 2973 1334 3065 quia
1362 2972 1499 3049 scilicet
1523 2973 1661 3066 ubique
1686 2978 1763 3051 ter·

594 3112 722 3167 rarum
747 3091 905 3185 deponet
929 3091 1148 3185 sacerdotes,
1164 3092 1203 3166 in
1219 3091 1353 3185 quirun
1369 3091 1689 3169 fundamentaliter
1710 3094 1766 3171 vi·

591 3217 655 3308 get
677 3210 842 3286 avaritia.
868 3211 914 3285 Et
935 3210 1041 3286 dicit:
1055 3213 1108 3302 fin
1131 3213 1191 3286 cic
1213 3213 1239 3286 l'
1250 3200 1345 3286 cord
1359 3213 1509 3285 timesco
1525 3214 1764 3305 ndlinsmuo,

592 3332 680 3426 quia
704 3330 839 3406 scilicet
863 3330 1121 3405 exterminabit
1145 3331 1315 3426 praelatos
1333 3351 1482 3424 avaros,
1499 3331 1563 3427 qui
1587 3331 1663 3407 suis
1686 3331 1767 3409 exi-

592 3451 763 3548 gentibus
786 3450 903 3543 culpis
927 3448 1031 3522 ibunt
1056 3448 1102 3522 ad
1128 3448 1332 3525 Infernum:
1357 3456 1397 3524 et
1419 3449 1525 3525 dicit:
1542 3440 1580 3523 td
1603 3453 1766 3525 undein-

594 3572 691 3644 m'dt'a
710 3571 833 3660 ptimo
856 3569 1046 3658 mporttto.
1083 3566 1153 3641 Sed
1179 3587 1263 3660 quas
1286 3568 1356 3643 luit
1379 3568 1448 3645 isla
1473 3568 1634 3644 invidia?
1657 3567 1765 3644 (lette

595 3687 796 3764 noandum
829 3692 886 3760 est
919 3685 1017 3778 quod
1047 3684 1165 3779 prima
1197 3685 1332 3761 invidia
1356 3685 1424 3759 init
1448 3685 1592 3780 diaboli,
1618 3685 1765 3778 quand)

595 3806 711 3882 voluit
735 3804 814 3879 fieri
840 3804 964 3877 similis
989 3804 1190 3877 ditissimo:
1217 3803 1281 3878 sed
1306 3805 1373 3877 ista
1395 3825 1469 3878 uon
1494 3804 1654 3878 distinxit
1677 3824 1765 3878 ava-

596 3927 716 4001 ritiam
740 3927 790 4000 ab
818 3925 898 4000 aliis
922 3924 1022 3998 viciis
1050 3926 1089 3996 iu
1119 3924 1274 4016 lnterno,
1300 3924 1359 3996 vel
1393 3944 1466 3997 non
1501 3924 1612 3997 traxit
1641 3923 1764 3998 avari-

596 4047 685 4119 tiam
702 4045 749 4118 ab
762 4046 917 4138 interno,
936 4063 1022 4118 cum
1040 4042 1204 4117 nondum
1222 4049 1316 4116 esset
1332 4041 1486 4117 avaritia
1506 4062 1630 4140 neque
1649 4042 1765 4118 lnler-

596 4184 675 4235 nus.
698 4162 865 4237 Secunda
882 4162 1014 4236 invidia
1032 4161 1110 4255 luit,
1127 4181 1201 4255 qua
1216 4161 1381 4235 diabolus
1398 4160 1552 4235 tentavit
1566 4162 1766 4258 hominem,

594 4282 642 4357 de
667 4303 741 4376 qua
764 4282 903 4358 dictum
929 4289 984 4358 est
1009 4282 1119 4376 paulo
1144 4302 1267 4376 supra,
1293 4287 1330 4357 et
1354 4282 1434 4356 haec
1459 4280 1569 4357 mmm
1601 4302 1673 4357 non
1698 4283 1767 4360 suit

593 4402 759 4496 avaritia,
781 4401 848 4497 nisi
873 4402 967 4476 forte
991 4401 1094 4498 large
1118 4400 1309 4494 sumend0‚
1331 4400 1416 4496 quia
1442 4401 1593 4475 avaritia
1618 4403 1767 4501 proprie

593 4527 651 4594 est
675 4521 772 4595 circa
796 4520 1036 4596 substantiam
1068 4527 1106 4595 et
1133 4519 1286 4595 divitias
1313 4519 1433 4597 Tertia
1456 4519 1590 4597 invidia
1620 4521 1689 4598 tuit
1717 4521 1768 4599 de

660 4753 686 4813 ι’)
703 4751 732 4802 Ε.
750 4751 861 4811 victoria,
876 4752 950 4802 omni
965 4751 1081 4814 deposito
1097 4751 1166 4801 odio.

660 4825 687 4887 (¹)
702 4827 734 4877 Ε.
750 4831 777 4876 et
787 4839 866 4889 quam
881 4827 935 4889 ipae
946 4827 1050 4877 Turnus
1061 4825 1171 4878 Pallanti
1178 4827 1228 4891 ipsi
1238 4827 1385 4879 munerat
1394 4826 1497 4895 quando
1507 4825 1584 4876 illurn
1592 4823 1765 4880 nummu

661 4903 686 4961 5⁸)
704 4907 757 4962 tte,
774 4914 926 4951 reaccensus
941 4914 1029 4952 amore
1045 4907 1072 4953 et
1087 4903 1134 4953 lra.
