4154 6546
463 761 533 865 ars
862 804 1066 868 cursurum
1092 803 1243 867 rursum

461 954 546 1028 bris.
564 954 644 1042 Qua
661 953 707 1030 de
727 975 768 1029 re
782 949 819 1048 (¹)
840 957 989 1053 guelpbi
1006 957 1123 1032 territi
1144 941 1376 1032 recesserunt
1392 954 1438 1030 de
1453 951 1634 1031 Florentia

460 1080 498 1149 et
522 1074 670 1151 iverunt
693 1077 843 1171 Lucam,
870 1082 907 1151 et
923 1077 982 1153 die
1006 1077 1186 1152 dominica
1212 1077 1290 1150 lllll
1315 1075 1531 1172 septembris
1552 1075 1634 1172 ghi*

459 1194 569 1269 belini
595 1195 734 1272 reversi
754 1202 841 1271 sunt
857 1197 1078 1273 Florentiam
1095 1188 1182 1272 cum
1199 1197 1334 1272 comite
1354 1197 1508 1271 lordano
1524 1214 1633 1292 prae·

459 1312 567 1409 dicto,
591 1322 628 1389 et
653 1315 819 1392 lecerunt
842 1317 1063 1393 Potestatem
1085 1317 1257 1394 comitem
1277 1316 1482 1392 (luidonem
1508 1315 1634 1392 norel-

460 1433 552 1530 lum,
577 1442 614 1512 et
638 1435 806 1512 iecerunt
829 1438 1005 1534 populum
1037 1438 1172 1513 iurare·
1198 1436 1406 1514 fidelitatem
1435 1435 1632 1512 llanlredo.

461 1555 598 1631 Deinde
628 1556 973 1634 oonioederaverunt
997 1579 1038 1634 se
1052 1549 1088 1651 (²)
1115 1579 1202 1633 cum
1228 1557 1377 1651 Pisanis,
1403 1555 1633 1650 senensibus,

461 1676 738 1754 pistoriensibus
774 1691 811 1756 et
847 1679 926 1754 aliis
962 1687 1088 1755 contra
1120 1678 1298 1775 guelphus
1331 1685 1368 1752 et
1400 1683 1529 1753 eontra
1561 1679 1635 1752 Lu·

462 1816 590 1891 canos3
608 1797 671 1872 sed
687 1805 813 1894 postea
829 1819 927 1874 anno
947 1799 1087 1893 quinto,
1103 1798 1234 1873 Comes
1250 1796 1368 1872 Guido
1384 1795 1529 1872 Guerra
1546 1817 1632 1872 cum

461 1922 571 2012 gente
587 1917 705 1993 Caroli
723 1919 831 2014 primi
851 1919 990 2015 expulit
1014 1918 1216 2015 ghibelinos
1241 1918 1287 1993 de
1311 1917 1504 2013 Florentia,
1522 1923 1565 1991 ut
1580 1915 1634 1991 di-

445 2044 567 2151 Lcetur
591 2038 686 2114 alibi.
705 2040 810 2114 Nunc
825 2039 873 2114 ad
889 2039 1033 2116 literam
1050 2025 1228 2115 veniendo
1244 2037 1330 2113 dicit
1349 2045 1482 2122 autor:
1508 2043 1541 2110 et
1557 2040 1633 2110 too

461 2161 521 2252 lui,
552 2161 689 2256 supple,
721 2161 888 2257 respondi
918 2161 968 2235 illi
996 2160 1190 2236 Farinatae:
1220 2161 1255 2233 lo
1283 2162 1418 2233 struzio
1449 2159 1634 2250 pande

460 2283 622 2373 scampio,
648 2279 739 2355 idest
764 2280 906 2356 latuum
925 2292 962 2359 ec
986 2280 1148 2355 immane
1165 2279 1314 2373 lacinus,
1331 2281 1392 2352 cle
1408 2281 1481 2372 scre
1498 2277 1633 2352 rareto

461 2403 620 2475 colorata
635 2404 674 2474 in
689 2423 805 2493 rosso,
826 2402 916 2477 idest
937 2403 1036 2496 qnod
1054 2409 1094 2476 tu
1111 2407 1148 2475 et
1165 2399 1225 2475 alii
1245 2399 1417 2497 ghibelini
1435 2399 1567 2475 lecistis
1586 2399 1633 2474 de

461 2523 596 2618 populo
622 2521 813 2597 florentino
837 2522 933 2617 apud
963 2522 1122 2616 Arbium,
1152 2521 1216 2614 qui
1245 2527 1301 2595 est
1332 2519 1464 2595 durius
1495 2520 1633 2595 lobiens

462 2640 508 2715 ad
543 2640 682 2716 radices
710 2642 985 2738 Montis-aperti,
1018 2642 1081 2716 ubi
1110 2640 1242 2716 lecistis
1271 2648 1410 2718 tantam
1444 2640 1634 2738 sanguinis

464 2759 642 2835 lusionem
669 2760 974 2856 Florentinorum,
992 2761 1093 2856 quod
1111 2781 1209 2854 aqua
1226 2766 1368 2835 mutato
1391 2761 1517 2835 colore
1539 2748 1633 2835 tacta

463 2888 518 2956 est
551 2882 667 2957 rubea
697 2881 887 2979 sanguine,
917 2882 967 2957 ita
1001 2880 1100 2976 quud
1132 2888 1172 2955 tu
1201 2881 1248 2956 de
1275 2901 1374 2975 aqua
1403 2880 1530 2956 bibere
1560 2901 1633 2956 non

462 3001 620 3101 potuisti,
653 3001 746 3077 sicut
777 3002 863 3077 olim
894 3001 1028 3078 llarius
1059 3022 1132 3077 non
1163 3001 1280 3097 potnit
1312 3001 1439 3076 bibere
1463 3001 1513 3093 de,
1534 3022 1632 3097 aqua

462 3122 603 3197 Athesis
618 3112 655 3215 (³)
673 3122 803 3198 inlecta
821 3123 999 3220 sanguine
1023 3122 1347 3217 Tbeutonicorum,
1373 3142 1535 3216 quorum
1560 3122 1632 3196 mi-

462 3241 615 3317 rabilem
647 3248 808 3339 stragem
842 3243 989 3338 lecerat
1013 3246 1054 3337 so
1076 3247 1139 3338 sor
1169 3246 1220 3316 tal
1248 3245 1396 3316 orontes
1426 3245 1485 3316 nel
1513 3227 1655 3317 veruo*

462 3366 600 3457 empto,
625 3368 662 3437 et
686 3361 781 3436 istud
807 3362 1002 3456 exponitur
1027 3363 1235 3440 comuniter
1248 3351 1297 3456 (⁸),
1321 3361 1412 3437 idest
1429 3362 1466 3435 in
1483 3362 1635 3438 lloren-

462 3483 531 3577 tia3
545 3483 609 3558 sed
622 3483 690 3557 ista
707 3483 884 3578 expositio
901 3483 1046 3557 videtur
1063 3483 1150 3556 mihi
1167 3483 1274 3557 nimis
1290 3483 1413 3580 larga3
1431 3483 1506 3559 imo
1523 3482 1633 3559 credo

462 3604 561 3700 quod
586 3603 760 3698 loquatur
784 3603 908 3678 stricte
932 3602 978 3677 de
1003 3603 1150 3698 templo.
1176 3603 1268 3678 Nam
1286 3603 1397 3679 debes
1415 3604 1509 3680 scire
1535 3601 1634 3698 qrrod

463 3722 654 3799 llorentiae
679 3722 775 3817 apud
801 3722 975 3817 palatium
1002 3722 1171 3796 Priorum
1189 3730 1245 3798 est
1269 3744 1343 3798 una
1364 3724 1530 3818 ecclesia,
1547 3744 1632 3818 quae

463 3844 530 3920 luit
560 3843 648 3918 olim
673 3842 810 3938 capella
837 3842 1071 3936 Ubertornm,
1101 3849 1138 3916 et
1169 3842 1217 3916 ibi
1248 3843 1518 3938 sepeliebantur
1551 3864 1636 3918 cor-

463 3985 552 4061 pora
568 3955 617 4056 (⁵).
636 3962 741 4037 llodo
758 3961 794 4035 in
816 3962 883 4036 ista
904 3962 1056 4037 ecclesia
1073 3983 1170 4057 saepe
1187 3963 1469 4041 celebrabantur
1481 3953 1520 4056 (⁶)
1545 3983 1637 4038 cun·

463 4084 559 4178 silia;
585 4090 622 4159 et
646 4082 794 4177 quando
819 4082 929 4158 fiebat
952 4082 1075 4177 aliqua
1101 4083 1312 4158 reformatio
1331 4084 1378 4159 de
1394 4084 1551 4160 bannitis
1575 4106 1636 4159 re·

464 4204 638 4280 ducendis
665 4203 722 4279 vel
746 4203 853 4278 simili
885 4224 938 4297 re,
969 4224 1116 4299 semper
1146 4203 1420 4300 excipiebantur
1445 4205 1569 4280 Uberti
1596 4210 1635 4280 et

462 4325 658 4401 Lamberti.
685 4325 729 4397 Et
753 4324 835 4400 ideo
860 4324 955 4399 bene
971 4323 1056 4398 dicit
1071 4331 1191 4420 autor,
1210 4325 1309 4419 quod
1325 4324 1522 4400 crudelitas
1539 4324 1634 4401 iacta

463 4447 559 4542 apud
597 4446 946 4539 Mentem-apertum
986 4443 1069 4520 lacit
1084 4435 1121 4536 (⁷)
1154 4445 1233 4519 lieri
1264 4444 1354 4520 tales
1385 4445 1570 4521 orationes
1598 4445 1634 4518 iu

524 4705 552 4768 (¹)
568 4706 599 4756 Ε.
615 4705 672 4767 Qua
687 4704 720 4756 ue
735 4720 765 4758 ro
780 4706 873 4758 territt.
1150 4753 1152 4756 .

525 4782 552 4843 (¹)
568 4784 598 4833 R
614 4797 703 4834 secum
719 4784 832 4846 Pisanos,
848 4785 982 4844 Senem,
998 4783 1166 4836 Morbum
1181 4789 1208 4835 et
1224 4784 1288 4836 alios
1304 4784 1401 4837 multos
1417 4789 1516 4836 conus.

524 4859 550 4919 (⁸)
568 4864 621 4918 lte,
638 4861 753 4912 deberis
920 4861 946 4922 (¹)
963 4861 993 4912 ll.
1010 4862 1157 4913 comuniter
1174 4862 1201 4912 ln
1217 4860 1357 4914 Florentia

524 4939 552 5000 (⁸)
568 4937 598 4987 ll.
615 4950 724 5002 corpora
739 4951 793 4990 sua.
918 4938 945 5000 (¹)
963 4943 1008 4990 ltu
1023 4952 1039 4988 e
1056 4938 1086 4989 ll.
1102 4937 1275 4992 oebbrtntur.
1416 4937 1484 5003 fist
1500 4937 1570 4991 lacit.
