4154 6546
651 801 789 857 caurus
816 800 970 856 uncinus
995 801 1156 856 ruamus.
1421 789 1491 857 tat

318 944 420 1037 quod
453 945 569 1040 magis
600 955 776 1020 consonat
805 947 1091 1041 comparationi:
1123 968 1232 1038 conte,
1257 949 1384 1043 supple
1422 949 1497 1022 erit

319 1066 455 1137 humor
480 1071 517 1138 et
543 1066 688 1158 stridor,
706 1069 740 1137 d'
753 1087 801 1137 un
825 1070 923 1140 sttcr'o
943 1070 1047 1140 verde
1071 1070 1131 1140 cte
1155 1071 1210 1140 sio
1235 1090 1321 1140 orso
1346 1072 1394 1140 do
1414 1071 1436 1140 t’
1449 1089 1498 1139 un

318 1188 371 1257 dc'
389 1188 468 1276 copi
497 1187 557 1257 cte
586 1206 695 1276 perne,
728 1185 819 1259 idest
848 1186 957 1259 stillat
987 1187 1046 1260 vel
1079 1188 1210 1262 emittit
1242 1192 1367 1281 guttas
1392 1208 1500 1260 more

280 1380 283 1387 ,
318 1304 511 1400 gementis
538 1305 601 1397 qui
627 1305 758 1379 emittit
784 1307 964 1402 lacrymas
989 1308 1037 1378 do
1055 1310 1190 1397 tottro,
1208 1306 1344 1380 scilicet
1360 1306 1408 1379 ab
1424 1305 1496 1381 alio

319 1425 456 1519 capite;
473 1426 579 1499 cuius
607 1427 699 1499 ratio
717 1432 772 1500 est
797 1428 884 1521 quia
909 1427 1100 1501 humidum
1128 1428 1165 1500 in
1191 1427 1289 1522 ligno
1314 1426 1418 1498 viridi
1435 1447 1497 1499 ca·

321 1546 399 1619 lore
431 1545 524 1642 ignis
560 1546 754 1620 resolvitur
785 1547 822 1619 in
852 1568 990 1641 aerem,
1020 1555 1057 1622 et
1095 1547 1231 1621 invenit
1263 1544 1495 1620 obstaculum

322 1664 462 1737 humidi
488 1685 560 1739 non
588 1665 749 1760 resoluti,
775 1673 813 1740 et
838 1667 988 1761 impellit
1013 1666 1102 1740 illud
1127 1673 1241 1741 entra.
1268 1666 1313 1739 Et
1336 1666 1387 1739 sic
1412 1665 1495 1739 ride

322 1785 508 1877 quomodo
526 1786 751 1879 comparatio
770 1793 825 1859 est
845 1787 989 1880 propria
1018 1786 1181 1859 exomni
1200 1793 1304 1879 parte
1322 1785 1391 1877 sul,
1408 1785 1495 1878 quia

320 1904 367 1977 de
388 1925 493 1978 ramo
519 1905 565 1978 ad
592 1927 752 1999 ramum,
768 1906 815 1980 de
843 1907 1001 1980 bumore
1025 1906 1070 1979 ad
1097 1905 1327 2000 sanguinem,
1345 1905 1391 1978 de
1411 1905 1495 1977 stri-

318 2023 409 2098 dore
442 2025 534 2098 rami
566 2026 612 2098 ad
641 2027 842 2099 clamorem
877 2026 982 2119 rami,
1009 2027 1055 2100 de
1081 2026 1250 2099 violentia
1283 2026 1425 2100 ardoris
1449 2025 1495 2098 ad

320 2144 528 2219 violentiam
554 2146 713 2239 doloris,
731 2146 813 2220 ideo
837 2146 944 2219 dicit:
972 2168 991 2218 e
1015 2149 1130 2236 cipeto
1149 2167 1217 2236 per
1243 2153 1342 2218 vento
1366 2148 1426 2218 obe
1450 2166 1496 2216 oa

320 2269 392 2356 uto,
418 2265 510 2338 idest
539 2266 677 2360 stridet,
703 2272 740 2339 et
769 2266 841 2339 cito
867 2265 1006 2359 transit,
1033 2265 1126 2338 sicut
1151 2286 1241 2361 ergo
1274 2265 1310 2337 in
1343 2273 1442 2338 torre
1457 2256 1494 2355 (¹)

320 2394 470 2481 propter
487 2387 649 2460 calorem
672 2388 806 2459 bumor
824 2386 898 2460 exit
923 2387 1095 2482 guttatim
1113 2392 1149 2459 et
1176 2386 1321 2478 stridor,
1342 2384 1405 2458 sed
1423 2384 1495 2457 cito

322 2507 450 2581 desinit
480 2514 518 2581 et
551 2507 712 2580 vanescit
726 2497 784 2598 (²);
816 2506 865 2580 ita
896 2507 955 2581 ille
988 2527 1114 2580 ramus
1147 2512 1297 2600 propter
1330 2505 1494 2578 dolorem

323 2627 443 2700 emisit
462 2626 677 2722 sanguinem
705 2626 880 2720 paulatim
899 2633 935 2700 et
961 2627 1174 2718 clamorem,
1195 2626 1257 2700 sed
1283 2625 1354 2698 cito
1375 2644 1496 2697 cessa·

323 2746 374 2819 vit
391 2752 427 2820 et
444 2745 591 2838 quievit.
605 2784 655 2798 -
668 2748 703 2817 S’
716 2748 782 2818 etti.
804 2746 909 2820 Nunc
932 2753 1043 2820 autor
1059 2747 1215 2820 ostendit
1241 2744 1397 2839 qualiter
1414 2743 1496 2816 Vir-

322 2866 441 2960 gilius,
454 2864 578 2939 audita
591 2865 724 2939 acerba
745 2867 896 2958 querela
923 2866 1024 2940 istius
1040 2867 1198 2961 spiritus,
1211 2864 1444 2940 excusaverit
1456 2855 1494 2955 (³)

323 2985 442 3078 primo
459 2985 625 3078 Dantem,
641 2986 702 3078 qui
722 2985 857 3059 lecerat
882 2986 1054 3060 iniuriam
1080 2987 1177 3060 illam
1205 3007 1251 3059 ex
1278 2984 1494 3080 ignorantia,

324 3111 360 3179 et
377 3125 428 3198 se,
442 3105 505 3199 qui
523 3105 606 3179 lecit
630 3106 701 3180 hoc
725 3106 805 3179 fieri
831 3127 878 3179 ex
905 3107 1130 3199 necessitate,
1149 3106 1235 3200 quia
1261 3126 1335 3179 non
1352 3110 1496 3199 poterat

322 3224 427 3299 aliter
459 3226 548 3299 dare
576 3225 644 3298 sibi
675 3225 823 3321 intelligi
859 3225 958 3319 quod
983 3226 1104 3299 anima
1132 3227 1294 3299 bumana
1321 3232 1415 3299 esset
1441 3224 1497 3297 in-

323 3346 423 3419 clusa
441 3346 535 3420 intra
553 3347 725 3421 arborem
744 3353 819 3420 tam
845 3347 1072 3442 sylvestrem.
1090 3346 1181 3419 llicit
1199 3367 1309 3442 ergo:
1328 3349 1385 3419 c’t
1397 3349 1498 3419 sauro

323 3467 406 3555 mro,
432 3465 566 3539 scilicet
592 3466 773 3562 Virgilius,
805 3470 964 3558 rtrpose:
988 3466 1033 3539 ad
1066 3487 1193 3540 veram
1221 3465 1496 3540 excusationem

325 3585 408 3678 mei,
435 3586 498 3678 qui
524 3587 729 3661 nesciebam
756 3586 844 3680 quid
870 3587 1029 3662 leceram
1046 3575 1084 3678 (⁸)
1102 3609 1125 3659 o
1146 3590 1268 3660 omma
1294 3591 1378 3678 lesa,
1405 3586 1496 3660 idest

323 3707 460 3781 ollensa
495 3729 593 3782 nunc
625 3728 738 3781 manu
778 3708 886 3781 unius
924 3707 1080 3803 ignorati
1095 3700 1145 3802 (⁵),
1180 3712 1213 3781 el
1242 3729 1314 3780 non
1347 3707 1496 3780 aorebbe

324 3831 450 3901 ἀίειεεα
487 3831 523 3900 tn
560 3849 667 3900 taetro
709 3831 747 3901 in
789 3837 832 3919 te,
871 3827 963 3901 idest
1003 3848 1078 3903 nou
1119 3827 1299 3902 iniecisset
1340 3846 1494 3899 manum

325 3948 519 4022 violentam
546 3947 582 4022 in
614 3955 661 4040 te,
687 3948 771 4023 licet
805 3948 918 4023 tueris
951 3948 1133 4022 violentus
1165 3955 1293 4023 contra
1327 3955 1375 4041 te,
1408 3947 1496 4040 quin

324 4067 498 4142 noluisset
526 4069 662 4143 addere
690 4068 921 4142 alilictionem
948 4068 1082 4142 aillicto
1108 4067 1217 4141 nimis
1246 4074 1283 4141 et
1312 4067 1495 4142 innocenti

326 4187 523 4283 immerito,
547 4192 656 4280 repo
680 4210 799 4261 anese
821 4195 941 4281 pototo
967 4191 1071 4261 ceder
1090 4190 1226 4281 primm
1252 4189 1386 4262 scilicet
1410 4194 1497 4262 ante

324 4307 537 4384 fractionem
566 4309 672 4402 rami,
685 4329 757 4400 pur
782 4329 849 4380 con
874 4311 910 4380 to
935 4311 1007 4380 mio
1030 4310 1138 4399 mma,
1155 4307 1247 4383 idest
1271 4309 1390 4382 solum
1408 4327 1494 4382 cum

322 4536 349 4580 et
365 4531 461 4581 stridor
477 4531 550 4581 mixti
564 4536 661 4581 exeunt
676 4544 708 4581 ex
726 4532 814 4581 titione
831 4535 890 4580 usto
911 4530 1062 4592 impellente
1079 4530 1186 4591 ardore;
1203 4529 1272 4579 uude
1288 4529 1367 4578 dicit:
1381 4530 1498 4592 perolas

321 4619 417 4669 moue
431 4607 455 4656 ai
471 4608 541 4657 totto
556 4608 587 4657 de
602 4608 628 4658 lu
643 4613 711 4656 mtto
727 4608 850 4671 schoppio,
868 4607 932 4656 idest
948 4606 980 4654 de
999 4605 1058 4656 loco
1068 4606 1176 4666 arboris,
1191 4606 1260 4655 unde
1270 4609 1347 4654 autor
1358 4605 1496 4668 abruperat

324 4696 435 4739 ramum.
451 4683 493 4734 rel
510 4684 613 4746 abipso
627 4698 702 4735 ramo
718 4688 805 4747 rupto,
823 4684 892 4746 quod
909 4684 989 4746 magia
1005 4687 1129 4733 consonat
1146 4681 1341 4745 comparationi.
1363 4681 1444 4732 coma.

384 4760 411 4820 (¹)
429 4764 482 4819 lto,
501 4760 527 4810 ln
543 4765 668 4813 torrente.
863 4758 892 4822 (Ἴ
908 4760 939 4810 R
955 4764 982 4811 at
999 4761 1145 4818 evanescit:
1161 4761 1196 4810 lta
1212 4760 1259 4810 iate
1275 4771 1372 4809 umus

385 4835 412 4898 Γ)
428 4836 458 4886 Ε.
474 4840 613 4890 excuurtt.
864 4837 890 4896 (⁵)
908 4836 938 4886 Β.
956 4836 1017 4899 quid
1034 4836 1156 4887 lacerem.

384 4913 413 4975 (⁸)
429 4913 459 4964 R
475 4915 627 4978 firmil·-
