4154 6546
454 789 525 856 270
852 798 1055 855 tenuabit
1076 800 1229 855 manant

452 966 497 1018 or
528 943 1011 1039 communicaremus
1036 964 1102 1038 per
1133 944 1217 1019 talia
1247 944 1550 1040 signatissime
1580 949 1619 1021 rii

451 1070 549 1140 catur
568 1068 625 1140 citi
639 1069 662 1139 t
671 1070 730 1139 irc
745 1067 862 1139 strue:
878 1064 966 1158 quia
981 1064 1081 1139 enim
1098 1064 1332 1141 nesciverunt
1348 1065 1496 1140 vincere
1511 1065 1618 1158 iram,

451 1186 531 1261 ideo
556 1186 653 1260 male
678 1184 763 1259 victi
786 1184 945 1260 suntab
970 1203 1026 1260 aa.
1045 1184 1091 1259 Et
1115 1183 1198 1260 aide
1222 1204 1336 1278 quam
1351 1177 1563 1277 brevitartb
1581 1193 1620 1261 ct

451 1306 577 1398 pulcra
600 1310 711 1379 autur
734 1303 944 1400 perstrinxit
973 1304 1079 1379 istam
1110 1304 1304 1380 materiam
1328 1310 1367 1379 ct
1389 1309 1619 1398 sequentem,

450 1424 495 1498 de
520 1445 595 1517 qua
620 1412 794 1514 tamen(²2)
820 1421 986 1497 diffusius
1010 1430 1049 1499 et
1073 1424 1252 1499 curiosus
1272 1423 1440 1499 tractabit
1464 1423 1501 1497 iu
1526 1423 1621 1499 Pur·

450 1542 709 1636 gebarin-Et
723 1542 901 1617 camilia
916 1549 1026 1617 autor
1040 1543 1178 1640 detegit
1193 1542 1617 1638 poenamaccidiosurum

450 1682 543 1755 quus
560 1661 662 1759 tingit
678 1663 821 1738 occulte
840 1663 961 1757 puniri
976 1664 1047 1738 sub
1063 1663 1257 1758 iracundis,
1269 1671 1309 1740 et
1323 1663 1386 1738 dat
1401 1662 1454 1739 eis
1470 1682 1617 1756 poenam

451 1781 678 1856 verissimam
704 1781 791 1876 quia
815 1789 962 1876 parunt
986 1783 1081 1858 intra
1104 1803 1146 1858 se
1170 1804 1317 1877 poenam
1338 1784 1531 1876 occuitum,
1549 1782 1619 1859 sci·

451 1900 533 1976 licet
558 1899 738 1977 tristitiam
762 1920 881 1977 suana
906 1901 1000 1977 Dicit
1023 1922 1137 1999 argo:
1164 1908 1209 1977 nt
1230 1923 1321 1977 auca
1345 1905 1471 1976 vo’cte
1494 1909 1530 1976 tu
1550 1923 1618 1996 per

450 2027 542 2099 carta
567 2023 673 2094 credi
698 2021 775 2095 Hoc
799 2021 884 2096 dicit
908 2020 996 2116 quia
1020 2041 1093 2096 nau
1118 2021 1310 2099 videbatur
1335 2022 1430 2097 bene
1446 2021 1618 2097 credibile

450 2140 547 2234 (ruod
572 2141 641 2214 sub
664 2161 765 2234 aqua
787 2140 1005 2236 punirentur
1027 2141 1143 2235 ’aliqui
1161 2141 1335 2238 graviter,
1360 2147 1398 2216 et
1423 2148 1547 2216 umen
1566 2139 1617 2215 sic

450 2268 504 2334 est
533 2261 580 2336 de
612 2260 1010 2355 unanimantem
1037 2257 1076 2335 ic
1102 2268 1192 2336 satta
1216 2263 1238 2333 t’
1250 2281 1345 2353 aqua
1372 2263 1432 2335 cte
1462 2262 1616 2354 suspira,

450 2382 536 2475 quia
562 2402 636 2455 nou
652 2381 798 2457 videtur
815 2382 1004 2457 manifeste
1020 2381 1185 2476 planctus
1201 2401 1345 2475 comm,
1359 2381 1423 2474 qui
1438 2380 1480 2455 fit
1494 2381 1617 2475 sepui-

451 2509 510 2573 tus
535 2501 604 2574 sub
628 2522 737 2594 aqua,
755 2509 793 2575 et
812 2520 885 2575 unu
909 2508 1061 2595 apparet
1085 2500 1152 2574 uisi
1177 2521 1243 2595 per
1259 2499 1428 2594 quaedam
1449 2520 1563 2594 parva
1577 2490 1614 2590 (³)

452 2618 554 2713 signa
579 2619 781 2712 exteriora3
799 2618 881 2693 ideo
897 2619 1004 2694 dicit:
1030 2641 1049 2692 e
1073 2621 1133 2692 cte
1148 2621 1387 2713 (abutuntur
1406 2621 1511 2710 quest
1522 2638 1617 2712 aqua

450 2739 489 2808 ut
509 2756 657 2827 sommo,
682 2736 770 2829 quia
786 2736 1062 2831 superficialiter
1084 2758 1184 2831 aqua
1199 2737 1248 2812 ibi
1268 2738 1423 2813 iaciebat
1437 2737 1554 2812 bullas
1569 2757 1616 2812 ex

451 2876 648 2931 murmure
672 2856 772 2949 quud
797 2856 976 2933 iaciebant
999 2857 1056 2932 isti
1080 2858 1150 2932 sub
1174 2878 1284 2952 aqua,
1301 2879 1397 2932 ceute
1416 2861 1438 2932 1’
1451 2860 1566 2932 oceno
1587 2866 1618 2930 ta

452 2978 539 3067 dice,
564 2975 655 3050 idest
679 2976 774 3051 sicut
798 2976 897 3051 visus
911 2964 948 3069 θ)
974 2977 1226 3052 intellectualis
1250 2977 1382 3053 indicat
1412 2978 1487 3070 tibi,
1511 2999 1536 3051 a
1559 2979 1619 3051 aaa

448 3100 477 3167 ,ς’
490 3098 607 3190 nuta,
633 3095 725 3171 idest
749 3096 976 3192 ubicumque
991 3097 1267 3194 circumspiciat,
1286 3098 1372 3192 qaria
1393 3098 1618 3191 ubicumque

449 3223 503 3290 est
527 3237 663 3312 magna
687 3217 790 3311 cupis
816 3217 1271 3294 istorum‘accidicscrum.
1284 3222 1434 3292 -atttt
1461 3219 1525 3294 Hic
1549 3238 1618 3294 au-

450 3343 507 3410 tur
531 3335 688 3430 explicat
721 3337 785 3431 qui
817 3345 904 3412 sunt
936 3338 1004 3432 isti,
1033 3339 1200 3433 ponendo
1230 3339 1434 3415 erabnaem
1459 3359 1615 3431 eurum3

449 3456 546 3530 unde
579 3455 790 3550 dicitquod
824 3457 880 3532 isti
911 3457 1091 3551 accidiusi,
1116 3460 1183 3551 fitti
1214 3459 1272 3530 aet
1301 3461 1397 3548 bmu,
1429 3458 1520 3533 idest
1554 3457 1617 3532 bxi

448 3583 485 3649 et
517 3574 700 3651 submersi
737 3575 774 3648 tn
810 3575 954 3670 palude,
986 3579 1112 3650 bina:
1145 3579 1235 3650 aab&
1264 3580 1396 3670 summu
1431 3598 1476 3649 ue
1510 3579 1617 3650 tuba

447 3696 556 3786 dulce,
581 3694 673 3771 idest
696 3695 734 3768 in
759 3694 832 3770 vita
858 3695 1048 3790 temporali
1067 3695 1164 3770 dulci
1184 3696 1230 3770 ad
1250 3695 1492 3770 differentiam
1514 3696 1616 3769 istius

447 3813 632 3889 infernalis
655 3833 814 3907 amarae3
839 3816 899 3888 cite
922 3814 987 3889 dui
1007 3817 1063 3888 sot
1084 3816 1114 3888 s'
1127 3817 1266 3907 clema,
1291 3815 1378 3909 quia
1408 3816 1446 3889 in
1470 3815 1615 3890 inferno

448 3954 520 4008 non
549 3933 648 4008 lucet
676 3934 730 4008 sol
761 3954 883 4028 neque
915 3934 1103 4030 sensibilis,
1133 3954 1256 4030 nequa
1282 3935 1438 4030 divinus,
1468 3942 1506 4010 et
1536 3934 1615 4010 ruit

446 4051 591 4126 dicere:
617 4073 683 4128 nus
708 4052 842 4129 manto
874 4052 1064 4129 tristamur
1090 4055 1128 4129 in
1160 4055 1227 4130 ista
1257 4055 1330 4131 vita
1363 4054 1498 4148 poeuali
1527 4054 1615 4148 quiin

447 4171 582 4247 suimus
608 4173 728 4249 tristes
752 4173 789 4248 ia
814 4173 889 4249 vita
913 4175 1105 4269 temporali
1122 4175 1185 4250 ubi
1200 4174 1425 4250 debebamus
1446 4175 1562 4250 laetari
1576 4166 1614 4266 (⁵)

447 4293 482 4365 in
499 4292 665 4367 claritate
682 4293 777 4367 solis.
795 4294 840 4368 lit
855 4293 1039 4388 specificat
1053 4294 1268 4369 nominatim
1286 4293 1421 4370 vicium
1439 4295 1616 4390 ipserum,

446 4433 531 4485 cum
548 4404 585 4505 (ὃ)
601 4413 710 4487 dicit:
723 4418 905 4506 porturtde
924 4418 1062 4507 densa,
1087 4415 1178 4491 idest
1202 4416 1298 4491 intra
1321 4415 1489 4490 animum
1513 4416 1616 4491 clau-

446 4554 540 4626 sirm,
559 4538 732 4609 maniosa
746 4540 859 4630 sumu,
884 4537 975 4612 idest
1002 4536 1183 4611 tristitiam
1203 4535 1350 4612 accidiae
1375 4556 1487 4630 quam
1508 4541 1615 4610 vocnt

664 4698 753 4707 ——o—
789 4701 892 4709 ———
908 4701 938 4708 A..
953 4701 1266 4708 -—-——.--—-—-—--

508 4763 537 4825 (¹)
552 4763 582 4812 E·
599 4763 698 4816 terraer.
1165 4766 1193 4829 (η
1210 4771 1265 4827 rra,
1282 4772 1335 4818 nm
1350 4764 1473 4817 airadus

508 4838 535 4901 (¹)
551 4839 577 4889 S·
593 4845 682 4901 ψθῐίῑ
697 4842 777 4905 ἀμ
788 4843 861 4894 -Ε,
876 4844 995 4908 qudam
1010 4845 1090 4908 dgna
1165 4842 1194 4905 θ)
1208 4844 1241 4895 Ε.
1256 4841 1358 4896 renim.

508 4914 534 4976 (⁸1
550 4913 576 4966 S·
592 4914 723 4966 merram.
1166 4919 1193 4982 (υ
1208 4920 1236 4971 st
1251 4919 1321 4971 nuta
1334 4919 1406 4970 aaa
