4154 6546
452 782 523 848 tm
848 794 1051 850 conandum
1076 796 1227 850 tunnam

450 945 684 1033 promoverat
712 940 759 1013 ad
783 941 931 1015 culmen
956 941 1046 1014 tanti
1071 941 1294 1036 imperiatus.
1320 942 1364 1016 Et
1388 963 1476 1018 cum
1501 944 1622 1040 preci.

449 1061 519 1134 bus
544 1060 631 1134 nihil
656 1060 848 1154 proliceret
862 1052 911 1154 (¹),
929 1061 1038 1155 coepit
1065 1062 1174 1136 etiam
1188 1063 1287 1157 juste
1304 1062 1496 1159 increpare
1508 1056 1560 1159 (²),
1577 1070 1622 1139 ut

449 1202 536 1256 eum
562 1182 609 1254 ab
634 1180 815 1255 obstinata
840 1181 1038 1275 pertinacia
1056 1189 1257 1257 revocaret.
1276 1184 1473 1260 Federicus
1492 1193 1621 1262 autem

448 1323 624 1377 accensus
650 1301 894 1397 indignatione
925 1311 962 1376 et
995 1302 1062 1396 ira,
1092 1303 1200 1397 coepit
1235 1304 1423 1399 suspicari,
1450 1327 1497 1380 ne
1526 1307 1622 1382 lilius

449 1422 585 1497 laceret
609 1422 898 1497 coniurationem
925 1443 1011 1497 cum
1037 1424 1187 1499 ecclesia
1205 1430 1333 1500 contra
1353 1446 1412 1520 se;
1439 1434 1477 1501 et
1501 1427 1621 1523 impo-

449 1544 521 1616 suit
546 1544 611 1616 sibi
638 1543 738 1637 salso,
765 1543 863 1637 quod
878 1533 914 1635 (³)
941 1544 1120 1619 Henricus
1145 1546 1314 1620 voluerat
1335 1547 1402 1621 sibi
1428 1548 1621 1643 subripere

450 1686 606 1761 regnum
632 1664 770 1759 Sicilire,
805 1665 894 1739 dum
925 1666 1001 1760 ipse
1016 1654 1053 1758 l‘)
1085 1665 1140 1739 ire
1170 1666 1280 1740 vellet
1313 1668 1409 1742 ultra
1442 1688 1547 1743 mare
1581 1668 1620 1742 in

448 1787 602 1883 Syriam.
629 1786 672 1858 Et
698 1786 867 1881 breviter,
887 1786 1005 1880 ipsum
1023 1792 1171 1881 captum
1191 1787 1334 1861 tradidit
1359 1788 1511 1882 carceri,
1529 1808 1618 1862 cum

448 1906 592 1981 duobus
623 1906 713 2001 filiis,
749 1907 810 1979 ubi
849 1907 943 1981 inter
977 1913 1124 1981 catenas
1155 1913 1192 1982 et
1229 1908 1344 1982 multa
1385 1909 1619 1984 incommoda

448 2036 617 2103 mortuus
635 2033 699 2102 est.
718 2026 784 2100 Alii
802 2033 926 2102 tamen
944 2027 1118 2122 scribunt,
1138 2030 1235 2122 quod
1257 2028 1453 2105 Federicus
1469 2029 1619 2103 tandem

448 2149 658 2246 poenitentia
682 2149 816 2223 ductus
848 2149 945 2223 misit
974 2168 1042 2243 pro
1074 2148 1158 2243 filio,
1185 2156 1226 2222 ut
1259 2149 1467 2225 conciliaret
1497 2150 1619 2246 ipsum

448 2272 513 2346 sibi
528 2295 538 2365 ;
556 2270 626 2356 ,sed
657 2269 845 2364 Henricus,
878 2269 966 2343 dum
997 2268 1196 2343 duceretur
1227 2269 1263 2341 in
1293 2268 1363 2363 via,
1394 2269 1537 2363 timens,
1570 2289 1620 2344 ne

435 2398 551 2486 ,pater
576 2391 760 2465 crudelius
785 2395 958 2464 tractaret
989 2409 1089 2483 eum,
1120 2388 1226 2463 cuius
1257 2388 1510 2466 crudelitatem
1541 2389 1618 2464 iam

448 2511 534 2583 satis
560 2510 681 2584 luerat
705 2517 890 2604 expertus,
908 2509 1145 2604 praecipitavit
1161 2530 1201 2583 se
1218 2509 1327 2582 simul
1344 2531 1430 2584 cum
1453 2530 1551 2604 equo
1570 2509 1619 2585 de

449 2631 608 2725 quodam
624 2623 660 2722 (⁵)
692 2636 812 2724 ponte,
838 2630 915 2704 sive
941 2650 1040 2723 saxo,
1067 2635 1104 2703 et
1129 2629 1180 2703 sic
1209 2630 1396 2705 infeliciter
1425 2631 1618 2726 expiravit.

447 2749 551 2837 Quod
577 2751 606 2823 si
632 2770 763 2824 verum
789 2756 845 2824 est
873 2757 983 2844 patet,
1001 2749 1297 2843 quodllenricus
1323 2757 1377 2825 est
1402 2751 1512 2825 simul
1529 2771 1619 2826 cum

448 2871 556 2943 Petro
581 2869 627 2943 de
653 2869 773 2944 Vineis
798 2870 1051 2944 arborilicatus
1075 2869 1112 2942 in
1139 2870 1206 2944 ista
1223 2871 1343 2966 sylva3
1360 2871 1444 2946 etsi
1470 2871 1619 2947 Federi-

448 3010 513 3065 cus
530 2980 567 3082 (⁶)
597 2991 827 3064 innocentem
859 2990 974 3063 filium
1005 2989 1095 3064 tarso
1128 2990 1345 3064 infamatum
1375 2990 1563 3066 damnavit
1578 2980 1617 3084 (⁷)

448 3111 602 3186 crimine
627 3112 711 3185 lesae
730 3111 936 3204 maiestatis,
955 3115 1093 3203 quanto
1111 3109 1227 3205 magis
1244 3111 1505 3185 cancellarium
1522 3111 1619 3188 bene

447 3234 493 3307 dc
531 3254 570 3307 se
608 3231 812 3305 meritum?
846 3232 935 3305 Jure
964 3232 1076 3327 igitur
1114 3230 1309 3304 Federicus
1346 3231 1458 3305 alium
1501 3231 1618 3306 lilium

448 3353 584 3427 invenit
608 3352 796 3426 crudelem
823 3352 860 3424 in
887 3359 1043 3425 mortem
1062 3372 1181 3444 suam,
1199 3341 1344 3445 quodl⁸l
1362 3357 1438 3425 tam
1458 3352 1619 3427 crudelis

447 3473 628 3549 lucratio
653 3473 826 3567 primum,
853 3472 1062 3545 Mithridatis
1089 3472 1184 3568 regis
1210 3473 1390 3567 exemplo.

526 3600 577 3667 do
599 3614 688 3686 poco
714 3600 826 3665 ottesc.
847 3594 916 3666 lsta
942 3603 996 3668 est
1022 3593 1128 3667 tertia
1153 3613 1237 3687 pars
1261 3593 1453 3688 generalis,
1480 3593 1516 3666 in
1543 3614 1620 3687 qua

447 3723 556 3790 autor
572 3714 733 3788 breviter
759 3718 883 3787 movet
908 3713 999 3785 duas
1025 3711 1242 3807 quaestiones
1267 3712 1438 3807 praedicto
1463 3712 1619 3807 spiritui,

448 3843 484 3910 et
509 3834 628 3930 primo
653 3832 818 3925 ostendit,
837 3832 1021 3926 quomodo
1038 3832 1209 3928 Virgilius
1225 3833 1457 3927 apparaverit
1477 3853 1565 3908 eum
1580 3824 1621 3926 (⁰)

447 3957 493 4030 ad
524 3964 739 4049 sequentem
769 3952 974 4045 materiam,
1005 3959 1040 4026 et
1070 3953 1286 4026 continuans
1315 3952 1409 4027 dicta
1446 3953 1621 4048 dicendis

446 4077 530 4150 dicit
544 4068 609 4168 (¹⁰),
627 4074 687 4147 ille
704 4072 883 4167 Virgilius,
902 4080 1004 4145 ottese
1021 4093 1069 4144 uo
1080 4094 1185 4165 poco,
1203 4072 1292 4147 idest
1310 4073 1514 4167 expectavit
1536 4093 1622 4147 mo—

446 4198 568 4272 dicum
587 4215 692 4269 more
709 4193 888 4287 sapientis,
907 4194 969 4287 qui
991 4194 1123 4267 timens
1143 4193 1414 4288 interrumpere
1433 4194 1547 4269 verba
1561 4186 1617 4287 (¹¹)

508 4397 535 4455 (¹)
552 4394 582 4443 Ε.
600 4391 726 4455 prolicere
742 4390 828 4452 possit,
846 4389 923 4451 coepit
939 4401 1000 4437 eum
1016 4389 1102 4437 etiam.

508 4470 534 4531 Ρ)
552 4474 605 4529 llo,
622 4469 755 4530 increpare
771 4471 798 4515 ot
814 4465 940 4515 obstinato
957 4464 1096 4528 pertinacia
1113 4477 1245 4515 revocare.

508 4545 534 4609 (¹)
551 4546 581 4596 E.
598 4544 667 4608 quod
684 4544 731 4593 iste
747 4543 883 4593 Honrlcus.
1117 4540 1143 4602 (¹)
1160 4541 1186 4590 S.
1202 4553 1217 4590 c
1235 4540 1265 4591 E.
1282 4541 1336 4603 ipso
1352 4540 1402 4589 iret
1417 4539 1488 4590 ultra
1504 4553 1587 4592 more.

508 4623 534 4684 (¹)
552 4627 606 4682 llo,
622 4620 735 4684 quodam
751 4619 805 4670 alto
821 4623 907 4682 ponte.
1117 4617 1144 4680 (⁸)
1161 4618 1190 4667 lt
1208 4617 1348 4668 Pedericut
1364 4617 1425 4680 lpse.

507 4701 533 4762 (Ἴ)
550 4700 581 4749 E.
597 4699 734 4757 damnavit,
752 4702 849 4761 quanto
866 4697 947 4761 maglo
962 4710 1023 4746 eum
1039 4695 1232 4746 cancellarium.

507 4777 533 4840 (¹)
549 4777 585 4837 5.,
602 4776 632 4824 E.
650 4788 665 4824 e
684 4780 736 4834 iro,
755 4777 799 4838 qur
817 4780 878 4824 um.

507 4855 533 4913 (⁰)
549 4855 575 4904 S.
591 4866 653 4903 curn
669 4852 700 4903 ad
717 4852 883 4915 loquendum,
900 4856 927 4904 ol
943 4853 974 4902 ad
990 4855 1152 4916 sequentem.

495 4931 532 4994 (·*)
548 4932 578 4981 Ε
594 4931 656 4982 dicit
671 4930 723 4980 sic:
740 4929 794 4981 illo.
1112 4926 1151 4989 (¹¹)
1167 4922 1198 4979 E.
1215 4926 1293 4978 verbu
1308 4925 1429 4990 apiculis
1444 4923 1584 4991 torm
