3990 6540
700 802 837 857 saurus
860 804 1035 869 uuaarus
1384 797 1452 863 16³

287 952 441 1029 vindicat
466 969 578 1025 omne
598 949 661 1042 jus
685 967 891 1022 armornm.
909 948 952 1021 ut
968 948 1076 1022 dicit:
1095 969 1162 1023 eon
1180 953 1230 1040 oli
1245 955 1340 1024 noctu⁸
1363 955 1455 1044 mis-

281 1075 397 1167 saqm',
429 1071 465 1143 in
495 1068 609 1144 oeulis
642 1067 741 1141 eninr
772 1068 935 1142 maxime
964 1068 1124 1142 censistit
1153 1071 1369 1163 pulcritndu
1400 1072 1454 1145 Ad

283 1191 382 1285 quod
408 1187 607 1264 notandum
634 1186 744 1281 quod,
770 1188 863 1260 siem
888 1187 1012 1261 scribit
1041 1187 1238 1264 Suetonius
1263 1192 1383 1286 primo
1408 1192 1455 1266 de
1546 1268 1549 1273 ,

286 1313 347 1386 llil
371 1308 577 1401 Cesaribus,
602 1307 714 1382 Cesar
737 1307 806 1381 luit
831 1308 986 1382 excelsae
1016 1314 1178 1402 statura,
1208 1310 1340 1384 caloris
1368 1329 1456 1385 can-

285 1431 367 1523 didi,
398 1429 536 1503 habens
565 1429 733 1503 membra
765 1427 933 1521 rotunda,
964 1448 1052 1501 cum
1077 1449 1144 1503 ore
1172 1450 1304 1524 parum
1335 1432 1454 1525 pleno,

286 1550 401 1625 oculis
426 1548 550 1644 nigris,
576 1547 763 1643 vigorosa,
789 1547 907 1640 capite
930 1549 1047 1641 calvo,
1074 1547 1227 1622 sanitate
1256 1568 1453 1644 prospera3

288 1671 445 1744 multum
475 1668 584 1765 gessit
623 1686 751 1740 curam
783 1666 905 1741 cultus
942 1668 1106 1761 eorporis
1134 1667 1202 1741 sui.
1238 1667 1322 1742 ideo
1360 1668 1455 1742 bene

287 1790 393 1863 llicit:
419 1809 484 1862 oon
509 1790 560 1878 ott
583 1787 678 1858 occu
701 1787 873 1878 misam,
897 1786 1000 1880 idest,
1026 1786 1073 1861 ad
1099 1789 1252 1862 modurn
1276 1787 1455 1883 accipitris

288 1910 513 2004 grilagni-
526 1910 601 1980 Vidi
622 1908 780 1979 Condita
798 1905 862 1977 Hie
883 1905 1046 1981 nominat
1073 1907 1267 1982 mulierem
1294 1908 1454 1982 nobilem

289 2027 494 2101 mirabilem
509 2018 559 2118 (¹),
585 2025 632 2100 de
655 2044 731 2118 qua
751 2025 830 2118 jam
855 2026 971 2100 multa
1001 2027 1125 2122 scripsi
1143 2018 1181 2119 (¹)
1209 2029 1329 2122 primu
1358 2029 1456 2123 capi-

288 2147 375 2220 tulo.
402 2146 484 2219 Fuit
509 2145 607 2220 enim
634 2143 739 2240 virgo
762 2150 924 2237 strenua,
951 2166 1046 2239 quae,
1074 2153 1115 2218 ut
1138 2146 1261 2220 scribit
1286 2147 1456 2243 Virgilius

288 2268 333 2342 Vl
357 2266 511 2342 Eneidoe
524 2255 575 2359 (³),
600 2264 667 2337 luit
691 2262 738 2337 de
762 2270 871 2358 gente
896 2264 1123 2360 Venturum,
1146 2265 1360 2341 decivitate
1376 2266 1455 2339 Pri-

289 2407 413 2462 verno.
444 2386 542 2459 luter
574 2384 664 2459 alios
692 2382 928 2456 auxiliatores
959 2384 1070 2457 lurni
1100 2385 1198 2458 venit
1222 2384 1270 2460 ad
1298 2385 1455 2481 prelium

288 2509 393 2604 virgo
408 2505 588 2598 bellatrix,
608 2522 692 2598 quae
710 2521 784 2577 non
799 2501 1046 2578 assuefecerat
1064 2525 1197 2578 manus
1212 2507 1293 2579 mlo
1309 2511 1347 2579 et
1362 2504 1455 2597 luen,
1583 2502 1588 2509 '

288 2630 423 2702 lineet
452 2632 603 2719 suppra,
633 2621 696 2696 sed
727 2621 852 2714 armis,
886 2643 970 2715 qnae
1003 2623 1040 2696 in
1069 2625 1261 2701 velocitate
1289 2624 1456 2699 vincebat

290 2756 428 2841 ventos,
441 2754 482 2821 ut
496 2764 569 2819 non
582 2761 746 2836 currere,
763 2740 827 2816 sed
845 2743 970 2817 volare
987 2744 1186 2838 videretur,
1204 2745 1253 2819 ila
1269 2752 1311 2818 ut
1327 2764 1456 2820 ornnes

290 2870 513 2944 mirarentur
529 2864 627 2938 illam
646 2868 797 2937 euntem
810 2861 969 2958 egregie
984 2863 1069 2939 ideo
1086 2865 1220 2940 merito
1236 2871 1409 2940 numerat
1416 2853 1455 2955 (⁴)

289 3008 373 3064 eam
397 2987 492 3059 inter
516 2983 616 3056 virus
641 2982 812 3055 valentes
839 2986 871 3053 Ε
900 2985 937 3055 tn
961 2987 1171 3056 Pantasileu
1184 2985 1264 3058 iiic
1293 2984 1455 3058 nominat

289 3107 398 3182 allam
424 3101 889 3177 mulieremumosiormn.
916 3099 970 3174 ld
994 3102 1101 3176 cuius
1117 3102 1361 3198 cognitionem
1378 3104 1456 3197 ple

290 3246 376 3300 nam
400 3229 456 3298 est
480 3220 681 3314 sciendum,
706 3219 804 3312 quad
830 3218 976 3293 invenio
1000 3227 1162 3312 quatuor
1183 3221 1327 3317 reginas
1343 3223 1456 3295 Ama·

290 3364 426 3420 zonam
457 3341 596 3415 nobiles
626 3345 663 3413 et
694 3338 854 3413 famosas
887 3338 981 3413 inter
1014 3339 1115 3434 aias
1147 3361 1308 3433 quarum
1338 3341 1456 3436 prima

289 3462 464 3557 Marpesia
490 3460 651 3535 maxime
675 3478 832 3554 regnum
857 3458 1066 3554 ampliavit:
1085 3460 1245 3535 seminia
1270 3462 1455 3558 tinnitum,

289 3593 456 3677 ternpore
480 3579 604 3674 magni
620 3577 806 3653 Herculis:
822 3578 930 3652 tertia
946 3578 1173 3654 Penthasilea
1188 3584 1355 3675 tempore
1371 3581 1455 3656 lrelli

288 3701 433 3796 ijani
447 3691 469 3772 :¹
485 3705 619 3792 quarta
646 3697 817 3772 Telestris
849 3703 1018 3792 ternpore
1041 3699 1165 3795 magni
1190 3700 1386 3776 Alexandri
1403 3694 1453 3792 (ὅ).

288 3823 372 3895 Post
396 3817 609 3913 liorithyam
635 3815 861 3891 Penthasilea
885 3815 1042 3891 obtinuit
1067 3837 1235 3914 regnum,
1261 3839 1346 3914 qure
1361 3826 1457 3895 tem·

289 3961 379 4036 pore
402 3937 487 4013 belli
511 3935 657 4031 Troiani
682 3934 782 4010 venit
806 3935 843 4008 in
866 3935 1046 4009 auxillum
1072 3937 1191 4032 Troiae
1205 3944 1334 4013 uuum
1353 3938 1456 4014 Grn-

288 4081 362 4152 uns,
393 4059 455 4133 uhi
486 4056 666 4130 mirabilia
700 4055 784 4129 lecit
813 4056 1029 4131 trenmtate
1056 4076 1260 4131 armornm.
1295 4059 1455 4135 Tandem

291 4185 369 4271 post
394 4178 528 4252 mutas
552 4175 749 4271 plenitates
773 4173 962 4249 interiecta
987 4174 1054 4249 luit
1078 4175 1222 4251 aPirro
1238 4176 1312 4254 uuo
1336 4178 1456 4255 Aelnil-

291 4288 395 4389 Μ).
420 4298 465 4371 Et
489 4297 548 4371 hic
572 4304 658 4370 nota
683 4294 781 4389 quod
805 4300 914 4369 autur
940 4315 985 4369 ex
1008 4296 1179 4370 omnibus
1203 4297 1338 4394 reginis
1363 4319 1456 4392 prae-

290 4418 393 4495 dictis
418 4416 533 4494 veluit
557 4415 676 4512 potius
692 4416 750 4491 laic
767 4413 959 4490 nominare
975 4415 1253 4511 Penthesileam,
1270 4417 1357 4512 quia
1376 4419 1457 4514 plus

352 4608 840 4671 (utitem-ultuantes&-
971 4606 1327 4674 asma-mahl-

358 4685 448 4746 um.
468 4686 537 4746 rur,
554 4685 683 4750 xm
973 4686 1000 4748 (⁸)
1017 4688 1071 4747 na,
1086 4687 1273 4739 musa

352 4762 379 4824 e)
395 4763 417 4812 ll
433 4766 478 4812 m
493 4775 572 4814 um
587 4760 1346 4823 thbttnnnlnbr'w
1358 4764 1457 4829 u'q·

290 4839 377 4898 giunta
393 4837 553 4901 dulnosus,
568 4850 621 4888 ΙΙ
635 4837 785 4891 mm
800 4837 870 4903 ΜΗ
885 4839 945 4890 altri
962 4839 1054 4890 eudld.

351 4912 377 4975 ιθ)
394 4913 486 4964 Ambe
501 4913 545 4978 qul
561 4913 580 4965 ll
597 4913 686 4965 enites
702 4913 1455 4978 fflr'fflauhfltssflhutlea.
