4154 6546
578 783 626 852 rt
979 792 1182 847 counrvruu
1206 792 1357 843 rvrnnru

575 963 667 1035 opus
681 940 779 1035 quod
793 939 1076 1034 excogitaverat,
1090 955 1158 1009 nec
1176 955 1238 1028 ne;
1253 935 1349 1008 unde
1363 935 1399 1007 in
1417 934 1634 1029 praecedenti
1648 935 1748 1029 capi-

575 1063 653 1135 tulo
673 1061 777 1134 dixit:
807 1061 907 1130 Gb’io
920 1060 975 1150 sui
984 1077 1053 1147 per
1068 1058 1230 1126 ritoroor
1240 1050 1304 1146 ptri
1322 1058 1410 1126 volte
1427 1057 1530 1144 cotto,
1548 1061 1589 1127 ut
1606 1055 1749 1148 plenius

575 1179 820 1255 declarabitur
836 1177 872 1249 in
890 1174 1046 1269 presenti
1064 1174 1232 1268 capitulo.
1251 1175 1356 1248 Nunc
1371 1174 1418 1248 ad
1435 1174 1580 1248 literam
1598 1173 1754 1248 veniens·

576 1299 657 1373 dico
674 1297 772 1391 quod
793 1302 902 1370 autor
923 1294 1001 1369 vult
1018 1292 1284 1368 sentencialiter
1300 1293 1370 1367 boc
1386 1293 1518 1386 dicere,
1537 1293 1635 1388 quod
1652 1293 1748 1367 istud

578 1425 723 1512 tempus
748 1422 982 1507 nocturnum,
1011 1413 1111 1507 quod
1133 1418 1187 1487 est
1221 1413 1435 1488 naturaliter
1459 1414 1674 1509 deputatum
1701 1413 1747 1488 ad

579 1538 740 1631 quietem
768 1534 990 1627 mortalium,
1007 1533 1074 1606 sibi
1097 1522 1160 1606 uni
1179 1538 1258 1608 erat
1274 1533 1491 1627 principium
1516 1533 1667 1628 duplicis
1693 1535 1747 1607 la-

579 1656 688 1749 boris,
715 1655 849 1730 scilicet
878 1653 1077 1747 corporalis
1102 1658 1138 1726 et
1165 1653 1341 1726 mentalis.
1369 1653 1573 1747 corporalis
1598 1654 1747 1747 quidem

578 1782 728 1871 propter
744 1774 975 1869 asperitatem
993 1772 1146 1845 itineris:
1162 1772 1328 1845 mentalis
1344 1779 1493 1866 propter
1510 1775 1747 1868 multiplicem

468 1991 471 1997 Ι
579 1895 816 1972 acerbitatem
837 1911 1029 1987 penarum,
1047 1911 1139 1984 quas
1157 1891 1303 1964 visurus
1327 1898 1365 1964 et
1388 1891 1639 1986 descripturus
1655 1901 1748 1988 erat,

579 2036 653 2089 uon
679 2013 756 2088 sine
781 2033 914 2108 magna
939 2010 1200 2105 compassione,
1227 2016 1268 2082 ut
1293 2031 1389 2105 saepe
1410 2012 1545 2104 patebit
1567 2013 1603 2085 in
1625 2014 1752 2089 multis

579 2132 667 2207 locis
693 2132 795 2204 istius
819 2129 962 2204 lnlerni.
990 2130 1034 2204 Et
1062 2129 1109 2203 de
1134 2129 1188 2203 rei
1213 2129 1366 2204 veritate
1394 2150 1529 2225 corpus
1556 2139 1593 2206 et
1626 2133 1752 2209 anima

579 2252 720 2325 autoris
750 2251 1011 2324 laboraverunt
1041 2249 1079 2322 in
1111 2255 1282 2344 poemate
1312 2249 1391 2343 isto,
1420 2249 1513 2323 sicut
1545 2251 1622 2344 ipse
1654 2272 1752 2346 saepe

580 2378 734 2447 testatur
759 2391 943 2465 expresse,
968 2378 1005 2445 et
1030 2369 1213 2463 praecipue
1229 2368 1391 2442 Paradisi
1406 2370 1563 2464 capitulo
1581 2372 1676 2445 XXV
1695 2366 1747 2466 (¹),
1850 2444 1863 2463 „

583 2491 647 2564 ubi
670 2491 824 2583 loquens
844 2489 889 2563 de
914 2490 982 2562 isto
1007 2509 1076 2562 suo
1101 2494 1270 2582 poemate
1294 2488 1400 2562 dicit:

729 2657 775 2725 Al
798 2656 882 2743 quot
904 2655 951 2724 ltu
971 2659 1072 2742 posto
1097 2672 1203 2724 mono
1227 2655 1311 2724 ciclo
1335 2675 1353 2724 e
1379 2661 1489 2744 terro,

728 2778 760 2843 E
782 2774 841 2843 cte
866 2773 970 2842 m'bo
991 2773 1079 2862 lutto
1101 2791 1167 2864 per
1186 2764 1250 2862 ptri
1274 2773 1361 2843 ortui
1384 2792 1515 2845 mucro.

657 2976 728 3051 Sed
753 2976 810 3050 bic
835 2975 955 3049 statim
981 2975 1099 3049 oritur
1132 2975 1230 3050 aliud
1254 2976 1418 3050 dubium.
1448 2978 1542 3052 Cum
1566 2986 1676 3053 autor
1700 2981 1756 3056 le-

583 3097 673 3172 cerit
698 3117 805 3171 suam
832 3095 1006 3170 visionem
1031 3095 1248 3206 adveniente
1270 3096 1340 3191 die,
1366 3118 1435 3171 cur
1463 3120 1563 3174 nunc
1576 3091 1613 3191 (²)
1644 3101 1758 3175 inunt

583 3216 680 3290 viam
705 3215 922 3289 adveniente
947 3218 1082 3288 nocte?
1107 3214 1309 3288 Dicendum
1334 3217 1495 3291 breviter
1520 3221 1618 3312 quod
1643 3224 1755 3294 autor

582 3336 769 3431 signanter
794 3342 830 3408 et
856 3334 1002 3428 proprie
1019 3335 1118 3427 ponit
1135 3341 1279 3427 tempus
1296 3343 1518 3410 nocturnum
1541 3338 1579 3412 in
1604 3339 1753 3414 introitu

583 3455 729 3548 lnlerni,
744 3460 785 3525 ut
803 3454 874 3527 tale
891 3460 1036 3547 tempus
1054 3454 1335 3546 correspondeat
1348 3457 1703 3549 proportionabiliter
1716 3451 1759 3550 (³)-

584 3575 646 3649 tali
666 3575 770 3666 loco,
797 3594 883 3646 nam
902 3573 995 3646 sicut
1012 3593 1085 3646 nox
1103 3580 1159 3646 est
1179 3579 1323 3666 tempus
1341 3574 1514 3669 tenebrae,
1527 3578 1697 3670 cecitatis
1717 3586 1753 3651 et

585 3693 735 3788 peccati,
753 3693 803 3765 ita
820 3692 986 3766 lnlernus
1011 3696 1066 3765 est
1091 3691 1194 3764 locus
1210 3711 1325 3785 penae,
1344 3693 1505 3788 caliginis
1518 3683 1567 3788 (ἢ,
1589 3703 1624 3769 et
1650 3696 1755 3791 igno·

586 3813 723 3888 rantiae.
750 3811 944 3903 Praeterea,
961 3810 1049 3903 quia
1065 3809 1281 3885 adveniente
1301 3817 1407 3885 nocte
1424 3813 1631 3887 sol'recedit
1647 3835 1670 3889 a
1687 3835 1758 3888 no-

586 3933 652 4024 bis,
671 3932 729 4006 vel
750 3929 930 4004 subtrahit
947 3929 1051 4002 nobis
1067 3930 1200 4021 lucem,
1218 3929 1268 4002 ita
1285 3950 1383 4003 nunc
1399 3937 1508 4005 autor
1533 3932 1757 4007 descendeus

586 4051 633 4124 ad
646 4050 844 4142 lnlemum,
857 4048 918 4122 ubi
932 4068 1003 4122 nou
1016 4048 1114 4122 lucet
1128 4048 1193 4141 sol,
1205 4049 1335 4122 merito
1354 4042 1503 4145 fingit(⁵)
1515 4051 1629 4125 solem
1650 4072 1753 4127 rece-

534 4216 541 4231 ·
587 4170 685 4245 dere.
712 4168 814 4243 Unde
837 4167 1115 4243 ascendentibus
1139 4166 1185 4240 ad
1212 4169 1472 4263 Purgatorium
1492 4170 1547 4243 sol
1565 4170 1695 4264 oritur,
1712 4178 1755 4244 ut

587 4296 685 4385 patet
709 4289 828 4382 primo
852 4288 1010 4381 capitulo
1026 4286 1252 4382 Purgatorii3
1272 4288 1573 4363 descendentibus
1591 4291 1627 4363 in
1639 4281 1677 4382 (ὃ)
1697 4291 1757 4364 lu-

651 4587 676 4643 (¹)
693 4586 723 4635 E.
739 4590 766 4635 et
777 4587 906 4648 precipue
917 4590 994 4636 cantu
1010 4591 1041 4635 25
1058 4587 1126 4646 dicit,
1138 4586 1182 4636 ubi
1199 4587 1307 4651 loquens
1323 4587 1354 4637 do
1371 4588 1420 4639 iulo
1437 4593 1555 4651 poemne
1571 4589 1608 4638 sic
1623 4589 1756 4651 expressit.

651 4662 675 4716 ζ’)
695 4667 748 4719 116,
766 4676 813 4710 cnr
830 4676 898 4711 nnnc
917 4664 1030 4712 intravit.

652 4736 676 4794 (¹3-
695 4741 747 4794 116,
766 4738 918 4798 respondeat
933 4738 1169 4801 proportionaliter.
1182 4741 1252 4790 —E.
1270 4741 1506 4803 proportionaliter.

652 4814 676 4867 <⁸2
694 4811 719 4859 S·
737 4824 816 4872 penu.
834 4811 994 4863 calamitatis.
1270 4817 1296 4876 (¹)
1314 4822 1367 4876 116,
1385 4817 1486 4880 figunt.

652 4887 678 4947 Γ)
697 4893 749 4947 116,
768 4901 829 4937 vero
844 4888 955 4939 irc-S.
971 4890 1182 4941 descendentibus
1197 4892 1341 4943 lnlernum.
