4154 6546
444 1185 611 1255 cnutus
640 1185 832 1254 DECIMUS
863 1185 1037 1269 SEXTUS,
1065 1187 1102 1253 iu
1129 1206 1189 1270 ouo
1219 1190 1337 1252 tractat
1365 1185 1404 1252 de
1429 1185 1545 1252 eisdam
1566 1204 1620 1250 au·

513 1298 625 1381 perbis
647 1298 769 1365 enttbos
796 1300 833 1364 iu
859 1300 965 1365 eodem
996 1299 1061 1365 loco
1089 1299 1147 1364 sub
1177 1298 1268 1364 tituto
1282 1297 1452 1365 Gnidonis
1477 1295 1620 1375 domn

517 1406 632 1476 Jacobi
645 1409 824 1477 Rusiiouooi
839 1416 869 1476 ot
887 1410 1043 1494 ibepbioi
1059 1411 1097 1477 de
1113 1410 1293 1488 Floronia
1311 1431 1380 1476 acm
1395 1409 1508 1493 quibos
1521 1408 1622 1474 molto

519 1522 689 1604 receptavit
694 1545 705 1603 ,·
728 1526 758 1587 et
779 1522 815 1586 io
830 1522 895 1603 fine
912 1522 994 1587 sicto
1009 1523 1308 1604 appropinquarunt
1322 1521 1441 1601 fiumen
1460 1518 1619 1586 Goiouic.

524 1825 639 1994 Gn·
664 1939 729 1991 ero
752 1920 791 1991 iu
816 1921 892 1991 ioco
917 1939 981 1991 oue
1005 1920 1124 1990 dudio
1144 1919 1172 1988 u
1189 1917 1394 1990 riutbombo.
1421 1917 1619 2009 Postquam

446 2039 484 2113 in
509 2038 690 2134 superiori
715 2039 874 2134 capitulo
900 2047 1009 2113 autor
1037 2045 1160 2112 noster
1186 2029 1406 2129 tractavit(¹)
1437 2035 1482 2111 de
1511 2055 1620 2130 poena

446 2158 666 2234 clericorum
693 2160 755 2251 qui
781 2159 921 2253 operati
938 2167 1025 2232 sunt
1041 2158 1303 2252 turpitudinem
1327 2159 1364 2231 in
1385 2158 1555 2232 masculis
1572 2156 1620 2231 ob

446 2279 647 2353 carentiam
674 2278 886 2371 mulierum,
913 2298 1012 2352 nunc
1032 2284 1300 2372 consequenter
1317 2277 1355 2350 in
1372 2266 1540 2372 praesenti
1557 2297 1621 2351 ca-

447 2397 563 2493 pitulo
588 2396 667 2470 XVI
691 2397 769 2493 agit
793 2404 829 2471 et
855 2403 987 2471 tractat
1012 2396 1058 2471 de
1083 2417 1193 2491 poena
1213 2397 1392 2470 laicorum
1412 2404 1450 2472 et
1466 2398 1621 2471 saecula-

448 2517 558 2611 mum,
585 2517 648 2610 qui
676 2518 851 2592 babentes
876 2537 1013 2591 uxores
1038 2518 1096 2592 vel
1123 2517 1264 2612 copiam
1291 2517 1540 2611 dominarum,
1562 2515 1620 2590 usi

447 2644 534 2712 sunt
559 2636 785 2731 turpitudine
809 2638 919 2712 etiam
946 2637 983 2711 in
1000 2658 1090 2712 sexu
1111 2637 1325 2730 masculino,
1348 2643 1385 2711 et
1403 2637 1496 2711 sorte
1515 2636 1620 2710 abusi

448 2757 600 2831 inerunt
626 2763 786 2851 utroque
802 2777 894 2832 sexu
911 2749 960 2851 (²),
980 2758 1043 2852 qui
1064 2757 1101 2830 in
1119 2756 1249 2831 eodem
1268 2755 1417 2850 circulo,
1436 2762 1473 2830 et
1490 2755 1618 2830 eodem

446 2876 532 2972 igue
552 2875 768 2970 puniuntur.
794 2877 839 2951 Et
863 2876 959 2950 istud
979 2878 1179 2971 capitulum
1198 2881 1317 2972 potest
1333 2875 1496 2950 breviter
1512 2874 1621 2948 dividi

446 2995 484 3069 in
509 3000 670 3089 quatuor
687 3005 810 3091 partes
829 2997 1040 3093 generalem
1060 2997 1097 3069 in
1114 3015 1274 3090 quarum
1295 2995 1414 3089 prima
1431 3001 1540 3069 autor
1557 2993 1622 3068 dc-

447 3115 572 3189 scribit
596 3121 671 3189 tres
697 3115 843 3210 spiritus
869 3116 1066 3191 modernos
1097 3121 1334 3190 occurrentes
1360 3114 1426 3189 sibi
1452 3135 1499 3189 ex
1525 3135 1621 3189 nova

447 3241 560 3329 secta,
574 3241 612 3309 et
628 3255 760 3309 eorum
774 3236 1078 3330 preparationem
1091 3234 1139 3309 nd
1151 3233 1389 3330 loquendum.
1404 3236 1444 3307 ln
1461 3233 1622 3308 secunda

446 3354 644 3429 introducit
669 3375 785 3427 unum
812 3355 977 3450 ipsorum
991 3345 1029 3448 (³)
1057 3354 1183 3448 trium,
1210 3353 1273 3448 qui
1299 3354 1387 3448 petit
1412 3353 1459 3426 ab
1490 3360 1622 3428 autore

447 3474 510 3568 qui
536 3473 592 3567 sit,
612 3479 649 3547 et
668 3480 795 3548 narrat
820 3473 887 3547 sibi
906 3475 976 3569 'qui
1002 3474 1073 3547 sint
1097 3474 1163 3569 ipsi
1189 3480 1276 3567 tres,
1298 3472 1365 3546 ibi:
1392 3474 1486 3546 Det!
1502 3494 1539 3545 so
1556 3477 1621 3547 mi-

445 3597 551 3668 seria.
577 3595 617 3667 ln
652 3594 760 3669 tertia
792 3600 902 3668 autor
937 3594 1132 3690 respondet
1161 3594 1208 3669 ad
1239 3595 1404 3689 quesita,
1429 3601 1466 3668 et
1495 3599 1622 3666 narrat

446 3714 690 3790 mutationem
704 3734 852 3788 morum
870 3734 949 3788 suae
967 3714 1094 3811 patriae
1107 3714 1187 3810 illis,
1200 3713 1267 3787 ibi:
1288 3716 1451 3806 S'i'sossi
1465 3719 1566 3785 stato.
1581 3713 1621 3784 ln

448 3841 580 3931 quarta
606 3841 643 3909 et
667 3835 797 3908 ultima
824 3834 1028 3931 ingreditur
1054 3855 1188 3909 novam
1214 3833 1421 3928 materiam,
1447 3832 1534 3926 quia
1550 3831 1621 3905 sci-

448 3955 532 4030 licet
544 3954 739 4030 acceditad
752 3954 934 4029 circulum
948 3952 1358 4048 fraudulentorumibi:
1376 3956 1417 4025 Io
1437 3954 1472 4025 io
1486 3953 1618 4043 sconia.

448 4074 503 4149 td
527 4075 689 4170 primum
715 4074 796 4150 dico
822 4074 920 4168 quod
937 4081 1046 4149 autor
1063 4076 1183 4169 primo
1200 4072 1370 4148 describit
1387 4079 1462 4147 tres
1478 4071 1620 4145 animas

448 4201 685 4270 occurrentes
710 4195 793 4289 sibi3
818 4201 857 4269 et
880 4195 1001 4290 primo
1018 4195 1236 4269 continuans
1256 4213 1296 4268 se
1314 4193 1361 4267 ad
1377 4192 1620 4288 praecedentia

448 4314 537 4389 dixit
551 4302 601 4409 (⁴),
618 4315 718 4408 quod
739 4321 880 4388 tantum
907 4321 1161 4411 processerant
1185 4334 1252 4409 per
1277 4313 1394 4408 ripam
1420 4312 1522 4386 istius
1548 4313 1619 4385 ssu-

448 4434 567 4530 minis,
585 4436 684 4529 quod
696 4437 775 4531 jam
791 4435 1132 4533 appropinquabant
1148 4435 1195 4509 ad
1212 4434 1322 4510 duem
1337 4434 1448 4530 ipsius
1458 4425 1496 4527 (ὃ)
1510 4435 1619 4530 primi

447 4555 574 4630 circuli
604 4556 786 4652 generalis
816 4556 1075 4649 violentorum,
1107 4554 1169 4628 ubi
1201 4555 1238 4629 in
1271 4554 1343 4629 fine
1372 4574 1495 4628 arenae
1520 4575 1619 4648 aqua

508 4769 537 4834 (¹)
552 4771 584 4821 B.
600 4773 681 4830 otto,
692 4772 846 4823 tractavitot
855 4771 1037 4823 determinavit
1046 4771 1078 4821 de
1088 4783 1163 4834 posu·
1173 4770 1331 4820 clericorum
1341 4774 1369 4820 et
1377 4770 1556 4821 litteratorum
1566 4771 1620 4834 qui.

509 4847 536 4909 (¹)
551 4847 582 4897 E.
598 4860 669 4908 mxu,
686 4853 713 4898 ct
729 4848 756 4899 iu
773 4849 874 4900 eodem
1120 4846 1148 4908 ρ)
1164 4846 1189 4897 S.
1206 4847 1322 4910 ipsorum
1339 4845 1487 4911 spirituum,
1504 4846 1558 4909 qui.

508 4923 536 4985 (⁸)
551 4923 576 4973 S.
593 4936 608 4972 c
625 4923 655 4974 1²„
672 4924 744 4974 dicit.
1120 4922 1147 4986 ξ’)
1166 4925 1220 4984 tte,
1237 4923 1320 4974 tutuo.

580 5033 597 5073 i.
