4154 6546
881 814 1019 870 murus
1043 814 1186 869 rnruus.
1574 786 1620 871 43

446 963 548 1038 Unde
572 967 693 1054 autor,
712 965 936 1034 tractaturus
960 959 998 1032 iu
1023 959 1241 1055 Purgatorio
1257 960 1427 1052 quaedam
1447 980 1522 1033 non
1537 979 1623 1054 per-
1645 972 1648 985 ·

447 1085 597 1161 tinentia
626 1084 673 1160 ad
703 1083 883 1158 rationem
918 1085 1140 1176 naturalem,
1172 1083 1309 1158 inducit
1339 1084 1496 1158 Statium
1528 1090 1624 1157 tam·

385 1296 389 1303 ⁶
446 1216 560 1300 quam
584 1211 733 1300 poetam
758 1202 1009 1297 christianum,
1036 1202 1100 1296 qui
1124 1203 1279 1276 associat
1302 1203 1434 1296 ipsum.
1462 1203 1515 1277 ld
1541 1203 1623 1277 lite-

446 1336 527 1399 ram
554 1344 645 1421 ergo
671 1323 773 1419 lingit
798 1328 907 1396 autor
932 1321 1031 1414 quod
1056 1342 1154 1394 unus
1176 1322 1308 1395 obtulit
1333 1340 1373 1395 se
1398 1321 1476 1415 sihi,
1495 1321 1559 1415 qui
1576 1341 1623 1395 ex

447 1445 558 1540 longo
579 1442 721 1517 silentio
737 1440 932 1515 ridebatur
949 1456 1094 1515 raucus.
1114 1440 1184 1515 Sed
1201 1461 1319 1534 quare
1338 1441 1510 1537 Virgilius
1527 1440 1624 1537 ligu-

451 1569 558 1637 ratur
583 1564 747 1635 raucust
775 1559 830 1634 dd
860 1561 930 1633 hoc
957 1565 1076 1654 potest
1110 1558 1320 1653 responderi
1353 1559 1622 1654 multipliciter:

452 1680 584 1776 primo,
599 1680 685 1773 quia
703 1681 812 1776 longo
829 1687 996 1773 tempore
1012 1682 1162 1753 steterat
1178 1679 1256 1753 sine
1267 1679 1416 1774 organis
1433 1685 1470 1752 et
1487 1662 1624 1752 instru-

453 1800 585 1875 mentis
602 1799 803 1874 t'ormatiris
820 1798 931 1891 vocis,
948 1798 1070 1892 qualia
1088 1806 1173 1871 sunt
1197 1798 1304 1891 labia,
1331 1796 1455 1894 lingua
1474 1790 1510 1890 (¹)
1533 1804 1624 1891 etc.;

451 1919 551 1995 unde
574 1919 672 2015 apud
696 1924 822 2013 poetas
848 1936 945 2012 saepe
969 1917 1110 1991 inferna
1134 1918 1363 2011 appellantur
1381 1937 1494 2012 regua
1515 1917 1625 1990 silen-

451 2022 542 2113 tum.
570 2037 750 2132 Secundo,
777 2044 895 2132 potest
918 2036 989 2111 dici
1013 2056 1161 2130 raucus,
1187 2036 1278 2110 idest
1312 2021 1509 2132 neglectus,
1537 2036 1625 2129 quia

450 2170 516 2255 per
541 2158 659 2232 multa
685 2165 852 2252 tempora
878 2157 1001 2229 nullus
1025 2156 1146 2229 luerat
1162 2156 1212 2229 ita
1233 2156 1461 2230 laudabiliter
1481 2157 1626 2231 locutus

449 2278 497 2353 de
534 2276 697 2373 Virgilio,
727 2294 796 2350 nec
836 2276 885 2349 ita
926 2275 1150 2350 excitaverat
1180 2275 1261 2368 ejus
1297 2275 1490 2349 materiam
1521 2274 1625 2368 quasi

450 2395 696 2472 dormientem
734 2395 828 2468 sicut
857 2399 968 2468 autor
1005 2399 1139 2467 noster.
1173 2394 1304 2488 Tertio,
1336 2394 1421 2486 quia
1463 2396 1627 2468 humana

455 2515 560 2608 ratio,
584 2534 671 2608 qrrae
695 2530 762 2609 per
787 2512 978 2609 Virgilium
1004 2512 1226 2609 designatur,
1244 2521 1299 2587 est
1325 2514 1468 2588 modica
1492 2514 1529 2587 iu
1554 2534 1626 2587 usu

456 2633 661 2727 nominum,
688 2637 725 2707 et
751 2650 837 2705 raro
862 2631 1035 2725 loquitur.
1062 2633 1212 2726 Quarto,
1247 2633 1333 2725 quia
1367 2633 1460 2706 ratio
1488 2632 1629 2706 autoris

454 2752 648 2847 hucusque
674 2753 795 2825 iuerat
826 2770 960 2845 rauca3
986 2771 1072 2824 nam
1098 2741 1136 2842 (¹)
1170 2750 1295 2825 derel
1328 2752 1483 2826 veritate
1519 2757 1629 2824 autor

454 2872 577 2948 luerat
592 2892 711 2968 pauca
731 2872 876 2945 locutus
892 2872 1103 2964 hucusque:
1118 2871 1255 2945 iecerat
1268 2871 1366 2946 enim
1379 2873 1499 2946 solum
1517 2892 1629 2966 quas-

455 2991 542 3067 dam
568 2993 753 3067 oantiones
771 2997 808 3065 et
828 2990 957 3065 sonitia
973 2981 1024 3083 (³),
1042 2990 1088 3064 de
1109 2991 1242 3084 quibus
1259 2997 1385 3086 posteo
1402 2991 1643 3066 verecunda--

456 3113 569 3187 hatur
592 3112 631 3184 iu
655 3111 849 3186 maturiori
879 3116 996 3184 aetate.
1023 3108 1168 3202 Quinto,
1196 3111 1282 3203 quia
1311 3111 1481 3207 Virgilius
1506 3110 1627 3184 luerat

456 3230 684 3307 tardissimus
707 3232 745 3305 iu
770 3250 953 3324 sermone,
980 3229 1073 3304 adeo
1098 3236 1140 3303 ut
1164 3229 1241 3304 lere
1269 3218 1305 3321 (⁴)
1337 3229 1481 3304 indocto
1506 3230 1631 3302 similis

360 3391 375 3399 ·‡
456 3350 654 3446 rideretur,
675 3359 717 3426 ut
734 3351 858 3427 scribit
882 3350 1045 3424 Donatus
1070 3369 1181 3443 super
1198 3349 1408 3444 Virgilium;
1426 3349 1501 3443 ipse
1518 3349 1630 3423 etiam

455 3460 590 3546 nanus
615 3470 683 3545 mit
704 3470 930 3563 tardiloquus
947 3470 1119 3562 multum,
1138 3474 1181 3540 ut
1196 3467 1281 3541 alibi
1297 3467 1446 3562 patebit.
1466 3468 1524 3542 Sic
1540 3484 1631 3564 ergo

455 3596 554 3686 patet
580 3589 771 3684 multiplex
795 3609 924 3664 sensus
951 3594 1025 3662 tam
1051 3587 1255 3682 historialis,
1277 3607 1389 3680 quam
1417 3587 1576 3681 moralis,
1594 3582 1632 3662 el

455 3709 713 3803 unusquisque
737 3727 860 3782 verus.
892 3708 997 3781 Nunc
1028 3705 1156 3780 ordina
1189 3706 1334 3779 literam
1365 3705 1439 3780 sic:
1466 3706 1630 3799 quidam,

456 3829 596 3924 supple,
627 3828 686 3901 cte
709 3848 826 3920 porea
852 3828 956 3919 floco,
986 3826 1076 3900 idest
1105 3845 1251 3919 raucus,
1282 3826 1416 3899 scilicet
1448 3825 1630 3921 Virgilius,

454 3958 521 4041 ptr
544 3950 652 4039 ongo
675 3940 833 4037 silenzio,
856 3946 948 4021 idest
972 3945 1146 4020 diuturna
1169 3945 1426 4038 taciturnitate,
1443 3945 1533 4038 quia
1556 3950 1631 4018 ste-

457 4074 553 4142 terat
572 4067 653 4162 jam
686 4085 753 4161 per
781 4066 881 4140 mille
909 4068 1092 4139 trecentos
1125 4084 1240 4139 anuos
1273 4065 1350 4139 sine
1380 4065 1576 4158 locutione,
1602 4066 1634 4136 st

455 4184 658 4282 sttofferto,
683 4185 775 4259 idest
801 4183 933 4258 obtulit
957 4204 1008 4277 se,
1034 4186 1181 4258 dinanzi
1209 4188 1283 4275 opti
1306 4187 1401 4258 occdi
1424 4187 1515 4277 miei,
1540 4183 1633 4258 idest

458 4302 655 4380 intellectui
682 4310 720 4378 et
745 4303 935 4377 memoriae
961 4321 1066 4397 mere,
1092 4306 1257 4375 nennio
1281 4306 1446 4395 modos,
1464 4303 1556 4378 idest
1575 4303 1632 4376 irl-

459 4422 569 4496 terim
585 4421 674 4497 dum
699 4442 862 4516 ruerem,
886 4424 925 4494 in
949 4422 1052 4494 bosso
1069 4425 1158 4512 loco,
1184 4422 1276 4496 idest
1299 4422 1337 4495 in
1361 4423 1495 4496 vallem
1522 4421 1633 4496 vicio

461 4552 559 4637 tuln,
576 4562 660 4637 quse
677 4549 733 4618 est
752 4542 855 4616 locus
871 4540 1028 4616 iniimus.
1048 4544 1196 4631 mondo
1217 4545 1289 4616 cidi
1304 4545 1421 4615 coetui
1441 4541 1506 4616 llic
1522 4546 1633 4615 autor

523 4830 552 4894 (¹)
568 4832 598 4883 rt
615 4832 711 4896 lingua.
729 4846 783 4884 eor.
793 4833 876 4884 Unde.
1063 4832 1090 4894 (V
1106 4832 1132 4883 S.
1148 4834 1209 4897 qula
1226 4847 1325 4884 revera.

524 4908 551 4970 (⁸)
566 4908 597 4959 B·
613 4909 718 4960 moll·-
1063 4907 1089 4970 (⁸)
1106 4909 1136 4960 rt
1152 4909 1209 4961 lere
1224 4909 1250 4960 lu
1267 4910 1337 4961 dicto
1352 4909 1449 4960 slmllls.
