4154 6546
759 797 913 853 *moros
938 797 1096 853 orciuos
1121 795 1304 850 seramus.
1559 779 1630 848 583

459 944 550 1019 deos
564 937 608 1036 (Ὗ
627 949 731 1038 pater
757 942 820 1035 qui
845 940 1019 1016 admonet
1043 940 1159 1014 filium
1178 960 1225 1014 oe
1241 939 1340 1013 volet
1357 939 1463 1012 nimis
1480 938 1527 1012 ad
1547 937 1631 1031 alta,

457 1063 550 1139 idest
574 1063 621 1137 ad
647 1084 720 1138 non
745 1062 925 1157 possibilia
951 1084 1027 1137 suae
1045 1061 1185 1152 virtuti,
1203 1080 1271 1135 nec
1287 1066 1358 1135 stet
1375 1059 1412 1132 in
1428 1058 1523 1153 imis,
1541 1058 1632 1132 idest

456 1184 495 1258 in
520 1185 676 1259 terrenis
701 1191 738 1259 et
764 1183 868 1258 vitiis.
902 1183 956 1257 Ad
988 1183 1212 1278 propositum
1246 1201 1336 1278 ergo
1368 1181 1571 1277 imaginare
1601 1181 1630 1253 si

458 1312 617 1398 uterque
645 1304 827 1378 dictorum
858 1305 1041 1398 juvenum
1077 1303 1204 1377 babuit
1236 1323 1413 1398 magnum
1439 1301 1629 1394 timorem3

456 1426 550 1500 aiter
565 1417 602 1518 (²)
630 1424 777 1519 quando
802 1424 890 1498 vidit
916 1445 956 1498 se
982 1423 1114 1498 cadere
1139 1423 1176 1496 in
1200 1421 1339 1496 Padum
1366 1422 1403 1495 in
1428 1442 1503 1515 quo
1528 1441 1630 1494 mor-

456 1550 544 1618 tuos
561 1552 636 1638 est3
662 1545 756 1619 alter
780 1543 929 1637 quando
955 1543 1043 1618 vidit
1057 1533 1093 1634 (³)
1112 1562 1152 1616 se
1172 1542 1305 1616 cadere
1322 1541 1358 1614 in
1377 1561 1481 1615 mare
1501 1540 1538 1615 in
1556 1561 1630 1634 quo

455 1666 621 1740 similiter
648 1670 816 1740 mortuus
841 1671 907 1739 est.
934 1666 987 1740 lta
1011 1671 1121 1738 autor
1147 1669 1271 1737 noster
1302 1662 1397 1736 filius
1428 1662 1525 1757 solis,
1543 1663 1630 1756 quia

457 1788 563 1862 valde
587 1787 742 1882 sapiens,
768 1792 805 1860 et
830 1785 926 1859 filius
950 1786 1087 1879 Dedali,
1113 1784 1200 1879 quia
1232 1804 1378 1859 summe
1407 1783 1628 1879 ingeniosus,

457 1909 626 1982 dubitans
651 1907 785 1981 cadere
810 1926 856 1980 ex
883 1906 942 1979 illa
969 1906 1084 1982 bestia
1107 1905 1281 1980 indomita
1306 1904 1466 1978 inillam
1492 1923 1627 1996 aquam

456 2027 688 2124 profundam,
714 2027 923 2118 obscuram,
950 2033 986 2101 et
1012 2026 1060 2100 ibi
1085 2025 1268 2119 suffocari,
1289 2046 1363 2099 non
1386 2023 1514 2098 babuit
1530 2043 1628 2096 nunc

456 2148 638 2222 minorem
657 2146 828 2220 timorem
847 2167 959 2239 quam
976 2145 1148 2240 praedicti.
1167 2146 1271 2219 Nunc
1287 2143 1466 2219 descende
1480 2142 1530 2217 ad
1548 2142 1629 2216 lite·

457 2288 537 2341 ram
558 2286 669 2360 quam
688 2266 816 2339 ordina
833 2265 904 2339 sic:
923 2286 995 2338 noo
1010 2267 1116 2338 oredo
1132 2267 1299 2358 chefosse
1314 2265 1479 2354 maoyor
1491 2283 1626 2355 paura,

331 2446 334 2451 .
456 2385 593 2460 scilicet
617 2385 795 2480 Pbetooti,
821 2388 963 2476 quoodo
988 2388 1067 2477 quer
1089 2391 1227 2458 Fetoote
1252 2377 1440 2457 obandood
1469 2386 1495 2456 b'
1519 2385 1627 2477 frent,

459 2505 594 2580 scilicet
619 2526 804 2600 equorum
831 2505 1006 2580 solarium
1033 2506 1255 2582 trabentium
1281 2525 1435 2579 currum
1461 2503 1558 2597 solis,
1581 2523 1626 2577 ex

455 2648 530 2722 quo
556 2633 726 2701 secutum
745 2632 800 2700 est
816 2632 960 2700 tantum
986 2626 1217 2721 incendium3
1236 2626 1334 2700 unde
1350 2625 1452 2700 dicit:
1467 2616 1631 2717 perctd't

454 2749 519 2820 ciet
541 2751 573 2819 si
596 2768 692 2819 cosae
716 2768 811 2819 come
834 2769 904 2838 par
929 2769 1051 2820 adcor.
1084 2748 1159 2822 Hoc
1191 2747 1275 2821 dicit
1307 2746 1393 2841 quia
1422 2744 1626 2820 secundum

455 2866 616 2941 fabulam
643 2872 732 2939 tunc
756 2865 851 2941 iacta
875 2872 931 2941 est
954 2866 1103 2962 galiasia
1125 2867 1162 2940 in
1182 2867 1390 2960 coeloque
1409 2873 1464 2939 est
1485 2865 1543 2940 via
1570 2864 1628 2937 lu-

454 2984 535 3060 cida
561 2991 598 3061 et
621 2985 826 3079 appellatur
851 2986 967 3060 lactea
981 2975 1030 3080 (⁴),
1049 2993 1124 3061 eta
1146 2987 1257 3082 vulgo
1282 2985 1414 3060 dicitur
1440 2985 1477 3057 in
1503 2985 1628 3058 multis

451 3107 617 3201 partibus
646 3106 756 3180 itaiiae
786 3109 845 3179 orb
874 3111 992 3181 Sancti
1021 3108 1156 3198 derebt,
1182 3114 1219 3180 et
1249 3106 1300 3180 sic
1330 3111 1482 3199 apparet
1505 3104 1627 3180 adbuc

452 3225 598 3323 signum
624 3226 721 3300 iliius
747 3226 900 3301 incendii
914 3219 951 3319 (⁵)
977 3227 1014 3302 in
1040 3229 1158 3322 coelo;
1185 3227 1347 3301 interra
1377 3225 1486 3300 etiam
1513 3246 1627 3320 appa-

453 3353 509 3422 ret
535 3347 694 3442 signum,
716 3347 801 3441 quia
827 3347 1029 3423 secundum
1049 3348 1244 3442 fictionem,
1263 3354 1350 3423 tunc
1368 3347 1477 3422 ctiam
1496 3347 1625 3420 aetbio·

451 3486 515 3561 pes
540 3466 624 3541 iacti
650 3473 734 3540 sont
760 3468 864 3562 nigri.
893 3469 936 3541 m
961 3488 1048 3543 ecce
1073 3469 1183 3542 aliam
1209 3467 1541 3562 comparationem:
1561 3463 1625 3558 Ne‘,

450 3587 541 3662 idest
559 3607 627 3662 nec
644 3588 753 3663 etiam
773 3588 891 3661 maior
909 3589 1018 3662 timor
1035 3588 1103 3661 soit
1120 3591 1235 3681 icere,
1252 3590 1394 3682 quoodo
1411 3590 1625 3678 qoeltlcoro

451 3713 592 3799 misero,
618 3708 704 3802 quia
730 3708 780 3782 ita
805 3708 1059 3783 miserabiliter
1081 3709 1221 3783 corruit
1247 3710 1283 3781 in
1309 3709 1532 3803 profondum
1559 3730 1624 3782 vo-

449 3830 528 3904 lens
553 3829 661 3902 nimis
686 3831 809 3905 extolli
836 3830 872 3903 in
898 3832 1027 3925 altum,
1054 3831 1117 3905 sed
1143 3830 1391 3905 misericordia
1416 3831 1548 3927 dignus
1568 3838 1624 3905 est

450 3969 557 4024 error
577 3950 760 4045 juvenilis
786 3943 872 4024 senti
896 3972 1053 4043 spendor
1078 3955 1109 4024 Io
1138 3953 1228 4042 reni,
1261 3951 1352 4025 idest
1376 3950 1521 4025 dissolvi
1546 3952 1623 4024 alas

450 4068 563 4143 nimio
587 4069 721 4145 ardore
753 4070 847 4164 solis,
875 4070 965 4146 idest
1000 4071 1081 4146 vela
1116 4071 1269 4145 lacerari
1302 4092 1385 4165 quae
1420 4077 1525 4145 erant
1555 4071 1623 4144 aire

448 4187 560 4282 ipsius
579 4188 692 4281 naviS,
708 4191 888 4279 addendo
901 4193 927 4262 ’t
946 4194 1062 4282 padre
1086 4211 1110 4262 a
1136 4194 1204 4264 toi:
1224 4193 1514 4264 maledictioni:
1536 4191 1623 4285 quia

447 4307 584 4382 scilicet
609 4308 802 4385 recedebat
827 4308 934 4383 nimis
959 4320 996 4386 et
1013 4311 1182 4386 deviabat
1202 4311 1249 4385 ab
1267 4332 1324 4405 eo,
1342 4314 1402 4385 cte
1414 4317 1456 4407 so
1479 4314 1516 4383 ta
1536 4314 1622 4402 mio,

447 4427 583 4501 scilicet
609 4427 790 4522 timiditas,
817 4430 867 4503 ita
893 4431 992 4524 qood
1018 4452 1086 4506 nec
1112 4432 1222 4506 timor
1242 4432 1426 4508 Pbetontis
1445 4452 1513 4507 nec
1530 4432 1622 4506 lcari

447 4546 515 4621 suit
540 4545 658 4621 maior
685 4570 798 4642 quam
825 4571 924 4625 nunc
950 4551 1060 4626 timor
1085 4552 1235 4647 autoris
1258 4552 1342 4627 ldeo
1359 4552 1461 4626 dicit:
1480 4555 1622 4644 quondo

509 4773 539 4839 (¹)
554 4776 585 4825 Ε·
602 4778 710 4838 ”Plem-
1070 4777 1097 4839 (¹)
1115 4780 1146 4829 E.
1162 4780 1236 4840 aiter,
1254 4780 1361 4841 scilicet,
1378 4781 1490 4844 quando.

510 4850 537 4914 (⁸1
554 4852 580 4902 S.
598 4853 661 4903 vidit
677 4853 797 4904 similitor
812 4868 848 4904 se.
1072 4855 1098 4918 (⁸)
1115 4856 1140 4906 S.
1157 4857 1197 4906 via
1215 4856 1305 4907 lactea.

508 4927 535 4991 (⁸)
552 4928 582 4979 E·
600 4928 719 4989 incendii,
736 4931 797 4994 quia
814 4931 957 4983 secundum
974 4933 1112 4984 fictionem.
