4154 6546
459 754 530 826 tls
846 772 1055 828 mmmm
1073 772 1228 826 aarum
1350 831 1353 836 ,

455 937 476 988 e
497 924 599 990 cerm
614 937 735 1008 ueprto,
761 917 897 992 scilicet
915 922 1145 991 armaturam
1167 936 1296 1009 suam3·
1307 920 1347 989 et
1362 914 1413 989 sic
1430 914 1513 990 vidc
1529 935 1624 1009 quc·

456 1037 567 1111 modo
590 1038 685 1112 bene
708 1038 825 1134 tangit
855 1039 967 1112 ritum
999 1038 1152 1131 tristem,
1177 1037 1401 1111 attenuatam
1427 1036 1624 1110 loeneratc-

456 1155 505 1230 ris
520 1149 569 1249 (¹),
607 1156 671 1251 qui
708 1164 780 1231 stat
817 1157 922 1251 quasi
960 1157 1134 1231 continuo
1171 1156 1334 1230 inclusus
1370 1162 1408 1230 et
1444 1154 1625 1249 quodam-

456 1276 566 1351 modo
591 1284 803 1352 carceratus
819 1278 866 1353 ad
883 1278 1139 1352 calculandum
1165 1284 1203 1351 et
1226 1275 1524 1369 imbursandum;
1542 1275 1624 1350 ideo

454 1397 549 1471 benc
563 1388 601 1489 (²)
625 1419 667 1473 se
691 1400 902 1493 speculatur
927 1398 964 1472 in
989 1399 1112 1503 bursa.
1146 1397 1230 1472 ldec
1261 1398 1357 1473 bene
1382 1397 1486 1470 dicit:
1512 1418 1625 1489 epus

454 1518 514 1588 cite
538 1519 595 1589 lor
613 1520 729 1591 occido
753 1521 785 1590 st
806 1539 918 1610 pasca
942 1519 1081 1609 putride,
1102 1516 1237 1591 scilicet
1259 1517 1308 1590 ab
1332 1517 1401 1590 ista
1421 1516 1534 1590 bursa
1560 1515 1623 1589 ubi

354 1692 356 1696 Α
455 1635 566 1709 babet
601 1656 747 1732 semper
779 1637 957 1731 animum,
993 1637 1079 1731 quia
1113 1636 1287 1711 denarius
1321 1656 1412 1710 suus
1443 1641 1497 1709 est
1533 1635 1625 1710 deus

454 1773 556 1849 suus,
581 1762 621 1830 et
643 1756 692 1830 ibi
717 1758 837 1851 posuit
862 1757 1070 1831 felicitatem
1096 1777 1215 1830 suam.
1229 1760 1323 1828 -ll
1345 1757 1433 1828 ccm'
1446 1758 1492 1828 io.
1518 1739 1644 1830 Nunc*

453 1880 564 1948 auter
588 1875 758 1949 describit
785 1876 927 1969 aliquos
956 1876 1197 1951 loeneratores
1222 1875 1260 1949 in
1286 1875 1442 1969 speciali,
1468 1883 1510 1968 et¹
1528 1895 1625 1970 pru>-

454 1993 561 2088 cipue
597 1995 807 2069 florentinus
843 2015 942 2090 suos,
980 2015 1141 2088 quorum
1181 1995 1229 2068 ibi
1267 2001 1349 2069 erat
1384 1995 1471 2070 satis
1503 1995 1624 2070 bonus

454 2134 644 2189 numerus.
671 2116 795 2191 Prima
825 2136 915 2207 ergo
947 2115 1119 2189 describit
1147 2114 1346 2208 quemdam
1374 2114 1527 2189 militem
1556 2117 1625 2190 ilc-

453 2235 652 2330 reatinum,
669 2235 733 2329 qui
750 2236 867 2310 lactus
884 2242 939 2310 eat
955 2235 1151 2310 ditissimus
1167 2225 1204 2327 (³)
1221 2255 1269 2311 ex
1289 2256 1415 2329 usura,
1433 2257 1545 2329 quem
1558 2237 1624 2310 de·

453 2355 576 2429 scribit
600 2356 649 2430 ab
672 2362 864 2429 armatura
889 2375 968 2429 suae
991 2355 1120 2451 gentis.
1147 2357 1218 2428 lste
1235 2355 1333 2430 enim
1350 2362 1431 2429 crat
1447 2354 1494 2430 de
1510 2356 1623 2431 Gian-

454 2474 624 2571 ligliaccis
648 2475 695 2549 de
720 2475 912 2569 Florentia,
943 2474 1007 2568 qui
1039 2475 1174 2549 babent
1207 2494 1275 2568 pm
1303 2494 1435 2549 eorum
1468 2474 1634 2578 insignips

451 2595 596 2670 leonem
621 2597 798 2668 azurmm
827 2595 864 2668 in
898 2615 1030 2689 campo
1059 2595 1200 2669 citrino.
1231 2595 1323 2670 Dicit
1356 2616 1470 2691 ergo:
1500 2617 1519 2668 e
1548 2598 1622 2669 atili

451 2735 601 2804 uzmro,
626 2715 761 2788 scilicet
785 2714 962 2808 colorem,
980 2717 1040 2787 cie
1061 2736 1151 2788 auec
1164 2718 1281 2808 faccia
1297 2737 1315 2787 e
1331 2722 1509 2808 columpne,
1527 2713 1619 2788 idest

451 2834 701 2930 apparentiam
719 2842 756 2909 et
772 2834 1045 2930 continentiam,
1060 2835 1195 2910 scilicet
1214 2842 1333 2909 tatum
1359 2855 1506 2930 corpus,
1527 2838 1620 2909 d’an

452 2957 548 3028 bone
568 2957 606 3026 in
625 2975 697 3027 unc
714 2955 822 3027 banaa
838 2957 962 3045 pinita,
978 2954 1072 3029 idest
1088 2954 1124 3028 in
1140 2975 1271 3049 campe
1289 2954 1429 3049 citrino,
1448 2956 1533 3049 quia
1552 2954 1619 3030 ista

451 3081 641 3149 armatura
666 3081 745 3148 erat
769 3073 910 3169 depicta
936 3074 973 3147 in
1007 3074 1131 3168 bursa,
1157 3078 1291 3149 com'tb
1328 3096 1439 3166 cepam
1472 3079 1620 3167 ripuar-

450 3198 570 3270 ducdc
595 3202 653 3267 tra
678 3197 748 3285 lor,
766 3200 808 3267 ut
832 3194 966 3270 scilicet
979 3182 1018 3285 (⁴)
1044 3215 1277 3271 secernerem
1299 3196 1442 3289 aliquus
1460 3196 1619 3270 maiores

450 3315 494 3389 u.
512 3315 581 3388 ista
600 3314 748 3388 tauma
773 3321 811 3388 a
835 3313 1018 3388 nouom:
1035 3314 1166 3389 aarum
1182 3313 1353 3391 describit
1368 3315 1481 3390 anum
1499 3294 1636 3391 ervom*

450 3456 561 3509 suum
575 3425 626 3528 (⁵),
659 3442 699 3509 et
734 3434 898 3510 similiter
932 3455 1001 3528 per
1030 3434 1178 3530 signum
1216 3435 1279 3509 dat
1315 3435 1463 3532 intelligi
1495 3437 1619 3532 signa-

452 3564 547 3650 tum3
574 3555 703 3630 eliste
732 3555 799 3629 luit
829 3576 986 3651 magnus
1011 3555 1211 3630 loenerator
1235 3555 1282 3630 da
1306 3556 1494 3631 Obriacbis
1507 3546 1544 3648 (ὓ)
1572 3556 1619 3631 de

450 3677 643 3770 Florentia,
673 3697 834 3770 quorum
865 3687 1058 3753 armatura
1082 3683 1137 3751 est
1161 3696 1269 3751 anser
1294 3666 1406 3750 albus¹
1425 3676 1463 3750 in
1486 3696 1634 3774 cumps&

450 3799 578 3873 ruben.
605 3797 696 3871 llicit
726 3817 840 3892 crgo:
862 3800 925 3889 pot
954 3800 982 3870 it
1009 3816 1117 3870 cerro
1149 3799 1206 3869 del
1235 3801 1305 3870 min
1328 3799 1501 3888 cpucrdn,
1526 3796 1618 3870 idest

449 3938 581 4005 cursus
616 3917 688 3991 mei
723 3917 938 4010 intellectus,
969 3916 1055 4009 quia
1090 3915 1294 4016 intellectus
1331 3917 1491 3991 volvitur
1524 3917 1618 3992 sicut

449 4059 594 4132 currus,
615 4039 852 4130 procedendo,
870 4037 1006 4112 scilicet
1030 4035 1196 4130 ulterius,
1214 4037 1333 4109 cidem
1349 4039 1407 4111 un'
1420 4039 1528 4128 aaa,
1548 4037 1618 4112 sci—

448 4159 532 4234 licet
556 4159 720 4251 bursam,
744 4177 849 4230 rusca
873 4178 970 4230 cume
994 4178 1150 4248 smcpuc:
1175 4156 1243 4230 iste
1266 4176 1377 4230 anser
1396 4156 1474 4231 avis
1497 4157 1617 4253 gurda

441 4278 646 4353 imbibebat
671 4271 889 4373 sanguinem
921 4278 1144 4370 multarum3
1170 4276 1253 4351 idea
1281 4276 1386 4351 dicit:
1410 4279 1618 4351 mestruadn

447 4402 505 4474 un’
518 4420 584 4473 occ
608 4400 748 4489 biuraec,
768 4393 831 4490 piri
855 4400 916 4471 clue
939 4398 1061 4490 duan,
1077 4397 1169 4472 idest
1190 4398 1385 4491 plusquam
1405 4396 1563 4491 butims,
1580 4362 1631 4471 οἳ

510 4589 536 4649 (²)
554 4590 608 4647 ata,
624 4586 821 4644 imperaturum,
838 4585 883 4649 qui
899 4589 967 4636 stunt
979 4583 1052 4648 quui
1062 4583 1184 4635 continuo
1200 4581 1300 4643 inclusi,
1312 4587 1339 4634 et
1350 4582 1541 4647 quodmmodc
1557 4598 1617 4635 cnr.

447 4664 537 4802 magi
554 4739 584 4789 ll.
600 4739 665 4789 bena
680 4739 837 4802 speculatur.
912 4736 939 4799 (⁸)
954 4736 981 4787 S·
997 4736 1077 4788 m.
1170 4735 1198 4798 (Ι)
1214 4735 1246 4787 Β.
1261 4735 1362 4787 ωηο
1374 4739 1405 4786 ιη
1420 4735 1596 4790 um,

509 4813 1242 4954 ggffladfmfflamwmm
