4154 6546
448 781 518 848 436
843 788 1045 844 comanrou
1071 790 1222 843 marram

445 936 610 1011 carmine
640 955 735 1009 meo.
767 935 842 1007 lloe
871 934 955 1008 dioit
980 934 1150 1030 Virgilius
1180 933 1267 1026 quia
1297 933 1373 1026 ipse
1388 925 1424 1024 (¹)
1460 932 1616 1006 similem

445 1057 628 1130 fictionem
659 1055 795 1128 fecerat
826 1053 873 1128 de
897 1053 1065 1128 Polidoro
1099 1054 1172 1126 lilio
1198 1053 1345 1146 Priami,
1369 1044 1423 1126 o'd
1447 1043 1535 1125 cb'd
1559 1074 1620 1125 oe-

445 1180 542 1266 duto,
562 1175 698 1249 scilicet
722 1173 820 1268 quod
837 1174 959 1246 anima
985 1175 1147 1246 bumana
1173 1179 1229 1246 est
1254 1173 1418 1246 involuta
1443 1173 1538 1248 intra
1554 1192 1620 1245 ar-

445 1299 574 1372 borem
601 1296 717 1369 istam.
739 1294 876 1368 Deinde
893 1293 1063 1390 Virgilius
1089 1303 1242 1370 excusat
1266 1313 1306 1367 se
1331 1292 1417 1386 quia
1442 1292 1564 1367 fuerat
1578 1283 1618 1384 (¹)

445 1438 557 1492 causa
582 1417 692 1489 buius
716 1415 884 1509 laesionis,
909 1414 1055 1489 dicens:
1081 1436 1142 1487 ma
1170 1418 1207 1487 lo
1231 1435 1315 1487 cosa
1343 1415 1555 1505 incredibile,
1581 1421 1620 1489 el

446 1545 571 1612 tamen
588 1557 688 1630 vera,
706 1539 763 1609 mi
774 1539 849 1629 [eoo
866 1537 1007 1608 indorlo
1032 1538 1082 1608 ad
1096 1557 1202 1626 opro,
1219 1538 1269 1608 ob’
1279 1556 1304 1606 a
1320 1556 1374 1607 me
1396 1541 1503 1607 stesso
1515 1555 1618 1626 peso,

447 1658 581 1732 seilicet
606 1677 678 1730 non
708 1662 851 1750 poterat
881 1655 987 1729 aliter
1012 1655 1102 1749 fieri,
1130 1654 1210 1728 ideo
1244 1654 1439 1729 necessitas
1464 1674 1526 1728 me
1550 1673 1619 1727 ex-

446 1783 572 1871 cuset3
598 1784 636 1851 et
666 1777 752 1871 quia
783 1776 952 1871 Virgilius
981 1775 1132 1850 dederat
1161 1775 1228 1848 sibi
1266 1777 1401 1849 vulnus
1426 1774 1616 1871 indignum

446 1897 656 1971 renovando
686 1897 766 1970 eius
798 1902 955 1970 mortem
987 1895 1173 1988 infamem,
1195 1916 1279 1988 quae
1309 1916 1383 1969 non
1417 1902 1498 1970 erat
1531 1906 1617 1970 nola

446 2018 628 2110 omnibuS,
648 2016 730 2090 ideo
755 2016 818 2090 dal
843 2016 908 2089 sibi
936 2017 1128 2109 medelam,
1150 2014 1237 2108 quia
1263 2015 1380 2089 reddit
1397 2015 1464 2088 sibi
1481 2016 1615 2088 bonam

448 2138 596 2231 famam,
611 2136 660 2210 ita
675 2136 772 2231 quod
785 2137 881 2211 istud
894 2137 1029 2211 vulnus
1041 2136 1149 2210 debet
1163 2155 1243 2209 esse
1255 2156 1385 2209 carum
1399 2135 1455 2208 isti
1466 2125 1501 2227 (³)
1514 2159 1524 2227 3
1537 2134 1618 2209 ideo

448 2258 576 2332 suadet
606 2257 672 2330 sibi
703 2265 744 2330 ut
775 2257 979 2332 manifestet
1008 2278 1048 2331 se
1086 2257 1219 2350 autori,
1252 2256 1315 2350 qui
1348 2257 1516 2332 restituat
1552 2256 1618 2330 sibi

448 2379 583 2453 bonam
616 2377 764 2470 famam,
789 2377 934 2452 dicens:
961 2399 1021 2450 mo
1050 2381 1125 2451 ditll
1149 2380 1202 2449 obi
1226 2384 1261 2450 tu
1282 2380 1379 2470 sosii,
1403 2369 1433 2449 si
1457 2380 1517 2449 cbo
1540 2380 1620 2450 rin-

445 2499 574 2590 sresebl
598 2504 659 2569 too
680 2501 792 2591 [omo.
810 2497 997 2571 Habuerat
1021 2497 1141 2591 primo
1165 2499 1295 2571 Petrus
1320 2498 1453 2571 bonam
1482 2496 1617 2594 famam

449 2619 535 2712 quia
572 2626 652 2692 erat
689 2618 814 2712 legalis
845 2625 882 2691 et
916 2617 1029 2690 fidelis
1061 2618 1257 2711 Foderico;
1290 2624 1414 2712 postea
1451 2618 1620 2692 incurre-

448 2746 506 2811 rat
532 2738 729 2831 infamiam,
755 2737 887 2812 invidia
911 2745 1154 2832 procurante,
1181 2746 1218 2812 et
1243 2745 1352 2812 autor
1370 2759 1468 2812 nunc
1483 2746 1619 2836 purgat

449 2858 565 2952 ipsum
584 2858 632 2930 ab
657 2857 804 2930 iufamia
822 2857 908 2932 falsa
925 2847 975 2951 (⁴),
996 2866 1033 2931 el
1058 2858 1174 2931 reddit
1191 2858 1257 2931 sibi
1283 2858 1469 2952 pristinam
1489 2880 1616 2933 veram

449 2976 598 3071 lamam,
617 2981 675 3049 rtet
698 2980 828 3050 mondo
852 3000 907 3070 su,
933 2978 1067 3052 seilicet
1092 2978 1303 3071 viventium,
1330 2981 1417 3050 dove
1442 2983 1621 3053 lornarii

448 3100 522 3189 lice,
540 3097 631 3171 idest
646 3097 782 3171 licitum
809 3105 879 3190 esl3
898 3097 996 3191 quod
1021 3118 1095 3171 non
1116 3098 1197 3172 licet
1223 3098 1286 3170 tibi
1304 3118 1372 3171 neo
1395 3098 1474 3172 aliis
1490 3099 1621 3193 despe-

448 3218 547 3311 ratis,
573 3218 678 3311 quasi
703 3218 814 3292 dieat:
832 3219 927 3293 bene
952 3225 1069 3313 potest
1095 3238 1275 3293 renovare
1300 3218 1434 3293 famam
1462 3225 1564 3293 tuam
1584 3219 1621 3291 in

448 3338 598 3432 mundo,
624 3338 711 3431 quia
737 3338 836 3431 vivit,
867 3346 905 3414 et
934 3346 989 3413 est
1019 3339 1091 3412 cito
1122 3359 1340 3413 reversurus
1370 3338 1556 3432 superius3
1584 3345 1621 3414 et

447 3459 554 3532 dicit:
572 3461 609 3529 io
636 3479 713 3530 oece
737 3459 911 3531 daimon
937 3461 1076 3549 memo,
1094 3458 1184 3532 idest
1210 3458 1290 3532 looo
1314 3458 1468 3533 alieuius
1493 3478 1623 3533 emen·

448 3578 601 3653 dationis
630 3584 668 3651 et
699 3577 949 3653 satisfactionis
982 3578 1130 3652 ollensae
1160 3598 1272 3671 quam
1311 3578 1374 3651 tibi
1413 3579 1508 3671 fecit,
1539 3578 1624 3653 lioot

449 3698 526 3772 sine
551 3700 777 3792 eulpa—E
799 3701 824 3771 ’l
848 3707 978 3771 trunco.
1005 3700 1045 3771 ln
1070 3699 1139 3772 hac
1164 3705 1268 3792 parte
1300 3705 1410 3773 autor
1434 3699 1537 3793 ponit
1562 3719 1622 3774 re-

448 3818 679 3913 sponsionem
719 3818 813 3892 illius
856 3819 1001 3913 spiritus
1039 3819 1084 3892 ad
1121 3819 1331 3914 petitionem
1370 3820 1519 3916 Virgilii,
1558 3820 1621 3914 qui

448 3939 567 4033 primo
587 3944 707 4032 captat
727 3939 1008 4012 benivolentiam
1026 3940 1288 4014 commendans
1304 3940 1449 4015 dulcem
1467 3961 1622 4036 persua-

448 4059 588 4132 sionem
606 4057 694 4130 tanli
712 4058 887 4151 oratoris;
908 4058 1003 4132 unde
1028 4059 1135 4133 dicit:
1163 4063 1227 4132 e’l
1249 4068 1383 4153 troico,
1404 4063 1543 4156 supple,
1561 4081 1622 4136 re-

448 4178 612 4273 spondit:
632 4185 667 4250 tu
694 4181 739 4250 m’
752 4181 902 4269 adescbi,
920 4179 1010 4254 idest
1037 4187 1112 4254 lam
1139 4180 1333 4255 efficaciter
1360 4203 1420 4256 me
1444 4183 1542 4277 capis
1561 4181 1621 4258 vel

448 4299 550 4396 ligas,
576 4301 631 4372 col
654 4301 750 4372 dolce
775 4302 863 4389 dire,
890 4300 977 4394 quia
1003 4301 1109 4372 nimis
1135 4308 1189 4374 est
1215 4301 1322 4375 dulce
1346 4301 1482 4376 homini
1509 4323 1620 4376 recu-

447 4441 579 4514 perare
604 4420 738 4493 bonam
765 4420 913 4513 famam,
940 4428 1019 4514 post
1045 4421 1230 4494 infamiam
1262 4421 1400 4517 falsam,
1426 4426 1524 4496 ob’io
1549 4445 1621 4496 oon

442 4561 551 4631 posso
568 4546 675 4630 turer,
694 4545 731 4613 el
756 4539 785 4612 si
802 4539 919 4613 debeo
944 4539 1045 4634 loqui
1071 4561 1144 4613 non
1170 4562 1318 4636 possum
1344 4541 1466 4618 dicere
1483 4564 1620 4639 pauaa;

510 4754 537 4814 (¹)
554 4759 608 4812 llo,
625 4755 679 4817 ipse
695 4755 753 4806 silet
769 4756 900 4808 fictionem
918 4771 997 4821 quam
1013 4758 1118 4808 fecerat.
1185 4745 1190 4753 ’

510 4829 537 4889 l'l
553 4830 582 4879 E·
598 4830 685 4881 suerit·
1123 4831 1149 4896 (Ἴ
1166 4833 1197 4883 E.
1213 4848 1304 4884 carum
1321 4835 1378 4886 sibi.

511 4905 537 4967 (⁸)
553 4906 578 4955 S.
595 4906 666 4967 falsa,
682 4908 729 4958 sibl
746 4911 878 4974 pristinum
895 4924 983 4961 reram
999 4909 1094 4962 lamam
1110 4910 1242 4972 exhibens,
1258 4912 1301 4962 nol
1315 4914 1415 4965 mondo.
