4154 6546
745 801 883 858 caurus
907 801 1099 857 snuuunm
1457 793 1506 862 tl

335 948 428 1023 idest
443 947 580 1040 amma,
598 950 656 1021 dcl
670 951 911 1039 mwamdmo,
931 946 1066 1021 scilicet
1086 944 1235 1041 Virgilii,
1253 949 1400 1040 mopere,
1417 970 1508 1044 sup-

332 1069 403 1163 ple,
425 1066 515 1140 mibi
540 1055 1267 1160 mutilanmoatodoffrsadooiltd,
1288 1066 1507 1161 idcstapu-

331 1185 585 1279 ribanimitate,
615 1189 654 1259 lo
682 1188 779 1276 conl,
810 1185 946 1259 scilicet
978 1183 1096 1258 vilitas
1129 1184 1253 1279 animi,
1284 1206 1400 1278 sparso
1423 1191 1507 1280 fiala

329 1306 517 1397 &gundre
540 1308 691 1395 inemo,
716 1304 808 1378 idest
830 1302 1021 1394 disturbat,
1046 1294 1078 1374 si
1101 1304 1161 1374 cle
1185 1305 1220 1375 lo
1243 1306 1389 1397 nodva,
1414 1305 1506 1381 idad

329 1424 423 1500 adeo
453 1423 555 1518 quod
583 1429 735 1501 reroent
767 1429 805 1496 et
838 1427 1005 1497 removet
1022 1413 1072 1514 (¹),
1103 1424 1139 1494 d
1151 1429 1305 1495 onorata
1336 1427 1505 1517 ammosa,

331 1543 423 1618 idest
446 1544 497 1621 ab
519 1542 722 1617 honorabili
746 1561 869 1636 opem.
887 1541 932 1614 Et
948 1540 1070 1614 subdit
1095 1539 1281 1634 quomodo
1298 1542 1417 1617 vilitas
1441 1563 1505 1619 ro·

333 1653 498 1754 rolritl¹l
520 1662 708 1737 bominem
732 1681 799 1756 per
824 1681 937 1736 unam
954 1661 1121 1755 pulcram
1138 1666 1177 1734 ct
1192 1661 1377 1757 propriam
1398 1683 1504 1739 com·

333 1781 579 1876 pandonem,
595 1781 744 1856 mens:
767 1800 865 1854 corae
884 1782 979 1873 solco
1004 1781 1140 1870 aedae,
1165 1779 1312 1875 scilicet,
1347 1783 1502 1858 revolvit

332 1900 440 1975 barm
461 1901 743 1992 mmnd'omdro,
769 1900 861 1975 idcst
892 1898 1039 1994 quando
1073 1904 1129 1973 est
1158 1899 1344 1974 umbrosa.
1378 1901 1422 1974 ut
1445 1909 1502 1977 est

331 2021 553 2098 oonrmiens
574 2021 823 2116 compnmtio3
848 2019 1064 2095 sicutenim
1095 2039 1214 2112 equus
1239 2019 1386 2114 juvenis
1417 2042 1504 2096 um-

330 2142 473 2236 brosus,
488 2141 644 2217 medens
660 2141 751 2215 labo
767 2159 847 2215 rem
872 2139 987 2213 visam
1016 2158 1098 2214 esse
1122 2138 1220 2213 aliud
1245 2159 1358 2233 quam
1384 2141 1441 2234 sit,
1464 2147 1503 2216 et

329 2260 396 2335 rint
418 2261 639 2354 mmmm,
664 2280 752 2334 cum
777 2265 903 2334 tamen
927 2279 1001 2332 non
1025 2259 1080 2352 sit,
1099 2278 1173 2332 non
1199 2259 1276 2332 vult
1301 2259 1502 2353 proeodcro

328 2380 366 2455 in
389 2381 462 2474 ria,
487 2387 832 2475 quantumcumque
855 2379 1066 2453 stimuletur
1089 2379 1304 2473 calcaribus,
1323 2380 1400 2453 imo
1423 2387 1502 2454 ter·

329 2499 486 2575 acinam
511 2497 726 2591 retrocedit,
752 2497 800 2572 ita
832 2504 942 2571 autor
966 2503 1090 2572 noster
1119 2498 1269 2572 territus
1292 2499 1381 2574 lalsa
1406 2500 1500 2575 ima-

325 2617 510 2715 ginatione
533 2617 681 2692 nolebat
701 2616 902 2711 procedere
917 2616 955 2689 in
972 2615 1112 2709 itincre,
1130 2623 1168 2692 et
1187 2636 1301 2712 opere
1317 2618 1498 2713 inchoato,

326 2744 670 2832 quantumcumque
695 2736 908 2810 incitaretur
933 2736 1054 2810 verbis
1080 2735 1228 2832 Virgilii,
1253 2741 1297 2809 nt
1320 2738 1437 2832 patuit
1461 2737 1498 2820 in

326 2857 544 2952 precedent
569 2856 739 2950 capitulo,
759 2856 836 2930 imo
855 2855 976 2930 viliter
1001 2856 1263 2949 retrocedebat,
1280 2855 1399 2932 donec
1417 2855 1500 2930 Vir-

326 2977 434 3073 gillns
458 2977 604 3053 tandem
631 2977 786 3053 retraxit
808 2995 896 3051 eum
928 2976 1025 3049 veris
1057 2975 1258 3050 rationibus
1282 2983 1320 3050 et
1344 2997 1499 3071 perara-

304 3094 498 3183 sionibus
523 3095 568 3169 llt
591 3096 658 3171 ista
683 3096 765 3169 talis
790 3095 1010 3183 umbrositas
1030 3095 1191 3168 maxime
1216 3096 1308 3171 solet
1331 3097 1499 3172 accidere

326 3215 443 3310 equis,
465 3212 573 3310 pullis
596 3222 634 3291 et
653 3215 853 3309 iuvenibus
866 3205 916 3307 (⁸),
942 3233 1014 3287 non
1039 3215 1199 3309 expertis
1223 3234 1336 3308 opera
1362 3234 1496 3311 magna

325 3341 363 3410 et
387 3334 622 3410 honorabilia.
647 3335 692 3408 nt
714 3334 799 3408 dicit
824 3334 1014 3430 Virgilius:
1032 3337 1116 3407 sto
1132 3336 1177 3406 llo
1192 3335 1257 3406 den
1282 3338 1319 3406 lo
1344 3342 1405 3407 tao
1426 3356 1498 3427 po·

323 3458 407 3529 rota
428 3458 551 3546 blara,
576 3454 678 3548 idest,
695 3453 725 3528 si
751 3454 847 3529 bene
863 3452 1122 3547 comprehendi
1138 3454 1496 3548 argumentationem

324 3584 438 3652 tuam.
463 3574 509 3650 Et
533 3575 592 3649 bic
615 3581 702 3649 nota
726 3573 825 3668 quod
850 3579 959 3648 autor
985 3573 1117 3647 merito
1132 3574 1288 3669 appellat
1305 3574 1495 3670 Virgilium

324 3695 619 3792 magnammnm3
629 3693 697 3767 furit
708 3693 805 3768 euim
821 3693 1079 3789 magnanimus
1090 3692 1353 3787 multipliciter:
1363 3694 1494 3787 primo,

322 3815 409 3908 qnia
436 3821 547 3890 natus
576 3833 625 3889 cx
657 3814 801 3888 rusticis
829 3813 1042 3908 parentibus
1071 3813 1107 3886 in
1137 3813 1222 3889 villa
1246 3815 1441 3889 llantuana
1455 3801 1493 3905 l‘)

324 3934 422 4009 venlt
443 3932 492 4009 ad
517 3934 650 4008 urbem
675 3939 786 4027 caput
810 3933 949 4026 mundi,
972 3939 1009 4007 et
1034 3933 1192 4027 captavit
1215 3933 1372 4028 gratiam
1398 3953 1495 4027 prm·

323 4053 511 4131 mni
547 4052 717 4148 pdncipis
751 4052 916 4148 Augusti,
954 4050 1061 4125 cuius
1099 4051 1226 4126 lavore
1263 4053 1494 4148 recuperavit

324 4173 419 4249 bona
444 4179 619 4268 paterna:
644 4171 775 4246 deinde
799 4171 966 4244 omnium
983 4170 1277 4262 Mantuanorum,
1296 4170 1390 4244 sicut
1406 4192 1492 4268 sepe

325 4292 401 4387 ipro
422 4291 594 4390 Virgilius
617 4291 741 4365 scribit
764 4290 858 4365 libro
880 4289 1179 4382 Buooolioorum;
1197 4289 1264 4361 tuit
1280 4289 1391 4365 etiam
1413 4311 1495 4365 ma·

323 4410 528 4508 grunimns,
552 4411 641 4504 quia
665 4410 818 4484 extorsit
842 4428 992 4483 versum
1019 4408 1202 4501 Homero;
1229 4408 1328 4482 unde
1353 4410 1494 4484 llacro-

322 4531 405 4605 bius
429 4532 556 4627 quinto
580 4531 628 4605 dc
651 4529 905 4605 Saturnalibus
921 4528 1016 4622 dicit,
1034 4528 1133 4622 quod
1151 4528 1220 4602 tria
1237 4527 1407 4604 videntur
1423 4530 1493 4605 im-

383 4774 410 4833 l‘)
427 4774 457 4825 B.
473 4779 501 4825 et
516 4779 634 4825 removet
648 4789 719 4825 eum.
1001 4772 1027 4832 ι’)
1044 4779 1099 4834 tlt,
1116 4778 1241 4825 removet.

382 4850 409 4909 (ἦ
425 4851 639 4914 staturosum,
655 4857 682 4902 et
698 4854 733 4902 ila
749 4853 833 4902 rllltm
848 4852 942 4902 accidit
957 4852 1103 4902 bominibus
1115 4851 1254 4914 juvenibus
1270 4863 1322 4899 non
1338 4849 1458 4912 expertis.

382 4924 409 4984 θ)
424 4924 451 4976 S.
468 4926 608 4979 unum
623 4942 683 4993 qun
699 4942 769 4978 nuno
784 4933 892 4980 roratur
907 4928 1017 4988 Pletule,
1034 4930 1111 4979 venit.
