4154 6546
638 798 776 852 usurus
799 797 956 854 uuuruus
980 797 1161 854 susumus.
1411 783 1480 850 661

314 951 415 1019 retro
449 951 486 1018 te
518 943 665 1040 pungit3
692 944 742 1018 ita
759 935 796 1035 (¹)
824 942 958 1018 Gerion
989 943 1048 1017 hic
1073 963 1159 1017 cum
1194 942 1304 1017 chelis
1336 941 1481 1037 apertis.

312 1105 361 1118 -
376 1069 425 1136 Lo
455 1067 555 1137 duca.
588 1063 652 1137 Hic
682 1069 791 1137 autor
823 1062 978 1137 ostendit
1012 1063 1196 1156 quemodo
1229 1063 1398 1158 Virgilius
1428 1061 1484 1135 di-

314 1176 519 1277 rexerant)
547 1205 634 1258 eum
664 1183 710 1258 ad
745 1183 941 1259 videndum
972 1184 1168 1259 Gerionem
1193 1183 1239 1258 de
1263 1185 1482 1279 propinquo,

313 1327 423 1400 quem
451 1308 643 1399 hucusque
668 1304 834 1379 viderant
858 1304 905 1379 de
934 1305 1144 1401 longinquo,
1171 1305 1268 1379 unde
1292 1305 1406 1379 dicit:
1433 1309 1483 1376 Lo

312 1429 417 1518 duca,
442 1425 577 1500 scilicet
601 1424 771 1521 Virgilius
797 1424 861 1518 qui
885 1424 1043 1498 duxerat
1067 1443 1154 1498 eum
1177 1442 1242 1519 per
1267 1430 1386 1498 tntum
1414 1444 1480 1519 ag-

313 1566 441 1642 gerem
475 1553 631 1640 rectum,
663 1548 777 1618 duce:
808 1566 854 1617 cr
886 1566 1017 1617 convert
1045 1546 1104 1616 cle
1137 1548 1174 1618 lu
1202 1551 1326 1618 nostra
1358 1548 1416 1618 nia
1443 1566 1482 1617 se

315 1675 414 1741 turca
438 1688 486 1740 un
508 1688 612 1760 poco,
639 1666 737 1740 unde
761 1665 922 1758 adverte,
944 1663 1042 1759 quod
1059 1664 1193 1739 (lerion
1210 1671 1348 1739 tractus
1364 1687 1387 1740 a
1403 1666 1485 1739 Vir-

314 1789 400 1885 gilio
424 1808 512 1862 cum
537 1788 649 1862 corda
674 1807 748 1861 non
773 1787 964 1881 appulerat
990 1791 1090 1859 recte
1114 1785 1160 1858 ad
1185 1785 1319 1860 ostium
1337 1789 1483 1883 canalis,

316 1930 382 2004 per
407 1909 512 1983 cuius
537 1908 653 2003 ripam
680 1907 736 1981 isti
762 1912 939 1981 venerant
969 1912 1080 2000 reete,
1112 1905 1187 1980 imo
1215 1907 1483 2001 aliquantulum

316 2050 338 2103 a
363 2030 472 2126 longe
496 2050 519 2103 a
544 2029 659 2103 latere
683 2027 814 2102 dextro
837 2025 884 2100 ad
910 2025 1027 2121 ripam
1045 2047 1129 2119 quae
1147 2027 1280 2101 claudit
1305 2029 1485 2103 circulum

315 2148 352 2221 in
378 2149 551 2242 circuitu;
578 2148 659 2223 ideo
683 2147 787 2221 dicit:
810 2149 860 2239 fin
887 2167 910 2217 a
936 2149 1049 2236 quella
1069 2145 1174 2218 bestia
1191 2149 1381 2240 nralvapia,
1399 2150 1486 2242 quia

315 2270 415 2344 nulla
447 2269 525 2343 tera
546 2259 583 2361 (³)
615 2274 669 2342 est
699 2265 854 2360 nequior
886 2265 1054 2361 Gerioue,
1085 2288 1158 2340 n0n
1192 2267 1385 2363 Cerberus
1412 2290 1486 2344 non

316 2390 554 2483 Minotaurus,
587 2391 647 2461 cle
674 2409 712 2460 se
742 2407 860 2478 dorca,
891 2386 991 2481 idest,
1021 2407 1104 2480 quae
1133 2388 1286 2462 collocat
1315 2409 1366 2484 se,
1396 2380 1483 2463 cold.

316 2509 534 2583 Ostendebat
558 2508 624 2582 sibi
649 2507 820 2603 Virgilius
845 2508 967 2581 locum
993 2506 1040 2580 ad
1066 2527 1176 2601 quem
1200 2509 1391 2602 appulerat
1413 2510 1486 2585 Ge-

316 2630 396 2704 rinn
423 2650 494 2703 non
520 2629 627 2725 longe
651 2628 699 2702 ab
731 2647 869 2723 aggere
897 2627 1038 2721 dextro,
1068 2627 1105 2701 in
1134 2628 1240 2703 cuius
1265 2628 1338 2704 fine
1370 2629 1480 2703 modo

317 2756 439 2843 erant3
466 2755 503 2823 et
521 2749 591 2823 hoc
607 2747 715 2842 dicte,
730 2746 850 2821 statim
868 2754 1066 2822 moverunt
1083 2754 1119 2823 et
1137 2747 1366 2825 deflexerunt
1382 2750 1480 2825 viam

317 2890 422 2944 suam
449 2869 495 2942 ad
512 2869 680 2942 dextram
705 2888 772 2962 per
797 2867 1066 2942 extremitatem
1092 2867 1227 2942 circuli.
1249 2869 1352 2944 Unde
1378 2870 1483 2944 dicit:

313 2993 374 3083 po'
391 2991 660 3080 demamus,
686 2988 781 3062 bene
805 2987 890 3061 dicit
914 2985 1179 3081 descendimus,
1205 2989 1291 3080 quia
1316 2995 1421 3064 erant
1447 2989 1484 3062 in

317 3111 392 3186 alto
416 3127 563 3205 aggere,
589 3114 627 3182 et
651 3106 917 3181 descenderunt
946 3105 992 3180 ad
1023 3105 1139 3200 ripam
1170 3107 1313 3182 bassam
1348 3127 1484 3203 arenae,

318 3251 343 3302 a
368 3232 405 3302 la
429 3231 628 3301 mammetta
647 3230 778 3319 dmna,
796 3226 887 3301 idest
907 3226 953 3301 ad
971 3246 1124 3299 manum
1142 3227 1327 3323 dextram3
1346 3236 1383 3303 et
1399 3250 1486 3305 ecce

319 3370 436 3446 quare
459 3339 494 3442 (⁸)
523 3355 629 3424 erant
652 3351 783 3443 parum
801 3349 960 3444 alonge,
986 3347 1073 3440 quia
1099 3347 1197 3422 dicit:
1219 3370 1238 3421 e
1250 3353 1379 3444 [emmo
1401 3353 1488 3424 dicei

317 3473 429 3564 passi,
455 3470 548 3544 torte
572 3471 641 3543 hoc
666 3468 761 3561 dicit,
788 3468 874 3561 quia
899 3467 1027 3541 decern
1045 3473 1130 3541 sunt
1147 3469 1259 3543 valles
1279 3478 1485 3566 sequentes
1549 3558 1553 3567 ¹

319 3590 507 3683 inquibus
527 3589 729 3684 puniuntur
741 3587 869 3661 decern
883 3607 1021 3682 genera
1035 3587 1232 3682 fraudium,
1244 3609 1286 3662 su
1299 3591 1333 3661 lo
1345 3597 1485 3685 edente,

320 3711 455 3786 scilieet
472 3710 594 3785 eundo
619 3729 684 3803 per
710 3707 979 3782 extremitatem
1006 3707 1149 3802 circuli3
1176 3715 1213 3783 et
1229 3730 1316 3784 ecce
1339 3731 1481 3804 quare:

313 3855 381 3925 per
405 3833 469 3902 den
494 3850 625 3902 camur
650 3831 672 3901 l’
684 3849 797 3901 arena
825 3848 845 3899 e
875 3831 910 3899 la
939 3830 1141 3920 fiatnrncllu,
1167 3828 1259 3903 idest
1284 3838 1325 3903 ut
1350 3830 1485 3906 vitare-
1528 3823 1529 3826 '

318 3972 402 4023 mus
421 3941 457 4041 (⁵)
489 3950 650 4022 calorem
683 3967 818 4041 arenae,
854 3967 938 4040 qum
973 3947 1154 4040 coquebat
1182 3948 1292 4043 pedes
1323 3950 1485 4044 interius,

319 4078 355 4145 et
383 4071 544 4144 calorem
571 4069 804 4142 llammarum
832 4068 894 4160 qui
922 4066 1134 4142 incendebat
1159 4076 1280 4164 caput,
1306 4077 1343 4144 et
1366 4078 1483 4145 tntum
1629 4102 1634 4109 ·

318 4212 451 4285 eorpus
485 4189 664 4284 superius.
699 4189 743 4264 Et
774 4188 824 4261 sic
862 4195 946 4262 neta
985 4188 1084 4281 quod
1120 4189 1197 4284 ripa
1234 4211 1318 4283 quae
1351 4192 1487 4267 claudit

316 4332 469 4385 arenam
496 4310 532 4382 in
558 4310 752 4383 circuitum
773 4299 822 4402 (ὅ),
839 4315 895 4382 est
911 4308 960 4382 ita
977 4315 1147 4404 exempta
1165 4331 1188 4384 a
1209 4311 1375 4407 dammis,
1393 4315 1487 4388 sicut

317 4449 472 4526 aggeres
504 4429 567 4523 qui
599 4435 684 4503 sunt
715 4449 760 4503 ex
793 4434 952 4522 utraque
985 4434 1090 4522 parte
1120 4430 1255 4504 canalis
1285 4433 1414 4507 eadem
1440 4434 1487 4510 de
1552 4480 1558 4493 ·

320 4572 442 4645 causa,
468 4550 554 4643 quia
580 4549 744 4623 similiter
769 4549 893 4622 sumus
918 4556 956 4623 et
981 4542 1121 4624 nebula
1140 4551 1290 4626 exulans
1316 4572 1362 4627 er
1387 4575 1485 4649 aqua

381 4775 409 4837 (¹)
426 4781 479 4837 116,
494 4778 528 4827 ita
545 4782 571 4827 et
587 4778 690 4828 Gerion.
784 4777 811 4839 (¹)
827 4777 860 4835 S,
878 4778 909 4828 11.
925 4791 940 4827 e
958 4782 1012 4839 116,
1029 4778 1160 4829 dlraxerit.
1257 4779 1284 4842 (¹)
1301 4784 1355 4842 116,
1372 4781 1459 4834 batis.

379 4853 406 4915 (¹)
424 4859 476 4915 116,
492 4855 602 4919 qualiter
618 4860 693 4908 erant
708 4869 807 4920 parum.
819 4882 847 4892 —
858 4855 882 4905 S.
900 4856 960 4919 quia
975 4862 1049 4907 erant
1066 4857 1198 4908 medicum
1216 4870 1231 4907 a
1249 4856 1334 4922 Ιοιιμ.

379 4928 406 4992 (·)
422 4929 453 4979 B.
469 4931 588 4982 vitemus.
783 4931 810 4995 (¹)
827 4935 872 4984 116
887 4945 904 4983 ο
919 4933 950 4985 11.
966 4933 1086 4984 circuitu.
