4154 6546
576 743 623 812 88
976 751 1179 808 nonencors
1204 753 1355 807 rursum

411 944 427 975 .
573 896 755 993 possibilia
771 895 921 989 bomini,
939 895 1073 970 scilicet
1089 902 1314 990 extorquere
1337 896 1479 971 tulmen
1495 896 1587 991 lori,
1604 898 1747 972 clavam

572 1015 733 1110 Herculi,
751 1020 789 1090 et
805 1035 954 1090 versum
975 1015 1158 1108 llomer03
1176 1015 1276 1109 quod
1293 1017 1444 1091 tertium
1460 1016 1630 1114 Virgilius
1654 1017 1748 1092 lecit.

576 1137 620 1210 Et
645 1135 692 1231 de
715 1137 784 1210 bac
810 1133 1109 1230 magnanimitate
1137 1135 1285 1229 proprie
1317 1136 1480 1229 loquitur
1505 1155 1604 1211 nnnc
1628 1141 1749 1230 autor,

577 1256 682 1350 quasi
712 1255 798 1329 velit
830 1254 971 1328 dicere:
1004 1253 1035 1326 si
1068 1272 1138 1350 ego
1176 1253 1340 1331 imitatus
1375 1276 1458 1329 snm
1472 1245 1510 1345 (¹)
1544 1256 1749 1330 Homerum

575 1396 752 1473 graecum,
778 1381 816 1450 et
840 1376 982 1469 plenius
1007 1375 1180 1470 descripsi
1207 1374 1397 1450 Internum
1429 1394 1543 1469 quam
1568 1374 1655 1470 ipse,
1679 1395 1751 1450 cnr

574 1501 615 1567 tu
641 1496 776 1570 nautes
792 1515 866 1568 non
882 1501 987 1589 potes
1003 1495 1137 1569 imitari
1155 1515 1216 1570 me
1233 1495 1424 1592 Virgilium
1441 1495 1594 1569 latinum
1610 1487 1648 1587 (²)
1665 1515 1751 1590 per-

576 1614 730 1689 fectius?
746 1613 923 1710 Virgilius
934 1614 1044 1689 etiam
1062 1619 1204 1710 poterat
1220 1615 1290 1689 dici
1307 1615 1565 1712 magnanimus
1582 1621 1750 1710 respectu

576 1734 728 1827 autoris,
750 1735 814 1828 qui
839 1755 937 1808 nnnc
955 1734 1148 1810 videbatur
1167 1735 1415 1828 pusillanimis,
1432 1735 1519 1829 qnia
1540 1755 1614 1810 non
1634 1735 1751 1811 ande-

576 1854 638 1928 bat
661 1853 871 1929 describere
894 1854 1082 1928 lnlernum
1102 1854 1196 1929 sicut
1221 1855 1298 1949 ipse
1314 1853 1485 1950 Virgilius
1507 1855 1665 1947 lecerat3
1690 1855 1750 1930 vel

579 1974 665 2069 quia
689 1973 870 2069 Virgilius,
906 1972 995 2048 idest
1034 1974 1127 2047 ratio
1162 1980 1242 2048 erat
1278 1973 1455 2068 animosa,
1484 1974 1549 2048 sed
1562 1964 1600 2064 (³)
1629 1974 1750 2075 passio

579 2092 849 2168 reformidabat.
875 2097 936 2165 Do
960 2101 1089 2184 questa.
1120 2093 1185 2167 Hic
1218 2093 1387 2188 Virgilius
1416 2092 1465 2167 ad
1493 2092 1750 2167 excutiendam

576 2212 805 2286 timiditatem
830 2210 877 2286 de
902 2216 1026 2287 mente
1051 2213 1190 2287 autoris
1210 2211 1361 2287 intendit
1380 2211 1569 2308 assignare
1585 2231 1752 2302 cansam,

580 2351 697 2424 quare
726 2331 867 2406 venerit
892 2331 939 2406 ad
964 2351 1052 2406 eum
1065 2319 1104 2423 ζ’)
1130 2337 1172 2405 ut
1192 2331 1311 2406 videat
1335 2329 1435 2424 qnod
1461 2349 1534 2404 non
1559 2331 1609 2404 ita
1636 2335 1753 2406 teme·

582 2470 635 2544 re,
661 2450 720 2524 vel
745 2451 883 2525 trustra
908 2451 1061 2526 venerit.
1087 2451 1131 2524 Et
1156 2452 1275 2546 primo
1300 2457 1481 2546 praeparat
1506 2457 1678 2525 autorem
1703 2451 1752 2524 ad

578 2568 797 2644 audiendam
824 2591 974 2644 causam
1001 2571 1142 2645 dicens:
1169 2574 1288 2643 dirotti
1306 2572 1473 2662 pcrcl'io
1502 2574 1616 2660 ocum,
1648 2571 1750 2665 idest,

579 2707 665 2786 qne
689 2708 800 2761 causa
826 2689 940 2762 movit
966 2709 1027 2763 me
1054 2689 1101 2763 ad
1132 2688 1353 2763 veniendum
1382 2709 1604 2764 succurrere
1632 2689 1753 2783 tibi,e

582 2806 662 2899 puel
682 2809 742 2878 cle
761 2809 871 2898 ’ntem
897 2809 1031 2882 scilicet
1056 2829 1080 2882 a
1104 2808 1271 2884 Beatrice
1298 2815 1420 2883 amata
1451 2814 1528 2901 tua,
1554 2811 1612 2882 net
1632 2812 1753 2901 puoso

574 2932 686 3019 ponto
710 2929 770 2998 cbc
794 2928 832 2998 di
855 2934 887 2999 te
910 2930 959 2999 mi
982 2931 1095 3018 dolos,
1121 2927 1222 3020 idest,
1247 2927 1395 3021 quando
1419 2927 1521 3022 prius
1549 2948 1598 3002 ex
1625 2929 1753 3003 dolore

580 3052 617 3120 et
642 3046 893 3140 compassione
918 3068 989 3143 ego
1014 3047 1160 3140 occurri
1177 3047 1240 3120 tibi
1258 3047 1295 3120 in
1313 3051 1438 3121 monte
1452 3036 1501 3138 (Β).
1527 3052 1569 3121 lo
1588 3069 1662 3120 ern.
1687 3047 1753 3121 Hic

580 3165 751 3263 Virgilius
776 3166 902 3242 volens
927 3167 1084 3261 probare
1109 3167 1209 3261 quod
1233 3168 1367 3242 Dentes
1391 3167 1437 3240 sit
1462 3167 1591 3242 babilis
1614 3174 1652 3240 at
1675 3166 1754 3241 sni·

580 3283 704 3360 ficiens
728 3284 775 3358 ad
800 3291 943 3358 tantum
969 3308 1072 3382 opus,
1094 3287 1177 3360 lacit
1203 3307 1288 3362 suas
1307 3287 1502 3381 orationes,
1516 3277 1555 3378 (θ)
1575 3294 1612 3362 et
1631 3286 1753 3381 incipit

579 3403 692 3478 ordiri
717 3403 864 3500 longam
890 3404 1063 3500 tabulam,
1090 3426 1218 3499 quare,
1241 3412 1278 3481 et
1303 3405 1489 3499 quomodo
1516 3405 1648 3480 missus
1672 3406 1755 3480 lue-

580 3522 626 3595 rit
639 3513 678 3613 (⁷)
703 3524 872 3618 primitus
896 3524 943 3598 ad
967 3545 1068 3599 eum.
1094 3525 1185 3599 Dicit
1209 3545 1319 3620 ergo:
1338 3527 1387 3615 io,
1408 3524 1544 3599 scilicet
1569 3524 1752 3621 Virgilius,

580 3664 645 3716 cro
670 3650 728 3716 tro
753 3647 850 3717 color
874 3646 934 3716 cte
957 3666 1022 3717 son
1045 3647 1186 3736 saepest
1216 3645 1293 3718 Hoc
1321 3649 1438 3738 potest
1467 3643 1616 3740 intelligi
1641 3644 1754 3718 bisto-

580 3762 666 3858 rioe,
692 3763 837 3856 scilicet,
864 3762 964 3856 quod
988 3763 1160 3860 Virgilius
1179 3770 1258 3838 erat
1279 3783 1477 3858 suspensus
1492 3763 1530 3837 in
1547 3763 1658 3838 limbo
1675 3765 1752 3839 sinc

579 3903 689 3978 poena
714 3887 750 3956 et
775 3883 852 3956 sine
884 3901 958 3976 spe,
984 3882 1077 3957 sicut
1101 3889 1200 3977 patet
1225 3883 1262 3956 in
1284 3882 1443 3977 capitulo
1459 3882 1516 3955 lV.
1542 3882 1607 3956 Vel
1632 3888 1750 3976 potest

580 4002 729 4097 intelligi
753 4002 960 4098 allegorice,
981 4002 1079 4096 quod
1100 4003 1195 4076 ratio
1214 4001 1338 4076 Dentis
1359 4000 1423 4074 diu
1440 4002 1560 4075 inerat
1577 4020 1752 4095 suspensa

580 4130 618 4196 et
642 4122 752 4196 dubia
782 4128 908 4195 utrum
938 4123 1205 4218 aggrederetur
1234 4129 1377 4197 mutum
1405 4143 1510 4215 opus,
1542 4127 1583 4195 nt
1612 4121 1751 4196 dctum

580 4249 654 4336 est3
680 4243 743 4318 sed
769 4244 915 4317 Beatrir
941 4243 1055 4316 movit
1079 4265 1178 4318 eum.
1205 4243 1276 4318 Sed
1300 4264 1385 4337 quae
1410 4249 1464 4318 est
1489 4242 1557 4316 ista
1581 4241 1753 4317 Beatrixi

580 4361 633 4436 Ad
657 4364 727 4437 boc
752 4363 939 4438 sciendum
966 4369 1021 4438 est
1046 4362 1144 4458 quod
1169 4363 1237 4437 ista
1262 4363 1409 4438 beatrix
1431 4360 1577 4436 realiter
1602 4369 1639 4436 et
1664 4381 1753 4436 vere

585 4498 770 4509 n———-

641 4549 669 4612 (¹)
685 4550 711 4601 S.
728 4550 842 4602 iubeam.
1171 4555 1198 4616 (¹)
1214 4554 1245 4604 B.
1261 4554 1370 4603 latinum
1387 4557 1490 4615 poetam
1507 4550 1665 4614 persecurus

642 4626 669 4688 (¹)
686 4627 717 4676 E.
734 4627 778 4676 sed
796 4627 900 4688 Dentes,
917 4630 982 4679 idest
999 4633 1090 4693 passio

643 4700 669 4760 (¹)
686 4706 740 4761 llo,
757 4703 789 4751 ad
805 4715 875 4754 cnm.
894 4704 927 4754 Et
944 4707 1028 4767 primo
1045 4713 1181 4770 preparat.

643 4779 670 4840 (⁸)
686 4777 717 4827 R
735 4783 831 4838 moute,
849 4783 879 4828 nt
895 4782 977 4842 patuit
992 4784 1018 4832 in
1034 4789 1113 4833 cantu
1129 4784 1293 4846 procedenti.

642 4850 668 4912 (Ἴ
684 4852 710 4902 S.
727 4853 847 4903 rationes.
1176 4858 1201 4918 (⁷)
1220 4863 1273 4918 llo,
1290 4858 1370 4909 lmrit
1385 4858 1418 4908 td
1434 4870 1504 4909 enm.
