4154 6546
856 786 994 845 omnus
1019 791 1201 846 seramus
1547 780 1616 846 263

448 952 531 1013 eom
550 935 738 1011 nominant
755 936 952 1010 voluerunt
969 935 1056 1009 nihil
1072 955 1179 1030 posse
1195 955 1262 1009 sua
1277 936 1323 1030 vi,
1336 936 1398 1011 sed
1414 937 1617 1012 ministram

447 1056 585 1133 decreti
601 1065 639 1130 et
654 1054 784 1130 divium
801 1054 1047 1148 providentiae.
1069 1055 1171 1130 Unde
1188 1056 1394 1130 luvenalis:
1412 1060 1476 1131 sed
1491 1065 1521 1130 te
1538 1063 1619 1132 Non

444 1179 594 1267 sucinos
607 1177 755 1267 fortino
771 1178 884 1247 Doom
904 1177 1056 1265 coloque
1076 1177 1242 1265 locamus,
1261 1175 1364 1268 quusi
1390 1175 1506 1250 dicat:
1531 1197 1617 1253 curn

447 1285 580 1385 nihilt¹i
593 1293 672 1369 scis.
688 1295 785 1389 Ergo
802 1294 897 1366 bene
912 1293 997 1369 dicit
1012 1299 1137 1367 autor:
1159 1298 1297 1383 mesto,
1309 1294 1443 1368 scilicet
1459 1295 1619 1388 fortuna,
1777 1296 1782 1306 '

447 1413 524 1489 sive
548 1414 594 1487 sit
618 1414 667 1487 ab
691 1413 878 1487 influentia
907 1412 1018 1505 orbis,
1047 1413 1124 1487 sive
1153 1413 1396 1508 intelligentiae
1425 1416 1617 1508 moventis,

447 1533 524 1607 sive
542 1532 590 1606 ab
608 1541 780 1624 utroque,
798 1540 841 1605 ut
856 1531 969 1624 aliqui
986 1531 1125 1624 volunt,
1139 1531 1216 1606 sive
1231 1533 1280 1605 ab
1296 1533 1372 1627 ipsa
1394 1534 1618 1627 prouidentia

449 1650 669 1743 immediate,
690 1652 860 1742 procede,
884 1649 1004 1724 dando
1036 1649 1172 1743 cuique
1196 1650 1294 1744 quod
1326 1653 1507 1747 convenit,
1536 1653 1622 1728 licet

449 1789 516 1845 nos
537 1769 751 1865 ignoremus
761 1793 771 1863 3
783 1771 938 1861 modico,
951 1768 1000 1843 ita
1019 1768 1118 1861 quod
1135 1768 1222 1842 nihil
1239 1776 1294 1843 est
1310 1770 1456 1845 causale
1467 1762 1516 1864 (¹),
1530 1771 1616 1865 imo,

452 1895 493 1963 ut
517 1888 607 1963 dixit
626 1889 739 1982 Plato,
766 1887 853 1962 nihil
878 1887 917 1962 fit
941 1888 1048 1962 cuius
1073 1894 1197 1962 ortum
1220 1888 1384 1984 legitima
1409 1911 1520 1965 causa
1545 1911 1618 1966 non

450 2008 683 2103 precesserit3
696 2029 883 2101 prosepue,
901 2007 993 2082 idest
1013 2006 1163 2082 mandat
1179 2008 1395 2084 seutentiam
1413 2010 1617 2085 executioni

448 2129 651 2209 secuudum
677 2135 901 2224 praeceptum
918 2118 953 2219 (³)
981 2127 1216 2221 providentiae
1241 2128 1369 2202 aetcrni
1393 2129 1538 2223 iudicis,
1554 2152 1619 2204 sao

449 2268 574 2340 roano,
599 2248 691 2323 idest
715 2253 932 2344 potestatem
957 2247 1035 2321 sive
1059 2246 1320 2322 iurisditionem
1346 2249 1617 2344 temporalium,

451 2386 616 2460 quorum
642 2367 790 2442 fortuna
814 2372 870 2443 eet
894 2366 1062 2459 domiua3
1089 2371 1125 2440 et
1150 2365 1235 2439 dicit
1259 2386 1282 2439 a
1307 2366 1425 2461 simili,
1451 2389 1547 2442 come
1569 2373 1620 2460 pe·

450 2488 534 2560 altri
557 2490 637 2577 M,
662 2485 752 2561 idest
778 2486 932 2580 planete
958 2486 1021 2579 qui
1046 2486 1262 2560 colebantur
1276 2472 1312 2577 (⁸)
1340 2506 1407 2580 pro
1432 2486 1499 2560 diis
1522 2488 1621 2582 apud

451 2624 623 2702 paganos,
641 2607 699 2681 vel
715 2606 795 2680 dic:
822 2605 916 2680 sicut
935 2605 1179 2700 intelligentie
1203 2604 1280 2679 sive
1304 2604 1424 2701 angeli
1442 2606 1505 2699 qui
1522 2626 1619 2701 stupe

448 2726 678 2820 appellantur
702 2725 752 2798 dii
776 2726 813 2798 in
837 2745 943 2800 sacra
974 2722 1173 2819 Scriptura,
1203 2728 1217 2797 i
1245 2726 1338 2815 loro,
1369 2724 1460 2799 idest
1488 2745 1619 2800 eorum

449 2864 564 2938 regnu
595 2849 632 2916 et
663 2848 858 2937 potestates
890 2850 1184 2938 prosequuntur3
1217 2849 1254 2918 et
1282 2842 1367 2918 dicit
1391 2842 1487 2918 idem
1518 2844 1619 2937 quod

449 2985 561 3058 supra
571 2957 624 3058 (⁵),
637 2964 700 3037 ubi
712 2963 820 3038 dixit:
833 2967 1065 3054 menone,
1082 2963 1185 3057 quasi
1199 2962 1295 3037 dicat
1307 2962 1406 3055 quod
1423 2962 1517 3036 sicut
1536 2985 1618 3037 mo-

450 3091 548 3158 tores
573 3087 724 3157 movent
748 3082 867 3176 orbes,
892 3083 942 3158 ita
967 3082 1154 3157 influentia
1179 3081 1262 3155 coeli
1289 3088 1412 3155 movet
1437 3081 1505 3156 ista
1529 3082 1620 3156 inie-

450 3205 549 3279 riora
573 3222 658 3296 quae
682 3202 830 3277 fortuna
851 3209 920 3296 est,
937 3223 1051 3296 quam
1077 3201 1187 3276 etiam
1212 3200 1343 3296 pagani
1369 3200 1536 3275 colebant
1551 3220 1620 3295 pro

449 3323 536 3398 Dea.
563 3321 666 3399 Unde
690 3322 850 3395 multum
875 3321 992 3396 miror
1022 3321 1069 3396 de
1098 3320 1280 3414 aliquibus
1309 3318 1374 3414 qni
1404 3318 1463 3394 hic
1493 3319 1622 3393 multi·
1725 3354 1727 3359 v

451 3442 584 3537 plicant
601 3440 714 3517 verbu
730 3448 769 3515 et
783 3445 964 3515 conantur
983 3439 1179 3515 defendere
1194 3439 1333 3514 dietum
1349 3438 1503 3534 autoris,
1519 3440 1620 3514 reiut

449 3564 594 3639 siessot
611 3561 765 3637 dubium
789 3561 848 3635 vel
865 3570 1084 3654 erroneum3
1102 3560 1201 3635 unde
1216 3560 1352 3654 dicunt,
1371 3558 1470 3653 quod
1487 3579 1534 3633 ex
1552 3560 1621 3633 lroc

449 3702 522 3757 uon
546 3681 715 3776 sequitur
739 3680 839 3775 quod
863 3680 1090 3775 providentia
1106 3680 1325 3774 cuiusquam
1340 3682 1414 3754 don
1430 3679 1543 3775 possit
1562 3700 1623 3755 re-

449 3799 605 3875 iraenare
640 3816 775 3894 pravas
811 3799 1071 3895 cogitationen
1098 3799 1161 3874 sed
1193 3799 1315 3874 nescio
1347 3799 1472 3874 ridere
1504 3816 1621 3892 quare

448 3925 614 4013 oporteat
638 3918 735 3994 istud
760 3918 894 4011 dicere,
926 3918 1013 4012 quia
1044 3925 1154 3993 autor
1183 3940 1257 3993 uon
1289 3920 1370 3993 ruit
1402 3919 1525 3994 dicere
1553 3936 1622 3993 nec

448 4036 586 4132 aliqrdd
609 4037 705 4130 dicit,
731 4037 831 4131 quod
856 4036 1001 4113 fortuna
1023 4039 1134 4133 possit
1152 4039 1289 4132 aliquid
1313 4038 1350 4112 in
1374 4039 1540 4113 animum
1562 4040 1620 4114 rel

450 4155 608 4232 liberum
634 4156 842 4250 arbitrium,
867 4157 942 4231 imo
968 4158 1088 4231 solum
1114 4158 1226 4232 habet
1249 4158 1346 4233 vires
1365 4157 1463 4232 circa
1479 4163 1621 4254 tempo-

451 4273 541 4349 ralia
565 4275 673 4370 bona,
696 4296 857 4369 quorum
887 4276 1042 4349 mutatio
1068 4284 1123 4350 est
1152 4277 1295 4351 occulta
1326 4275 1412 4370 quia
1437 4277 1619 4371 ignorata3

451 4392 549 4468 unde
573 4395 689 4468 multa
706 4394 832 4468 lutura
855 4395 1101 4492 contingentia
1118 4404 1262 4490 possent
1280 4396 1386 4471 vitari
1403 4397 1462 4471 vel
1483 4397 1619 4472 mutari

448 4514 478 4585 si
504 4512 805 4609 providerentur,
832 4513 924 4588 sicut
948 4514 1033 4588 dicit
1058 4514 1278 4589 Tholomeus
1294 4520 1332 4588 et
1354 4512 1445 4610 llaly
1470 4530 1621 4591 comen-

472 4688 490 4714 ⁸
510 4739 537 4804 (¹)
552 4739 583 4791 B.
599 4740 667 4792 ntotl
683 4743 724 4792 eia.
1074 4740 1102 4804 (¹)
1118 4742 1149 4792 B.
1166 4694 1276 4791 cemele.

510 4814 537 4877 Fi
553 4818 611 4878 ma
624 4822 761 4882 mun.
1075 4816 1102 4881 (⁸)
1117 4814 1148 4868 n.
1165 4816 1338 4869 celebrantur.

510 4890 539 4954 l'i
554 4891 586 4944 R.
601 4893 672 4958 quod
688 4899 765 4959 mma
781 4894 852 4946 dixit.
