4154 6546
449 748 520 818 578
846 763 1047 818 counnruu
1072 761 1223 817 ruscum

447 907 626 982 maiorem
652 907 689 980 in
713 906 860 981 introitu
888 908 1056 1002 civitatis,
1074 927 1172 981 nunc
1188 926 1278 982 vero
1295 906 1398 1003 lingit
1418 927 1459 981 se
1475 907 1611 983 habere

448 1027 650 1101 marimum
678 1027 714 1100 in
739 1047 887 1102 accessu
913 1027 960 1102 ad
985 1028 1095 1104 istum
1113 1027 1311 1102 circulum:
1333 1046 1400 1121 per
1422 1027 1492 1101 hoc
1513 1027 1612 1101 enim

446 1146 581 1242 figurat
605 1145 704 1239 quod
729 1146 787 1221 hic
810 1154 864 1222 est
881 1146 1042 1221 maxima
1059 1147 1262 1241 difficultas
1281 1146 1365 1241 quia
1387 1146 1542 1222 materia
1560 1153 1615 1220 est

447 1266 553 1340 nimis
577 1267 756 1362 profunda
782 1275 818 1342 et
846 1267 983 1363 ardua,
1009 1289 1094 1342 nam
1121 1267 1292 1343 violentia
1324 1277 1379 1343 est
1411 1266 1614 1360 manifesta,

447 1387 690 1464 fraudulentia
715 1408 804 1463 vero
829 1388 983 1482 occulta,
1004 1394 1041 1464 et
1067 1388 1220 1463 materia
1238 1389 1304 1462 ista
1326 1408 1528 1482 numquam
1548 1387 1616 1461 tuit

447 1507 626 1603 descripta
650 1527 716 1602 per
741 1508 874 1602 alium,
899 1508 981 1582 ideo
1006 1508 1065 1582 hic
1091 1515 1145 1583 est
1170 1528 1262 1602 opus
1287 1508 1368 1581 totis
1394 1507 1533 1582 viribus
1559 1507 1616 1580 in·

447 1628 554 1723 genii.
576 1629 620 1701 Et
640 1627 759 1702 subdit
776 1648 993 1702 succursum
1015 1628 1148 1724 Virgilii
1166 1608 1377 1723 promptum
1394 1634 1522 1702 contra
1541 1634 1616 1703 ter-

448 1767 572 1821 rorem
589 1738 623 1840 (⁴)
652 1768 775 1843 suum,
800 1747 945 1823 dicens:
972 1769 1032 1821 ma
1056 1752 1087 1820 le
1114 1770 1174 1822 sue
1204 1752 1357 1821 mmocce
1381 1751 1429 1821 mi
1450 1752 1508 1842 scr
1533 1769 1615 1820 vcr-

446 1888 576 1958 popna.
604 1868 647 1940 Et
671 1868 729 1942 hic
756 1875 841 1942 nota
866 1868 965 1962 quod
991 1867 1161 1964 Virgilius
1192 1873 1319 1941 contra
1349 1866 1439 1942 alios
1464 1867 1615 1951 timores

447 1989 570 2064 Dantis
595 1990 685 2063 solet
709 1988 863 2082 adulari,
890 2009 1052 2083 monere,
1068 1990 1278 2082 consulere;
1296 1988 1355 2062 hic
1381 2008 1470 2063 vero
1496 1988 1616 2061 mina·

447 2113 509 2182 tur
535 2118 571 2184 et
596 2108 773 2202 exprobat
797 2107 876 2202 sihi,
896 2108 994 2202 quod
1019 2107 1100 2183 ideo
1117 2114 1225 2183 autor
1243 2107 1356 2203 tingit,
1374 2107 1460 2201 quia
1480 2106 1615 2181 amodo

447 2228 602 2303 debebat
628 2248 675 2303 en
700 2228 809 2325 longa
837 2229 1061 2323 experientia
1095 2227 1234 2303 audere
1264 2234 1300 2303 et
1328 2211 1423 2303 hene
1453 2247 1613 2322 sperare.
1704 2247 1707 2250 ·

448 2348 597 2423 Dicebat
628 2367 718 2443 ergo
756 2348 926 2444 Virgilius
955 2369 1041 2422 cum
1072 2347 1163 2424 iacie
1195 2348 1353 2442 turbata,
1388 2348 1504 2422 irata:
1538 2347 1614 2419 lut

449 2469 570 2563 miser,
597 2468 731 2563 infelix,
758 2469 846 2564 vilis,
872 2468 1119 2564 pusillanimis,
1146 2488 1335 2563 nunquam
1367 2467 1517 2543 habebis
1549 2469 1616 2541 ho-

449 2608 590 2683 norem,
617 2608 689 2662 non
716 2588 850 2662 lamam
881 2596 1107 2683 perpetuam,
1134 2610 1207 2663 non
1241 2589 1394 2685 gloriam
1424 2594 1615 2683 aeternam,

450 2713 486 2782 et
523 2704 722 2801 perdideris
759 2713 813 2782 tot
849 2707 1004 2803 labores,
1039 2715 1089 2782 tot
1123 2709 1270 2805 vigilias.
1302 2711 1429 2785 Nonne
1461 2707 1616 2783 deberes

449 2827 583 2901 amodo
611 2847 692 2901 esse
717 2826 839 2902 audax
869 2848 954 2901 cum
981 2828 1059 2924 jam
1084 2828 1296 2925 perveneris
1310 2821 1347 2922 (²)
1376 2829 1422 2904 ad
1453 2828 1615 2903 medium

450 2947 570 3042 operis
595 2947 756 3042 feliciter,
782 2954 818 3022 et
844 2968 883 3022 es
907 2949 958 3023 ita
979 2948 1073 3023 bene
1090 2948 1254 3025 eruditus
1271 2957 1308 3025 et
1324 2954 1511 3025 armatus?
1529 2947 1617 3042 quid

449 3087 540 3163 ergo
559 3073 633 3140 tam
651 3067 851 3142 enormiter
876 3066 991 3143 times.
1011 3068 1110 3143 Licet
1127 3069 1259 3144 videris
1274 3068 1428 3143 bestiam
1451 3069 1617 3165 peregri-

347 3216 350 3222 ·
449 3208 547 3281 nam,
561 3186 827 3283 retrogradam,
841 3208 914 3261 non
934 3194 1055 3263 tamen
1073 3193 1109 3263 te
1127 3187 1238 3283 linget
1255 3208 1340 3262 cum
1355 3209 1421 3263 ore
1440 3191 1616 3281 humano,

449 3326 517 3380 nec
542 3314 681 3404 punget
706 3328 791 3381 cum
826 3307 944 3382 cauda
972 3308 1212 3403 scorpionina,
1244 3329 1312 3383 nec
1345 3316 1381 3383 te
1413 3309 1544 3384 deiciet
1572 3308 1619 3384 de

449 3426 537 3500 sella
562 3426 789 3521 serpentina,
807 3447 881 3501 non
906 3427 1143 3502 suffocaberis
1168 3427 1205 3500 iu
1226 3427 1294 3503 ista
1313 3449 1410 3523 aqua
1431 3429 1515 3504 licet
1531 3448 1618 3524 pro·

450 3543 572 3639 lunda,
600 3544 691 3620 idest
725 3545 760 3619 in
790 3545 857 3619 ista
889 3547 1042 3622 materia
1075 3568 1148 3621 non
1179 3548 1342 3623 deficies:
1370 3547 1462 3624 vade
1492 3554 1530 3622 te
1554 3569 1619 3621 su-

451 3685 623 3762 spensum
649 3665 775 3759 bestia,
793 3657 959 3758 nonnel³l
987 3687 1057 3764 ego
1074 3674 1111 3742 te
1126 3668 1259 3743 tenebo
1277 3668 1370 3742 inter
1386 3667 1557 3743 brachia?
1574 3666 1617 3739 Et

451 3796 538 3862 nota
562 3785 661 3880 quod
685 3792 793 3860 autor
819 3807 892 3861 non
925 3787 1002 3862 vult
1030 3807 1096 3882 per
1124 3788 1193 3862 hoc
1210 3787 1309 3862 aliud
1333 3788 1525 3864 ostendere
1550 3787 1616 3863 nisi

452 3904 584 3980 sortem
616 3904 754 3980 luctam
788 3925 866 3979 suae
898 3907 1040 4000 mentis,
1066 3913 1108 3979 ut
1133 3907 1299 3982 ostendat
1323 3908 1516 3982 materiam
1541 3906 1617 3980 ior-

453 4030 538 4118 tem,
564 4031 602 4097 et
625 4045 691 4119 per
717 4045 944 4119 consequens
970 4032 1011 4098 ut
1035 4026 1201 4100 ostendat
1231 4027 1407 4101 maiorem
1444 4026 1628 4102 virtutem.

451 4164 569 4218 suam.
609 4142 693 4218 ldeo
731 4144 826 4219 bene
870 4144 954 4221 dicit
993 4145 1091 4240 quod
1128 4146 1347 4222 verecundia
1386 4146 1470 4222 vicit
1511 4168 1617 4242 eum,

451 4264 549 4338 unde
578 4263 684 4340 dicit:
716 4266 788 4357 cle,
821 4265 921 4360 idest,
953 4286 1036 4360 quae
1069 4266 1299 4361 verecundia,
1323 4270 1365 4360 sa
1395 4288 1498 4341 serm
1523 4270 1619 4363 sorte

450 4387 561 4458 loanni
593 4406 617 4457 a
645 4386 737 4457 ouon
767 4406 907 4477 sepnor.
937 4385 1040 4461 Unde
1063 4397 1149 4465 nota
1181 4387 1279 4482 quod
1310 4386 1530 4464 verecundia
1562 4398 1619 4465 est

450 4512 524 4578 tam
552 4503 654 4581 sortis
679 4512 716 4579 et
741 4506 884 4602 efficax,
902 4507 1000 4601 quod
1017 4527 1114 4602 saepe
1132 4506 1215 4583 lacit
1232 4507 1399 4583 timidum
1424 4507 1617 4605 audacem,

451 4629 488 4696 et
512 4622 650 4697 rictum
678 4625 867 4721 victorem,
884 4626 977 4701 sicut
1002 4628 1128 4721 pulcre
1149 4634 1273 4702 narrat
1294 4628 1409 4702 Julius
1429 4628 1555 4703 Celsus
1571 4627 1619 4703 de

514 4873 541 4936 (¹)
556 4872 582 4922 S.
599 4879 749 4927 tremorem.
935 4877 962 4941 (¹)
978 4877 1008 4929 tt
1024 4880 1134 4930 veneris.
1320 4878 1347 4942 Ρ)
1363 4879 1395 4930 lt.
1409 4892 1474 4932 num
1489 4890 1531 4932 ne.
