<?xml version="1.0" encoding="UTF-8"?>
<!DOCTYPE html PUBLIC "-//W3C//DTD XHTML 1.0 Transitional//EN"
    "http://www.w3.org/TR/xhtml1/DTD/xhtml1-transitional.dtd">
<html xmlns="http://www.w3.org/1999/xhtml" xml:lang="en" lang="en">
 <head>
  <title>
</title>
<meta http-equiv="Content-Type" content="text/html;charset=utf-8" />
  <meta name='ocr-system' content='tesseract 3.04.00' />
  <meta name='ocr-capabilities' content='ocr_page ocr_carea ocr_par ocr_line ocrx_word'/>
</head>
<body>
  <div class='ocr_page' id='page_1' title='image "./comentumsuperda00benvgoog_0113.png"; bbox 0 0 4154 6546; ppageno 0'>
   <div class='ocr_carea' id='block_1_1' title="bbox 581 759 1353 835">
    <p class='ocr_par' dir='ltr' id='par_1_1' title="bbox 581 759 1353 835">
     <span class='ocr_line' id='line_1_1' title="bbox 581 759 1353 835; baseline 0.008 -7"><span class='ocrx_word' id='word_1_1' title='bbox 581 759 631 828; x_wconf 83' lang='grc'>60</span> <span class='ocrx_word' id='word_1_2' title='bbox 974 776 1176 833; x_wconf 80' lang='lat' dir='ltr'>counnrrur</span> <span class='ocrx_word' id='word_1_3' title='bbox 1201 781 1353 835; x_wconf 77' lang='lat' dir='ltr'>rnrnnnr</span> 
     </span>
    </p>
   </div>
   <div class='ocr_carea' id='block_1_2' title="bbox 579 921 1753 1497">
    <p class='ocr_par' dir='ltr' id='par_1_2' title="bbox 579 921 1753 1497">
     <span class='ocr_line' id='line_1_2' title="bbox 579 921 1753 1023; baseline 0.007 -27"><span class='ocrx_word' id='word_1_4' title='bbox 579 921 651 996; x_wconf 88' lang='lat' dir='ltr'>Sed</span> <span class='ocrx_word' id='word_1_5' title='bbox 681 941 800 1015; x_wconf 84' lang='lat' dir='ltr'>quare</span> <span class='ocrx_word' id='word_1_6' title='bbox 828 929 938 997; x_wconf 91' lang='lat' dir='ltr'>autor</span> <span class='ocrx_word' id='word_1_7' title='bbox 966 930 1074 997; x_wconf 88' lang='lat' dir='ltr'>vocat</span> <span class='ocrx_word' id='word_1_8' title='bbox 1102 923 1242 998; x_wconf 89' lang='lat' dir='ltr'>ltaliam</span> <span class='ocrx_word' id='word_1_9' title='bbox 1274 924 1480 999; x_wconf 73' lang='lat' dir='ltr'>humilem?</span> <span class='ocrx_word' id='word_1_10' title='bbox 1506 926 1638 1002; x_wconf 85' lang='lat' dir='ltr'>Dicunt</span> <span class='ocrx_word' id='word_1_11' title='bbox 1669 930 1753 1023; x_wconf 88' lang='lat' dir='ltr'>qui-</span> 
     </span>
     <span class='ocr_line' id='line_1_3' title="bbox 580 1041 1753 1144; baseline 0.007 -28"><span class='ocrx_word' id='word_1_12' title='bbox 580 1042 665 1116; x_wconf 86' lang='lat' dir='ltr'>dam</span> <span class='ocrx_word' id='word_1_13' title='bbox 691 1041 790 1136; x_wconf 89' lang='lat' dir='ltr'>quod</span> <span class='ocrx_word' id='word_1_14' title='bbox 813 1041 915 1115; x_wconf 87' lang='lat' dir='ltr'>ltalia</span> <span class='ocrx_word' id='word_1_15' title='bbox 938 1042 1070 1117; x_wconf 87' lang='lat' dir='ltr'>dicitur</span> <span class='ocrx_word' id='word_1_16' title='bbox 1096 1044 1241 1118; x_wconf 87' lang='lat' dir='ltr'>humilis</span> <span class='ocrx_word' id='word_1_17' title='bbox 1270 1045 1419 1140; x_wconf 82' lang='lat' dir='ltr'>ironice,</span> <span class='ocrx_word' id='word_1_18' title='bbox 1449 1046 1541 1122; x_wconf 87' lang='lat' dir='ltr'>idest</span> <span class='ocrx_word' id='word_1_19' title='bbox 1570 1069 1636 1144; x_wconf 90' lang='lat' dir='ltr'>per</span> <span class='ocrx_word' id='word_1_20' title='bbox 1665 1070 1753 1124; x_wconf 76' lang='lat' dir='ltr'>con.</span> 
     </span>
     <span class='ocr_line' id='line_1_4' title="bbox 581 1161 1753 1259; baseline 0.009 -25"><span class='ocrx_word' id='word_1_21' title='bbox 581 1161 749 1257; x_wconf 87' lang='lat' dir='ltr'>trarium,</span> <span class='ocrx_word' id='word_1_22' title='bbox 766 1163 852 1256; x_wconf 87' lang='lat' dir='ltr'>quia</span> <span class='ocrx_word' id='word_1_23' title='bbox 869 1168 925 1236; x_wconf 86' lang='lat' dir='ltr'>est</span> <span class='ocrx_word' id='word_1_24' title='bbox 941 1162 1102 1236; x_wconf 82' lang='lat' dir='ltr'>maxime</span> <span class='ocrx_word' id='word_1_25' title='bbox 1119 1163 1287 1258; x_wconf 91' lang='lat' dir='ltr'>superba.</span> <span class='ocrx_word' id='word_1_26' title='bbox 1315 1164 1386 1242; x_wconf 90' lang='lat' dir='ltr'>Sed</span> <span class='ocrx_word' id='word_1_27' title='bbox 1411 1166 1526 1259; x_wconf 84' lang='lat' dir='ltr'>male3</span> <span class='ocrx_word' id='word_1_28' title='bbox 1553 1166 1627 1241; x_wconf 91' lang='lat' dir='ltr'>imo</span> <span class='ocrx_word' id='word_1_29' title='bbox 1644 1167 1753 1244; x_wconf 89' lang='lat' dir='ltr'>debet</span> 
     </span>
     <span class='ocr_line' id='line_1_5' title="bbox 580 1280 1752 1383; baseline 0.005 -28"><span class='ocrx_word' id='word_1_30' title='bbox 580 1280 661 1376; x_wconf 86' lang='lat' dir='ltr'>capi</span> <span class='ocrx_word' id='word_1_31' title='bbox 684 1281 832 1376; x_wconf 91' lang='lat' dir='ltr'>proprie</span> <span class='ocrx_word' id='word_1_32' title='bbox 855 1281 951 1355; x_wconf 91' lang='lat' dir='ltr'>sicut</span> <span class='ocrx_word' id='word_1_33' title='bbox 974 1282 1079 1355; x_wconf 88' lang='lat' dir='ltr'>litera</span> <span class='ocrx_word' id='word_1_34' title='bbox 1109 1289 1224 1377; x_wconf 86' lang='lat' dir='ltr'>sonat,</span> <span class='ocrx_word' id='word_1_35' title='bbox 1242 1283 1330 1376; x_wconf 87' lang='lat' dir='ltr'>quia</span> <span class='ocrx_word' id='word_1_36' title='bbox 1355 1284 1424 1357; x_wconf 89' lang='lat' dir='ltr'>boc</span> <span class='ocrx_word' id='word_1_37' title='bbox 1450 1283 1544 1359; x_wconf 91' lang='lat' dir='ltr'>idem</span> <span class='ocrx_word' id='word_1_38' title='bbox 1572 1285 1659 1361; x_wconf 88' lang='lat' dir='ltr'>dicit</span> <span class='ocrx_word' id='word_1_39' title='bbox 1674 1287 1752 1383; x_wconf 85' lang='lat' dir='ltr'>ipse</span> 
     </span>
     <span class='ocr_line' id='line_1_6' title="bbox 581 1396 1514 1497; baseline 0.006 -26"><span class='ocrx_word' id='word_1_40' title='bbox 581 1399 751 1497; x_wconf 84' lang='lat' dir='ltr'>Virgilius</span> <span class='ocrx_word' id='word_1_41' title='bbox 776 1399 929 1474; x_wconf 86' lang='lat' dir='ltr'>Eneidos</span> <span class='ocrx_word' id='word_1_42' title='bbox 954 1400 1048 1474; x_wconf 90' lang='lat' dir='ltr'>libro</span> <span class='ocrx_word' id='word_1_43' title='bbox 1072 1401 1233 1476; x_wconf 89' lang='lat' dir='ltr'>secundo</span> <span class='ocrx_word' id='word_1_44' title='bbox 1246 1396 1296 1496; x_wconf 77' lang='lat'><strong>(¹),</strong></span> <span class='ocrx_word' id='word_1_45' title='bbox 1318 1402 1380 1476; x_wconf 93' lang='lat' dir='ltr'>ubi</span> <span class='ocrx_word' id='word_1_46' title='bbox 1406 1402 1514 1477; x_wconf 86' lang='lat' dir='ltr'>dicit:</span> 
     </span>
    </p>
   </div>
   <div class='ocr_carea' id='block_1_3' title="bbox 726 1567 1535 1758">
    <p class='ocr_par' dir='ltr' id='par_1_3' title="bbox 726 1567 1535 1758">
     <span class='ocr_line' id='line_1_7' title="bbox 730 1567 1535 1658; baseline 0.006 -22"><span class='ocrx_word' id='word_1_47' title='bbox 730 1619 1106 1638; x_wconf 90' lang='grc'><strong>...........</strong></span> <span class='ocrx_word' id='word_1_48' title='bbox 1133 1567 1357 1658; x_wconf 64' lang='lat' dir='ltr'>tumentem</span> <span class='ocrx_word' id='word_1_49' title='bbox 1382 1571 1535 1641; x_wconf 70' lang='lat' dir='ltr'>videm</span> 
     </span>
     <span class='ocr_line' id='line_1_8' title="bbox 726 1688 877 1758; baseline -0.007 -1"><span class='ocrx_word' id='word_1_50' title='bbox 726 1688 877 1758; x_wconf 81' lang='lat' dir='ltr'>ltaliam.</span> 
     </span>
    </p>
   </div>
   <div class='ocr_carea' id='block_1_4' title="bbox 553 1869 1751 4360">
    <p class='ocr_par' dir='ltr' id='par_1_4' title="bbox 553 1869 1751 4360">
     <span class='ocr_line' id='line_1_9' title="bbox 580 1869 1749 1974; baseline -0.003 -21"><span class='ocrx_word' id='word_1_51' title='bbox 580 1882 624 1953; x_wconf 84' lang='lat' dir='ltr'>Et</span> <span class='ocrx_word' id='word_1_52' title='bbox 647 1878 779 1953; x_wconf 90' lang='lat' dir='ltr'>dicitur</span> <span class='ocrx_word' id='word_1_53' title='bbox 803 1876 905 1949; x_wconf 91' lang='lat' dir='ltr'>ltalia</span> <span class='ocrx_word' id='word_1_54' title='bbox 930 1875 1088 1969; x_wconf 87' lang='lat' dir='ltr'>humilis,</span> <span class='ocrx_word' id='word_1_55' title='bbox 1105 1875 1197 1950; x_wconf 90' lang='lat' dir='ltr'>idest</span> <span class='ocrx_word' id='word_1_56' title='bbox 1220 1876 1328 1972; x_wconf 92' lang='lat' dir='ltr'>plana</span> <span class='ocrx_word' id='word_1_57' title='bbox 1354 1878 1412 1951; x_wconf 87' lang='lat' dir='ltr'>vel</span> <span class='ocrx_word' id='word_1_58' title='bbox 1437 1869 1567 1971; x_wconf 48' lang='lat' dir='ltr'>mollis}</span> <span class='ocrx_word' id='word_1_59' title='bbox 1595 1878 1749 1974; x_wconf 85' lang='lat' dir='ltr'>pinguis,</span> 
     </span>
     <span class='ocr_line' id='line_1_10' title="bbox 580 1993 1750 2092; baseline -0.002 -19"><span class='ocrx_word' id='word_1_60' title='bbox 580 1997 714 2091; x_wconf 86' lang='lat' dir='ltr'>suavis,</span> <span class='ocrx_word' id='word_1_61' title='bbox 739 1996 874 2089; x_wconf 86' lang='lat' dir='ltr'>lertilis,</span> <span class='ocrx_word' id='word_1_62' title='bbox 900 1993 1008 2088; x_wconf 87' lang='lat' dir='ltr'>mitis,</span> <span class='ocrx_word' id='word_1_63' title='bbox 1035 1994 1160 2089; x_wconf 85' lang='lat' dir='ltr'>dulcis,</span> <span class='ocrx_word' id='word_1_64' title='bbox 1186 1995 1394 2089; x_wconf 86' lang='lat' dir='ltr'>tractabilis,</span> <span class='ocrx_word' id='word_1_65' title='bbox 1414 2004 1456 2069; x_wconf 91' lang='lat' dir='ltr'>ut</span> <span class='ocrx_word' id='word_1_66' title='bbox 1475 2017 1542 2092; x_wconf 91' lang='lat' dir='ltr'>per</span> <span class='ocrx_word' id='word_1_67' title='bbox 1567 2017 1607 2071; x_wconf 92' lang='lat' dir='ltr'>se</span> <span class='ocrx_word' id='word_1_68' title='bbox 1632 2002 1750 2091; x_wconf 89' lang='lat' dir='ltr'>patet;</span> 
     </span>
     <span class='ocr_line' id='line_1_11' title="bbox 580 2113 1748 2213; baseline -0.003 -21"><span class='ocrx_word' id='word_1_69' title='bbox 580 2119 626 2192; x_wconf 86' lang='lat' dir='ltr'>de</span> <span class='ocrx_word' id='word_1_70' title='bbox 651 2117 757 2210; x_wconf 90' lang='lat' dir='ltr'>cujus</span> <span class='ocrx_word' id='word_1_71' title='bbox 773 2113 943 2188; x_wconf 86' lang='lat' dir='ltr'>laudibus</span> <span class='ocrx_word' id='word_1_72' title='bbox 960 2122 997 2188; x_wconf 95' lang='lat' dir='ltr'>et</span> <span class='ocrx_word' id='word_1_73' title='bbox 1013 2114 1264 2211; x_wconf 80' lang='lat' dir='ltr'>praerogativis</span> <span class='ocrx_word' id='word_1_74' title='bbox 1279 2114 1398 2189; x_wconf 89' lang='lat' dir='ltr'>dicam</span> <span class='ocrx_word' id='word_1_75' title='bbox 1419 2118 1527 2211; x_wconf 93' lang='lat' dir='ltr'>plene</span> <span class='ocrx_word' id='word_1_76' title='bbox 1544 2116 1748 2213; x_wconf 90' lang='lat' dir='ltr'>Purgatorii</span> 
     </span>
     <span class='ocr_line' id='line_1_12' title="bbox 553 2228 1750 2350; baseline -0.003 -39"><span class='ocrx_word' id='word_1_77' title='bbox 553 2236 736 2350; x_wconf 31' lang='lat' dir='ltr'>X*capitulo</span> <span class='ocrx_word' id='word_1_78' title='bbox 761 2234 817 2328; x_wconf 86' lang='lat' dir='ltr'>Vl,</span> <span class='ocrx_word' id='word_1_79' title='bbox 844 2241 882 2306; x_wconf 91' lang='lat' dir='ltr'>et</span> <span class='ocrx_word' id='word_1_80' title='bbox 906 2232 990 2306; x_wconf 89' lang='lat' dir='ltr'>alibi</span> <span class='ocrx_word' id='word_1_81' title='bbox 1016 2253 1122 2328; x_wconf 81' lang='lat' dir='ltr'>saepe.</span> <span class='ocrx_word' id='word_1_82' title='bbox 1148 2233 1193 2306; x_wconf 86' lang='lat' dir='ltr'>El</span> <span class='ocrx_word' id='word_1_83' title='bbox 1212 2233 1314 2308; x_wconf 87' lang='lat' dir='ltr'>dicit:</span> <span class='ocrx_word' id='word_1_84' title='bbox 1331 2256 1400 2327; x_wconf 85' lang='lat' dir='ltr'>per</span> <span class='ocrx_word' id='word_1_85' title='bbox 1416 2238 1471 2308; x_wconf 84' lang='lat' dir='ltr'>cui</span> <span class='ocrx_word' id='word_1_86' title='bbox 1486 2228 1599 2308; x_wconf 76' lang='lat' dir='ltr'>morlo</span> <span class='ocrx_word' id='word_1_87' title='bbox 1613 2239 1653 2313; x_wconf 81' lang='lat' dir='ltr'>¹la</span> <span class='ocrx_word' id='word_1_88' title='bbox 1670 2257 1750 2308; x_wconf 85' lang='lat' dir='ltr'>oer-</span> 
     </span>
     <span class='ocr_line' id='line_1_13' title="bbox 577 2352 1750 2458; baseline 0.001 -29"><span class='ocrx_word' id='word_1_89' title='bbox 577 2360 657 2448; x_wconf 77' lang='lat' dir='ltr'>ptne</span> <span class='ocrx_word' id='word_1_90' title='bbox 685 2357 831 2428; x_wconf 63' lang='lat' dir='ltr'>Gamala</span> <span class='ocrx_word' id='word_1_91' title='bbox 842 2380 857 2448; x_wconf 87' lang='lat'><em>;</em></span> <span class='ocrx_word' id='word_1_92' title='bbox 882 2373 949 2448; x_wconf 90' lang='lat' dir='ltr'>per</span> <span class='ocrx_word' id='word_1_93' title='bbox 973 2352 1044 2427; x_wconf 88' lang='lat' dir='ltr'>lroc</span> <span class='ocrx_word' id='word_1_94' title='bbox 1069 2353 1253 2458; x_wconf 90' lang='lat' dir='ltr'>signanter</span> <span class='ocrx_word' id='word_1_95' title='bbox 1278 2354 1434 2449; x_wconf 82' lang='lat' dir='ltr'>explicat</span> <span class='ocrx_word' id='word_1_96' title='bbox 1463 2356 1562 2450; x_wconf 90' lang='lat' dir='ltr'>quod</span> <span class='ocrx_word' id='word_1_97' title='bbox 1586 2355 1750 2450; x_wconf 91' lang='lat' dir='ltr'>loquitur</span> 
     </span>
     <span class='ocr_line' id='line_1_14' title="bbox 578 2472 1749 2569; baseline -0.001 -19"><span class='ocrx_word' id='word_1_98' title='bbox 578 2475 625 2550; x_wconf 91' lang='lat' dir='ltr'>de</span> <span class='ocrx_word' id='word_1_99' title='bbox 649 2476 709 2549; x_wconf 91' lang='lat' dir='ltr'>illa</span> <span class='ocrx_word' id='word_1_100' title='bbox 733 2481 838 2569; x_wconf 90' lang='lat' dir='ltr'>parte</span> <span class='ocrx_word' id='word_1_101' title='bbox 862 2472 985 2566; x_wconf 76' lang='lat' dir='ltr'>ltaliae,</span> <span class='ocrx_word' id='word_1_102' title='bbox 1012 2472 1074 2545; x_wconf 93' lang='lat' dir='ltr'>ubi</span> <span class='ocrx_word' id='word_1_103' title='bbox 1100 2479 1155 2546; x_wconf 89' lang='lat' dir='ltr'>est</span> <span class='ocrx_word' id='word_1_104' title='bbox 1171 2473 1306 2566; x_wconf 82' lang='lat' dir='ltr'>Roma3</span> <span class='ocrx_word' id='word_1_105' title='bbox 1325 2473 1558 2548; x_wconf 81' lang='lat' dir='ltr'>manifestum</span> <span class='ocrx_word' id='word_1_106' title='bbox 1579 2482 1635 2549; x_wconf 90' lang='lat' dir='ltr'>est</span> <span class='ocrx_word' id='word_1_107' title='bbox 1651 2476 1749 2550; x_wconf 92' lang='lat' dir='ltr'>euim</span> 
     </span>
     <span class='ocr_line' id='line_1_15' title="bbox 579 2591 1750 2690; baseline -0.001 -20"><span class='ocrx_word' id='word_1_108' title='bbox 579 2597 678 2690; x_wconf 91' lang='lat' dir='ltr'>quod</span> <span class='ocrx_word' id='word_1_109' title='bbox 703 2593 864 2686; x_wconf 85' lang='lat' dir='ltr'>Camilla,</span> <span class='ocrx_word' id='word_1_110' title='bbox 890 2598 928 2665; x_wconf 88' lang='lat' dir='ltr'>et</span> <span class='ocrx_word' id='word_1_111' title='bbox 952 2592 1008 2664; x_wconf 90' lang='lat' dir='ltr'>isti</span> <span class='ocrx_word' id='word_1_112' title='bbox 1032 2591 1219 2686; x_wconf 83' lang='lat' dir='ltr'>nominati,</span> <span class='ocrx_word' id='word_1_113' title='bbox 1240 2593 1353 2667; x_wconf 92' lang='lat' dir='ltr'>etalii</span> <span class='ocrx_word' id='word_1_114' title='bbox 1377 2595 1482 2667; x_wconf 87' lang='lat' dir='ltr'>multi</span> <span class='ocrx_word' id='word_1_115' title='bbox 1509 2595 1646 2669; x_wconf 92' lang='lat' dir='ltr'>mortui</span> <span class='ocrx_word' id='word_1_116' title='bbox 1665 2602 1750 2669; x_wconf 92' lang='lat' dir='ltr'>suut</span> 
     </span>
     <span class='ocr_line' id='line_1_16' title="bbox 579 2705 1748 2809; baseline 0 -21"><span class='ocrx_word' id='word_1_117' title='bbox 579 2734 647 2809; x_wconf 92' lang='lat' dir='ltr'>pro</span> <span class='ocrx_word' id='word_1_118' title='bbox 663 2719 768 2807; x_wconf 91' lang='lat' dir='ltr'>parte</span> <span class='ocrx_word' id='word_1_119' title='bbox 783 2708 967 2805; x_wconf 75' lang='lat' dir='ltr'>prodicta,</span> <span class='ocrx_word' id='word_1_120' title='bbox 984 2715 1021 2782; x_wconf 91' lang='lat' dir='ltr'>et</span> <span class='ocrx_word' id='word_1_121' title='bbox 1038 2710 1370 2785; x_wconf 81' lang='lat' dir='ltr'>manifestissimum</span> <span class='ocrx_word' id='word_1_122' title='bbox 1386 2705 1424 2805; x_wconf 87' lang='lat'>(¹)</span> <span class='ocrx_word' id='word_1_123' title='bbox 1442 2719 1497 2787; x_wconf 89' lang='lat' dir='ltr'>est</span> <span class='ocrx_word' id='word_1_124' title='bbox 1517 2713 1615 2807; x_wconf 90' lang='lat' dir='ltr'>quod</span> <span class='ocrx_word' id='word_1_125' title='bbox 1631 2715 1748 2788; x_wconf 89' lang='lat' dir='ltr'>Roma</span> 
     </span>
     <span class='ocr_line' id='line_1_17' title="bbox 581 2824 1748 2925; baseline 0.002 -18"><span class='ocrx_word' id='word_1_126' title='bbox 581 2832 742 2907; x_wconf 85' lang='lat' dir='ltr'>maxime</span> <span class='ocrx_word' id='word_1_127' title='bbox 755 2830 890 2925; x_wconf 84' lang='lat' dir='ltr'>indiget</span> <span class='ocrx_word' id='word_1_128' title='bbox 904 2829 1144 2922; x_wconf 83' lang='lat' dir='ltr'>reparatione,</span> <span class='ocrx_word' id='word_1_129' title='bbox 1152 2852 1236 2924; x_wconf 86' lang='lat' dir='ltr'>quae</span> <span class='ocrx_word' id='word_1_130' title='bbox 1249 2824 1565 2925; x_wconf 58' lang='lat' dir='ltr'>quodammodoff)</span> <span class='ocrx_word' id='word_1_131' title='bbox 1581 2840 1748 2909; x_wconf 89' lang='lat' dir='ltr'>matrona</span> 
     </span>
     <span class='ocr_line' id='line_1_18' title="bbox 578 2938 1749 3050; baseline 0.003 -25"><span class='ocrx_word' id='word_1_132' title='bbox 578 2958 720 3047; x_wconf 89' lang='lat' dir='ltr'>potens,</span> <span class='ocrx_word' id='word_1_133' title='bbox 745 2948 872 3044; x_wconf 89' lang='lat' dir='ltr'>regina</span> <span class='ocrx_word' id='word_1_134' title='bbox 896 2947 1062 3041; x_wconf 83' lang='lat' dir='ltr'>Urbium,</span> <span class='ocrx_word' id='word_1_135' title='bbox 1083 2969 1181 3023; x_wconf 91' lang='lat' dir='ltr'>nunc</span> <span class='ocrx_word' id='word_1_136' title='bbox 1197 2938 1233 3042; x_wconf 79' lang='lat'>(⁴)</span> <span class='ocrx_word' id='word_1_137' title='bbox 1259 2951 1350 3045; x_wconf 91' lang='lat' dir='ltr'>proh</span> <span class='ocrx_word' id='word_1_138' title='bbox 1375 2951 1496 3025; x_wconf 86' lang='lat' dir='ltr'>dolor!</span> <span class='ocrx_word' id='word_1_139' title='bbox 1522 2973 1590 3046; x_wconf 97' lang='lat' dir='ltr'>pro</span> <span class='ocrx_word' id='word_1_140' title='bbox 1614 2974 1749 3050; x_wconf 83' lang='lat' dir='ltr'>magua</span> 
     </span>
     <span class='ocr_line' id='line_1_19' title="bbox 579 3067 1749 3168; baseline 0 -23"><span class='ocrx_word' id='word_1_141' title='bbox 579 3077 684 3168; x_wconf 88' lang='lat' dir='ltr'>parte</span> <span class='ocrx_word' id='word_1_142' title='bbox 709 3076 764 3143; x_wconf 91' lang='lat' dir='ltr'>est</span> <span class='ocrx_word' id='word_1_143' title='bbox 788 3088 895 3142; x_wconf 91' lang='lat' dir='ltr'>serva</span> <span class='ocrx_word' id='word_1_144' title='bbox 921 3073 958 3141; x_wconf 91' lang='lat' dir='ltr'>et</span> <span class='ocrx_word' id='word_1_145' title='bbox 983 3067 1104 3144; x_wconf 90' lang='lat' dir='ltr'>sclava</span> <span class='ocrx_word' id='word_1_146' title='bbox 1129 3069 1306 3143; x_wconf 88' lang='lat' dir='ltr'>omnium.</span> <span class='ocrx_word' id='word_1_147' title='bbox 1333 3070 1378 3143; x_wconf 90' lang='lat' dir='ltr'>Et</span> <span class='ocrx_word' id='word_1_148' title='bbox 1403 3077 1488 3145; x_wconf 84' lang='lat' dir='ltr'>nota</span> <span class='ocrx_word' id='word_1_149' title='bbox 1517 3073 1616 3165; x_wconf 90' lang='lat' dir='ltr'>quod</span> <span class='ocrx_word' id='word_1_150' title='bbox 1641 3078 1749 3146; x_wconf 89' lang='lat' dir='ltr'>autor</span> 
     </span>
     <span class='ocr_line' id='line_1_20' title="bbox 578 3181 1747 3285; baseline -0.001 -19"><span class='ocrx_word' id='word_1_151' title='bbox 578 3191 660 3266; x_wconf 91' lang='lat' dir='ltr'>ideo</span> <span class='ocrx_word' id='word_1_152' title='bbox 672 3189 756 3264; x_wconf 85' lang='lat' dir='ltr'>lacit</span> <span class='ocrx_word' id='word_1_153' title='bbox 769 3187 993 3262; x_wconf 85' lang='lat' dir='ltr'>mentionem</span> <span class='ocrx_word' id='word_1_154' title='bbox 1006 3187 1052 3261; x_wconf 89' lang='lat' dir='ltr'>de</span> <span class='ocrx_word' id='word_1_155' title='bbox 1065 3187 1246 3262; x_wconf 87' lang='lat' dir='ltr'>mortibus</span> <span class='ocrx_word' id='word_1_156' title='bbox 1258 3188 1528 3285; x_wconf 71' lang='lat' dir='ltr'>praedictorum,</span> <span class='ocrx_word' id='word_1_157' title='bbox 1540 3199 1581 3265; x_wconf 92' lang='lat' dir='ltr'>ut</span> <span class='ocrx_word' id='word_1_158' title='bbox 1594 3192 1701 3266; x_wconf 89' lang='lat' dir='ltr'>tacite</span> <span class='ocrx_word' id='word_1_159' title='bbox 1712 3181 1747 3283; x_wconf 58' lang='grc' dir='ltr'>(ὓ)</span> 
     </span>
     <span class='ocr_line' id='line_1_21' title="bbox 577 3306 1749 3402; baseline -0.002 -17"><span class='ocrx_word' id='word_1_160' title='bbox 577 3311 706 3385; x_wconf 81' lang='lat' dir='ltr'>innuat</span> <span class='ocrx_word' id='word_1_161' title='bbox 739 3306 838 3402; x_wconf 89' lang='lat' dir='ltr'>quod</span> <span class='ocrx_word' id='word_1_162' title='bbox 875 3307 933 3380; x_wconf 86' lang='lat' dir='ltr'>hic</span> <span class='ocrx_word' id='word_1_163' title='bbox 958 3307 1125 3401; x_wconf 90' lang='lat' dir='ltr'>princeps</span> <span class='ocrx_word' id='word_1_164' title='bbox 1150 3307 1298 3382; x_wconf 81' lang='lat' dir='ltr'>iuturus</span> <span class='ocrx_word' id='word_1_165' title='bbox 1332 3308 1516 3402; x_wconf 78' lang='lat' dir='ltr'>reparabit</span> <span class='ocrx_word' id='word_1_166' title='bbox 1553 3330 1749 3383; x_wconf 91' lang='lat' dir='ltr'>romanum</span> 
     </span>
     <span class='ocr_line' id='line_1_22' title="bbox 578 3425 1751 3525; baseline -0.003 -20"><span class='ocrx_word' id='word_1_167' title='bbox 578 3429 787 3525; x_wconf 90' lang='lat' dir='ltr'>imperium,</span> <span class='ocrx_word' id='word_1_168' title='bbox 813 3427 913 3520; x_wconf 88' lang='lat' dir='ltr'>quod</span> <span class='ocrx_word' id='word_1_169' title='bbox 938 3426 1025 3500; x_wconf 93' lang='lat' dir='ltr'>olim</span> <span class='ocrx_word' id='word_1_170' title='bbox 1050 3425 1097 3498; x_wconf 94' lang='lat' dir='ltr'>ab</span> <span class='ocrx_word' id='word_1_171' title='bbox 1122 3426 1199 3520; x_wconf 88' lang='lat' dir='ltr'>ipso</span> <span class='ocrx_word' id='word_1_172' title='bbox 1231 3427 1405 3521; x_wconf 91' lang='lat' dir='ltr'>principio</span> <span class='ocrx_word' id='word_1_173' title='bbox 1436 3434 1492 3501; x_wconf 81' lang='lat' dir='ltr'>ert</span> <span class='ocrx_word' id='word_1_174' title='bbox 1527 3433 1626 3501; x_wconf 90' lang='lat' dir='ltr'>tanto</span> <span class='ocrx_word' id='word_1_175' title='bbox 1666 3449 1751 3502; x_wconf 91' lang='lat' dir='ltr'>sau·</span> 
     </span>
     <span class='ocr_line' id='line_1_23' title="bbox 578 3535 1749 3647; baseline 0 -25"><span class='ocrx_word' id='word_1_176' title='bbox 578 3550 691 3647; x_wconf 86' lang='lat' dir='ltr'>guine</span> <span class='ocrx_word' id='word_1_177' title='bbox 720 3555 866 3643; x_wconf 90' lang='lat' dir='ltr'>parturn</span> <span class='ocrx_word' id='word_1_178' title='bbox 885 3535 934 3638; x_wconf 53' lang='grc' dir='ltr'>(Β).</span> <span class='ocrx_word' id='word_1_179' title='bbox 961 3547 1015 3620; x_wconf 91' lang='lat' dir='ltr'>Ne</span> <span class='ocrx_word' id='word_1_180' title='bbox 1042 3552 1168 3619; x_wconf 88' lang='lat' dir='ltr'>autern</span> <span class='ocrx_word' id='word_1_181' title='bbox 1199 3545 1304 3620; x_wconf 86' lang='lat' dir='ltr'>litera</span> <span class='ocrx_word' id='word_1_182' title='bbox 1337 3553 1527 3622; x_wconf 87' lang='lat' dir='ltr'>remaneat</span> <span class='ocrx_word' id='word_1_183' title='bbox 1559 3548 1594 3619; x_wconf 88' lang='lat' dir='ltr'>in</span> <span class='ocrx_word' id='word_1_184' title='bbox 1626 3549 1749 3640; x_wconf 90' lang='lat' dir='ltr'>aliquo</span> 
     </span>
     <span class='ocr_line' id='line_1_24' title="bbox 581 3664 1748 3762; baseline -0.002 -19"><span class='ocrx_word' id='word_1_185' title='bbox 581 3669 692 3744; x_wconf 91' lang='lat' dir='ltr'>dubia</span> <span class='ocrx_word' id='word_1_186' title='bbox 709 3687 755 3741; x_wconf 84' lang='lat' dir='ltr'>ex</span> <span class='ocrx_word' id='word_1_187' title='bbox 774 3664 978 3762; x_wconf 83' lang='lat' dir='ltr'>ignorantia</span> <span class='ocrx_word' id='word_1_188' title='bbox 998 3664 1094 3757; x_wconf 85' lang='lat' dir='ltr'>lacti,</span> <span class='ocrx_word' id='word_1_189' title='bbox 1115 3665 1262 3760; x_wconf 87' lang='lat' dir='ltr'>longam</span> <span class='ocrx_word' id='word_1_190' title='bbox 1289 3665 1478 3740; x_wconf 88' lang='lat' dir='ltr'>historiam</span> <span class='ocrx_word' id='word_1_191' title='bbox 1498 3666 1602 3740; x_wconf 89' lang='lat' dir='ltr'>brevi</span> <span class='ocrx_word' id='word_1_192' title='bbox 1618 3688 1748 3741; x_wconf 93' lang='lat' dir='ltr'>narra-</span> 
     </span>
     <span class='ocr_line' id='line_1_25' title="bbox 580 3784 1747 3883; baseline -0.005 -17"><span class='ocrx_word' id='word_1_193' title='bbox 580 3791 678 3866; x_wconf 83' lang='lat' dir='ltr'>tione</span> <span class='ocrx_word' id='word_1_194' title='bbox 694 3786 950 3883; x_wconf 86' lang='lat' dir='ltr'>perstringam,</span> <span class='ocrx_word' id='word_1_195' title='bbox 967 3804 1051 3877; x_wconf 84' lang='lat' dir='ltr'>quae</span> <span class='ocrx_word' id='word_1_196' title='bbox 1068 3784 1279 3858; x_wconf 91' lang='lat' dir='ltr'>summatim</span> <span class='ocrx_word' id='word_1_197' title='bbox 1302 3785 1455 3881; x_wconf 86' lang='lat' dir='ltr'>attinget</span> <span class='ocrx_word' id='word_1_198' title='bbox 1475 3786 1747 3879; x_wconf 89' lang='lat' dir='ltr'>quodammodo</span> 
     </span>
     <span class='ocr_line' id='line_1_26' title="bbox 579 3902 1749 4000; baseline -0.006 -15"><span class='ocrx_word' id='word_1_199' title='bbox 579 3917 694 3985; x_wconf 87' lang='lat' dir='ltr'>totam</span> <span class='ocrx_word' id='word_1_200' title='bbox 720 3905 912 3979; x_wconf 84' lang='lat' dir='ltr'>materiam</span> <span class='ocrx_word' id='word_1_201' title='bbox 935 3902 1082 3998; x_wconf 86' lang='lat' dir='ltr'>Virgilii.</span> <span class='ocrx_word' id='word_1_202' title='bbox 1104 3904 1167 3977; x_wconf 83' lang='lat' dir='ltr'>Est</span> <span class='ocrx_word' id='word_1_203' title='bbox 1189 3924 1280 4000; x_wconf 91' lang='lat' dir='ltr'>ergo</span> <span class='ocrx_word' id='word_1_204' title='bbox 1305 3905 1505 3998; x_wconf 86' lang='lat' dir='ltr'>sciendum,</span> <span class='ocrx_word' id='word_1_205' title='bbox 1532 3906 1630 3999; x_wconf 91' lang='lat' dir='ltr'>quod</span> <span class='ocrx_word' id='word_1_206' title='bbox 1656 3906 1749 3980; x_wconf 87' lang='lat' dir='ltr'>sicut</span> 
     </span>
     <span class='ocr_line' id='line_1_27' title="bbox 579 4024 1748 4121; baseline -0.006 -15"><span class='ocrx_word' id='word_1_207' title='bbox 579 4029 703 4105; x_wconf 80' lang='lat' dir='ltr'>scribit</span> <span class='ocrx_word' id='word_1_208' title='bbox 721 4025 891 4121; x_wconf 87' lang='lat' dir='ltr'>Virgilius</span> <span class='ocrx_word' id='word_1_209' title='bbox 911 4024 971 4096; x_wconf 85' lang='lat' dir='ltr'>Vll</span> <span class='ocrx_word' id='word_1_210' title='bbox 990 4024 1163 4098; x_wconf 85' lang='lat' dir='ltr'>Eneidos:</span> <span class='ocrx_word' id='word_1_211' title='bbox 1191 4044 1257 4098; x_wconf 84' lang='lat' dir='ltr'>rex</span> <span class='ocrx_word' id='word_1_212' title='bbox 1283 4025 1432 4097; x_wconf 88' lang='lat' dir='ltr'>Latinus</span> <span class='ocrx_word' id='word_1_213' title='bbox 1455 4025 1533 4119; x_wconf 87' lang='lat' dir='ltr'>jam</span> <span class='ocrx_word' id='word_1_214' title='bbox 1556 4044 1669 4099; x_wconf 87' lang='lat' dir='ltr'>senex</span> <span class='ocrx_word' id='word_1_215' title='bbox 1688 4045 1748 4099; x_wconf 94' lang='lat' dir='ltr'>re-</span> 
     </span>
     <span class='ocr_line' id='line_1_28' title="bbox 578 4142 1749 4244; baseline -0.002 -24"><span class='ocrx_word' id='word_1_216' title='bbox 578 4149 689 4244; x_wconf 89' lang='lat' dir='ltr'>gebat</span> <span class='ocrx_word' id='word_1_217' title='bbox 723 4146 876 4240; x_wconf 91' lang='lat' dir='ltr'>populos</span> <span class='ocrx_word' id='word_1_218' title='bbox 899 4144 937 4217; x_wconf 93' lang='lat' dir='ltr'>in</span> <span class='ocrx_word' id='word_1_219' title='bbox 962 4163 1052 4238; x_wconf 92' lang='lat' dir='ltr'>pace</span> <span class='ocrx_word' id='word_1_220' title='bbox 1077 4142 1114 4216; x_wconf 92' lang='lat' dir='ltr'>in</span> <span class='ocrx_word' id='word_1_221' title='bbox 1139 4144 1303 4238; x_wconf 89' lang='lat' dir='ltr'>partibus</span> <span class='ocrx_word' id='word_1_222' title='bbox 1338 4143 1449 4217; x_wconf 87' lang='lat' dir='ltr'>ltaliae</span> <span class='ocrx_word' id='word_1_223' title='bbox 1482 4150 1649 4237; x_wconf 87' lang='lat' dir='ltr'>tempore</span> <span class='ocrx_word' id='word_1_224' title='bbox 1673 4164 1749 4238; x_wconf 82' lang='lat' dir='ltr'>quo</span> 
     </span>
     <span class='ocr_line' id='line_1_29' title="bbox 579 4263 1749 4360; baseline -0.003 -19"><span class='ocrx_word' id='word_1_225' title='bbox 579 4268 696 4341; x_wconf 86' lang='lat' dir='ltr'>Encas</span> <span class='ocrx_word' id='word_1_226' title='bbox 713 4266 891 4360; x_wconf 85' lang='lat' dir='ltr'>Trojanus</span> <span class='ocrx_word' id='word_1_227' title='bbox 915 4265 1034 4360; x_wconf 93' lang='lat' dir='ltr'>primo</span> <span class='ocrx_word' id='word_1_228' title='bbox 1059 4263 1230 4358; x_wconf 87' lang='lat' dir='ltr'>applicuit</span> <span class='ocrx_word' id='word_1_229' title='bbox 1246 4263 1292 4336; x_wconf 86' lang='lat' dir='ltr'>ad</span> <span class='ocrx_word' id='word_1_230' title='bbox 1309 4263 1492 4358; x_wconf 82' lang='lat' dir='ltr'>Tyberim.</span> <span class='ocrx_word' id='word_1_231' title='bbox 1510 4263 1575 4337; x_wconf 90' lang='lat' dir='ltr'>Hic</span> <span class='ocrx_word' id='word_1_232' title='bbox 1599 4265 1749 4338; x_wconf 86' lang='lat' dir='ltr'>carebat</span> 
     </span>
    </p>
   </div>
   <div class='ocr_carea' id='block_1_5' title="bbox 579 4372 1749 4480">
    <p class='ocr_par' dir='ltr' id='par_1_5' title="bbox 579 4372 1749 4480">
     <span class='ocr_line' id='line_1_30' title="bbox 579 4372 1749 4480; baseline -0.004 -18"><span class='ocrx_word' id='word_1_233' title='bbox 579 4387 741 4462; x_wconf 88' lang='lat' dir='ltr'>mascula</span> <span class='ocrx_word' id='word_1_234' title='bbox 766 4385 892 4480; x_wconf 90' lang='lat' dir='ltr'>prole;</span> <span class='ocrx_word' id='word_1_235' title='bbox 919 4384 1075 4458; x_wconf 88' lang='lat' dir='ltr'>habebat</span> <span class='ocrx_word' id='word_1_236' title='bbox 1088 4372 1125 4475; x_wconf 82' lang='lat'>(⁷)</span> <span class='ocrx_word' id='word_1_237' title='bbox 1159 4383 1306 4456; x_wconf 87' lang='lat' dir='ltr'>unicam</span> <span class='ocrx_word' id='word_1_238' title='bbox 1336 4381 1446 4455; x_wconf 86' lang='lat' dir='ltr'>filiam</span> <span class='ocrx_word' id='word_1_239' title='bbox 1475 4382 1656 4478; x_wconf 84' lang='lat' dir='ltr'>virginem</span> <span class='ocrx_word' id='word_1_240' title='bbox 1682 4403 1749 4457; x_wconf 93' lang='lat' dir='ltr'>no—</span> 
     </span>
    </p>
   </div>
   <div class='ocr_carea' id='block_1_6' title="bbox 641 4651 1631 4715">
    <p class='ocr_par' dir='ltr' id='par_1_6' title="bbox 641 4651 1631 4715">
     <span class='ocr_line' id='line_1_31' title="bbox 641 4651 1631 4715; baseline -0.001 -12"><span class='ocrx_word' id='word_1_241' title='bbox 641 4654 668 4712; x_wconf 81' lang='lat'>(¹)</span> <span class='ocrx_word' id='word_1_242' title='bbox 684 4653 709 4702; x_wconf 86' lang='lat' dir='ltr'>S.</span> <span class='ocrx_word' id='word_1_243' title='bbox 725 4665 741 4703; x_wconf 82' lang='grc' dir='ltr'><strong>ο</strong></span> <span class='ocrx_word' id='word_1_244' title='bbox 759 4656 812 4709; x_wconf 82' lang='lat' dir='ltr'>llo.</span> <span class='ocrx_word' id='word_1_245' title='bbox 829 4654 954 4703; x_wconf 80' lang='lat' dir='ltr'>tertio·</span> <span class='ocrx_word' id='word_1_246' title='bbox 965 4653 996 4702; x_wconf 79' lang='lat' dir='ltr'>E.</span> <span class='ocrx_word' id='word_1_247' title='bbox 1014 4652 1083 4703; x_wconf 87' lang='lat' dir='ltr'>libro</span> <span class='ocrx_word' id='word_1_248' title='bbox 1099 4654 1193 4715; x_wconf 87' lang='lat' dir='ltr'>primo.</span> <span class='ocrx_word' id='word_1_249' title='bbox 1319 4651 1387 4713; x_wconf 73' lang='lat' dir='ltr'>l&#39;l&#39;s.</span> <span class='ocrx_word' id='word_1_250' title='bbox 1403 4651 1567 4703; x_wconf 77' lang='lat' dir='ltr'>manllestum</span> <span class='ocrx_word' id='word_1_251' title='bbox 1583 4656 1631 4702; x_wconf 75' lang='lat' dir='ltr'>ert.</span> 
     </span>
    </p>
   </div>
   <div class='ocr_carea' id='block_1_7' title="bbox 642 4729 1651 4868">
    <p class='ocr_par' dir='ltr' id='par_1_7' title="bbox 642 4729 1651 4868">
     <span class='ocr_line' id='line_1_32' title="bbox 642 4729 1429 4793; baseline 0 -13"><span class='ocrx_word' id='word_1_252' title='bbox 642 4729 667 4789; x_wconf 69' lang='lat'>(³)</span> <span class='ocrx_word' id='word_1_253' title='bbox 685 4733 730 4779; x_wconf 79' lang='lat' dir='ltr'>tlt</span> <span class='ocrx_word' id='word_1_254' title='bbox 746 4741 762 4777; x_wconf 83' lang='lat' dir='ltr'>c</span> <span class='ocrx_word' id='word_1_255' title='bbox 778 4729 809 4777; x_wconf 83' lang='lat' dir='ltr'>E.</span> <span class='ocrx_word' id='word_1_256' title='bbox 827 4729 1038 4792; x_wconf 73' lang='lat' dir='ltr'>quondum-S.</span> <span class='ocrx_word' id='word_1_257' title='bbox 1054 4743 1112 4793; x_wconf 79' lang='lat' dir='ltr'>quar</span> <span class='ocrx_word' id='word_1_258' title='bbox 1130 4734 1220 4780; x_wconf 79' lang='lat' dir='ltr'>contra</span> <span class='ocrx_word' id='word_1_259' title='bbox 1236 4730 1287 4782; x_wconf 83' lang='lat' dir='ltr'>suit</span> <span class='ocrx_word' id='word_1_260' title='bbox 1302 4735 1429 4781; x_wconf 68' lang='lat' dir='ltr'>mamam.</span> 
     </span>
     <span class='ocr_line' id='line_1_33' title="bbox 642 4802 1651 4868; baseline -0.002 -14"><span class='ocrx_word' id='word_1_261' title='bbox 642 4804 668 4863; x_wconf 60' lang='grc' dir='ltr'>Ρ)</span> <span class='ocrx_word' id='word_1_262' title='bbox 684 4802 709 4854; x_wconf 84' lang='lat' dir='ltr'>S.</span> <span class='ocrx_word' id='word_1_263' title='bbox 725 4816 796 4852; x_wconf 85' lang='lat' dir='ltr'>nunc</span> <span class='ocrx_word' id='word_1_264' title='bbox 813 4815 883 4853; x_wconf 79' lang='lat' dir='ltr'>vero.</span> <span class='ocrx_word' id='word_1_265' title='bbox 1320 4804 1349 4868; x_wconf 80' lang='lat'>(¹)</span> <span class='ocrx_word' id='word_1_266' title='bbox 1366 4804 1397 4854; x_wconf 81' lang='lat' dir='ltr'>ll.</span> <span class='ocrx_word' id='word_1_267' title='bbox 1415 4809 1445 4855; x_wconf 90' lang='lat' dir='ltr'>ut</span> <span class='ocrx_word' id='word_1_268' title='bbox 1461 4808 1536 4856; x_wconf 77' lang='lat' dir='ltr'>caute</span> <span class='ocrx_word' id='word_1_269' title='bbox 1553 4803 1651 4853; x_wconf 79' lang='lat' dir='ltr'>innuat.</span> 
     </span>
    </p>
   </div>
   <div class='ocr_carea' id='block_1_8' title="bbox 642 4877 1746 4943">
    <p class='ocr_par' dir='ltr' id='par_1_8' title="bbox 642 4877 1746 4943">
     <span class='ocr_line' id='line_1_34' title="bbox 642 4877 1746 4943; baseline -0.002 -12"><span class='ocrx_word' id='word_1_270' title='bbox 642 4881 668 4940; x_wconf 64' lang='grc' dir='ltr'>θ)</span> <span class='ocrx_word' id='word_1_271' title='bbox 684 4879 710 4931; x_wconf 82' lang='lat' dir='ltr'>S.</span> <span class='ocrx_word' id='word_1_272' title='bbox 727 4885 852 4942; x_wconf 82' lang='lat' dir='ltr'>emptum.</span> <span class='ocrx_word' id='word_1_273' title='bbox 1320 4880 1400 4943; x_wconf 67' lang='lat'>08„</span> <span class='ocrx_word' id='word_1_274' title='bbox 1419 4881 1450 4931; x_wconf 82' lang='lat' dir='ltr'>ll.</span> <span class='ocrx_word' id='word_1_275' title='bbox 1466 4894 1482 4932; x_wconf 77' lang='grc' dir='ltr'><strong>ο</strong></span> <span class='ocrx_word' id='word_1_276' title='bbox 1499 4885 1552 4939; x_wconf 78' lang='lat' dir='ltr'>llo,</span> <span class='ocrx_word' id='word_1_277' title='bbox 1570 4879 1614 4930; x_wconf 79' lang='lat' dir='ltr'>red</span> <span class='ocrx_word' id='word_1_278' title='bbox 1630 4877 1746 4929; x_wconf 72' lang='lat' dir='ltr'>babebat.</span> 
     </span>
    </p>
   </div>
   <div class='ocr_carea' id='block_1_9' title="bbox 0 0 2082 6546">
    <p class='ocr_par' dir='ltr' id='par_1_9' title="bbox 0 0 2082 6546">
     <span class='ocr_line' id='line_1_35' title="bbox 0 0 2082 6546; baseline 0 0"><span class='ocrx_word' id='word_1_279' title='bbox 0 0 2082 6546; x_wconf 95' lang='lat' dir='ltr'> </span> 
     </span>
    </p>
   </div>
  </div>
 </body>
</html>
