4154 6546
564 778 633 845 290
957 784 1160 844 conduntur
1184 787 1333 841 mrnnru

562 933 701 1008 accidet
725 932 940 1025 priusquam
960 940 1063 1025 optes
1088 932 1146 1005 vei
1170 931 1310 1025 credas,
1336 936 1373 1005 et
1389 929 1441 1005 sio
1457 929 1604 1006 accidit:
1622 930 1672 1005 sic
1688 924 1724 1020 di

560 1053 702 1127 dicebat
727 1050 873 1125 Boetius
898 1051 996 1146 exul,
1022 1056 1059 1124 et
1084 1050 1153 1125 hoc
1178 1050 1407 1126 verificatum
1430 1059 1485 1126 est
1500 1049 1539 1124 in
1555 1055 1725 1142 utroque.

561 1173 652 1246 Nam
678 1171 707 1243 si
733 1170 879 1245 Boetius
904 1189 977 1242 non
1002 1168 1128 1245 suisset
1153 1170 1337 1266 relegatus
1362 1188 1428 1263 per
1449 1168 1651 1264 superbum
1667 1188 1728 1243 re·

561 1311 646 1387 gem
672 1291 889 1383 Gothorum,
915 1308 988 1363 non
1011 1288 1152 1363 fecisset
1181 1310 1273 1383 opns
1307 1300 1382 1366 tam
1415 1288 1535 1363 nobile
1564 1295 1603 1363 et
1628 1289 1728 1381 utile,

561 1409 661 1504 quod
685 1410 751 1482 snit
784 1408 908 1483 multis
936 1428 1048 1484 cansa
1077 1407 1329 1484 oonsoiationis
1358 1407 1395 1481 in
1428 1407 1664 1483 tribulatione
1691 1417 1728 1483 et

560 1528 830 1623 desperatione3
858 1548 925 1602 nec
949 1528 1083 1602 hiantes
1108 1527 1174 1601 nisi
1200 1527 1363 1602 similiter
1387 1547 1514 1620 passus
1531 1533 1628 1601 esset
1643 1546 1728 1620 per·

561 1647 783 1725 secutionem
811 1648 1055 1741 superborum
1073 1646 1214 1721 iecisset
1230 1667 1323 1740 opus
1341 1658 1414 1724 tam
1434 1646 1611 1738 mirabile,
1629 1645 1727 1739 quod

560 1766 628 1842 snit
652 1788 764 1841 cansa
788 1766 1023 1842 porrectionis
1039 1765 1103 1839 sibi
1130 1775 1167 1841 et
1191 1765 1279 1840 aiiis.
1299 1765 1401 1839 Unde
1417 1764 1447 1838 si
1465 1771 1622 1857 uterque
1638 1764 1728 1839 iuis-

560 1895 615 1962 set
639 1885 907 1981 interrogatus:
934 1884 1044 1958 velles
1069 1890 1108 1957 tu
1134 1903 1338 1977 numquam
1356 1883 1466 1957 inisse
1486 1886 1661 1979 expulsus
1676 1875 1726 1974 (²),

560 2019 633 2079 non
650 2005 776 2081 dubito
794 2004 893 2097 quod
910 2003 1151 2097 respondisset
1165 1993 1222 2093 (³):
1246 2003 1345 2076 unito
1363 2002 1645 2094 modo-opo
1661 1996 1724 2077 oid.

560 2125 623 2199 liic
649 2136 757 2201 autor
782 2125 881 2219 ponit
906 2124 1078 2200 edoctum
1096 2143 1173 2195 suae
1189 2121 1390 2215 optationis,
1408 2121 1531 2209 dicens
1548 2123 1666 2197 ctare:
1685 2127 1725 2195 to

560 2246 632 2317 vidi
654 2247 737 2336 dtpo
762 2236 828 2334 oid,
855 2243 945 2319 idest
969 2243 1183 2337 paulopost
1208 2241 1274 2319 ista
1300 2241 1412 2315 verba
1438 2240 1529 2317 taum
1552 2241 1725 2316 interme

560 2374 598 2439 et
622 2364 824 2459 Virgilium,
848 2368 911 2457 for
936 2366 1047 2453 prtetto
1070 2364 1218 2452 soatio,
1249 2360 1340 2437 idest
1369 2367 1444 2433 tam
1477 2381 1653 2456 magnum
1689 2369 1726 2435 et

564 2482 827 2575 vituperosum,
844 2485 883 2554 di
898 2484 1018 2570 emoti,
1035 2481 1171 2557 scilicet
1187 2479 1348 2575 Philippi,
1365 2502 1389 2552 u
1405 2482 1596 2573 tefoupose
1619 2485 1725 2571 perdi,

559 2599 649 2674 idest
674 2600 740 2671 iilis
766 2599 931 2692 superhis
948 2600 985 2670 in
1002 2599 1131 2672 eodem
1159 2599 1235 2674 luto
1251 2587 1287 2689 (⁴)
1308 2598 1440 2693 positis,
1458 2598 1556 2673 unde
1573 2619 1640 2692 per
1657 2601 1725 2672 hon

560 2727 669 2793 autor
684 2718 801 2794 innuit
817 2718 916 2809 qtrod
933 2718 1113 2810 superhus
1126 2719 1275 2812 punitur
1289 2724 1324 2792 et
1338 2718 1538 2795 destruitur
1552 2711 1589 2809 (⁵)
1609 2739 1721 2792 mann

560 2837 815 2931 superborum,
829 2837 923 2910 sicut
936 2836 1009 2909 iam
1022 2835 1159 2912 dictum
1173 2848 1239 2929 est,
1253 2837 1351 2912 unde
1361 2829 1397 2929 (⁶)
1412 2837 1519 2914 dicit:
1537 2841 1597 2911 otte
1612 2860 1724 2911 orwor

557 2975 600 3027 ue
624 2958 705 3028 todo
722 2977 740 3027 e
756 2958 942 3046 rtuprazto
961 2958 1044 3044 Dio,
1061 2955 1165 3031 etsie
1182 2955 1264 3030 vide
1281 2956 1379 3050 qnod
1405 2957 1461 3030 vir
1485 2958 1628 3052 sapiens
1647 2953 1726 3033 sine

559 3074 705 3147 lesione
730 3074 959 3150 conscientie
972 3064 1010 3165 (⁷)
1036 3094 1132 3169 saepe
1156 3086 1255 3168 optat
1281 3076 1427 3150 ruinam
1453 3077 1555 3172 pravi
1581 3077 1627 3151 ad
1654 3077 1725 3153 uti-

559 3190 697 3268 litatem
717 3193 887 3285 aliorum,
905 3193 1051 3287 quando
1076 3193 1136 3267 ilie
1160 3205 1216 3269 est
1231 3195 1433 3270 obstinatus
1458 3204 1495 3271 et
1519 3195 1724 3269 insanabilis

557 3310 651 3388 sient
675 3317 754 3385 erat
767 3301 804 3402 (⁸)
831 3333 929 3385 nune
955 3312 1031 3386 iste.
1058 3314 1103 3388 Et
1126 3314 1247 3390 statim
1272 3315 1392 3390 subdit
1412 3315 1513 3389 triste
1534 3321 1724 3408 spectacu-

558 3430 635 3503 inm
660 3430 797 3506 iactum
823 3431 869 3505 de
895 3432 963 3507 isto
988 3433 1195 3526 exprimens
1221 3433 1299 3508 eius
1323 3453 1471 3526 nomen,
1496 3435 1652 3528 patriam
1687 3445 1725 3510 et

558 3549 705 3645 vicium,
721 3551 859 3624 dicens:
874 3553 948 3622 tutti
958 3554 1159 3641 prtdoouuo
1172 3555 1218 3622 oh
1231 3555 1366 3642 Filippo
1384 3556 1541 3641 arpenti,
1560 3554 1608 3627 ita
1625 3554 1722 3644 quod

557 3667 657 3743 iactis
682 3675 718 3741 et
743 3669 864 3742 verhis
889 3668 1109 3744 insultabant
1133 3669 1183 3761 ei3
1210 3668 1269 3743 iiie
1292 3679 1429 3761 antem,
1448 3670 1534 3762 quia
1560 3691 1632 3743 non
1657 3690 1722 3762 po-

558 3795 651 3864 terat
677 3789 825 3863 volvere
838 3779 876 3878 (⁹)
894 3808 934 3861 se
953 3797 1081 3863 eontra
1097 3788 1185 3881 iilos,
1203 3789 1439 3865 convertebat
1456 3789 1595 3863 rabiem
1614 3810 1718 3862 suam

557 3907 592 3980 in
607 3928 659 3981 se.
677 3907 761 3981 ideo
777 3906 883 3982 dicit:
902 3909 934 3980 et
945 3908 1130 3997 fimotduo
1146 3910 1267 3999 spirito
1284 3909 1443 4000 dromo,
1461 3908 1552 3984 idest
1564 3901 1618 3998 (ω)
1636 3908 1721 3981 stio-

556 4026 687 4118 ciosus,
712 4048 748 4099 se
774 4030 897 4117 rupea
912 4030 966 4099 ooi
981 4029 1075 4098 deod
1090 4030 1126 4099 in
1142 4049 1180 4099 se
1195 4031 1379 4119 omdesoro,
1396 4028 1491 4104 sicut
1507 4028 1591 4104 facit
1607 4029 1719 4101 homo

555 4147 735 4240 superbus
761 4146 907 4239 quando
932 4167 1006 4219 non
1032 4153 1146 4240 potest
1172 4147 1293 4250 ¹facere
1310 4148 1502 4224 vindictam
1523 4147 1570 4222 de
1590 4147 1720 4221 iniuria

555 4286 639 4359 qum
665 4265 704 4340 fit
728 4265 795 4339 sihi
820 4286 842 4338 a
867 4264 1080 4359 potentiore.

616 4421 644 4484 (’)
659 4423 685 4474 S.
700 4424 736 4474 sic
752 4422 853 4472 dicebat
868 4422 973 4472 Boetius
988 4422 1049 4471 exul
1065 4422 1242 4485 phiiosophioe,
1258 4429 1286 4473 et
1300 4423 1336 4474 lta
1351 4438 1422 4474 nuno
1436 4431 1513 4474 antor
1527 4429 1614 4475 nottm
1628 4425 1723 4474 siniti-

555 4504 595 4547 ter
609 4499 679 4558 exul,
695 4505 722 4549 et
738 4500 837 4548 hon—
847 4503 902 4553 tto.
919 4499 955 4548 sic
971 4499 1073 4549 dioehat
1087 4500 1148 4550 exul
1165 4500 1342 4564 philosophia,
1359 4503 1394 4552 ita
1410 4507 1487 4551 antor
1503 4501 1721 4552 nostersimilitor

556 4575 625 4634 exul,
642 4581 669 4626 et
684 4576 743 4627 hoe.
1242 4577 1269 4638 (¹)
1287 4578 1318 4628 Ε.
1333 4578 1447 4628 exulem.

615 4650 643 4713 (⁸)
660 4655 713 4712 tto,
730 4652 927 4716 respondissent.
1242 4653 1271 4715 (¹)
1287 4653 1318 4703 R
1333 4653 1402 4705 loeo.

618 4726 644 4787 (“)
660 4727 692 4776 li.
708 4728 869 4778 dturuutur
1244 4729 1273 4792 (⁸)
1290 4734 1344 4790 lid,
1360 4729 1419 4781 tdeo
1434 4729 1505 4781 dictu

616 4801 643 4862 (’)
660 4803 690 4853 B.
706 4805 869 4854 conscientie
886 4805 979 4868 gaudet
996 4805 1070 4854 ruina
1087 4807 1166 4868 pravi.
1247 4805 1274 4868 (¹)
1290 4806 1315 4855 S.
1332 4812 1389 4857 orat
1403 4806 1461 4856 nte.

615 4876 642 4937 (⁹)
659 4877 689 4927 B.
706 4877 814 4930 vulnere
830 4879 918 4930 ulcisci
935 4885 1025 4931 contra
1041 4880 1108 4931 ilios.
1230 4880 1272 4946 (¹⁸)
1287 4882 1319 4933 E.
1333 4882 1399 4932 idest
1414 4880 1539 4940 furiosus,
1555 4878 1579 4928 εἰ
1594 4878 1689 4941 oetam
