4154 6546
449 748 521 842 lod
848 785 1052 842 couauruu
1076 787 1228 840 manum

447 950 561 1026 ergo:
589 935 625 1004 et
650 931 710 1005 ille
734 929 902 1023 lacobus,
923 932 988 1022 poi
1008 934 1082 1023 sccc
1097 950 1146 1003 un
1160 949 1300 1021 proppo
1315 930 1355 1002 di
1368 949 1406 1001 rc
1424 948 1444 1000 e
1459 930 1547 1002 dun
1564 949 1626 1031 cef

445 1053 595 1142 rpuplio,
613 1049 691 1123 vult
707 1049 841 1142 dicere,
855 1048 955 1141 quod
972 1048 1149 1142 implicuit
1161 1041 1198 1140 (¹)
1219 1069 1259 1123 se
1276 1053 1396 1122 totum
1412 1053 1452 1122 et
1466 1047 1626 1123 abscou-

445 1169 496 1242 dit
522 1169 616 1243 intra
643 1188 757 1241 unam
782 1169 955 1242 arborem
981 1169 1176 1261 novellam,
1196 1189 1279 1262 quae
1300 1167 1457 1242 babebat
1482 1167 1621 1244 multos

446 1288 687 1381 ramusculos,
713 1289 785 1377 cite,
810 1287 901 1362 idest
927 1287 1025 1380 quia,
1044 1292 1144 1380 forre
1168 1290 1194 1360 li
1214 1289 1320 1381 sallia
1343 1289 1381 1359 to
1404 1289 1499 1377 totu,
1515 1285 1625 1360 citius

447 1429 561 1502 quam
578 1410 689 1500 bano,
708 1406 795 1499 quia
816 1426 890 1480 non
907 1413 1050 1501 poterat
1068 1407 1251 1501 respirare
1267 1405 1317 1480 ita
1335 1411 1416 1480 erat
1435 1404 1621 1501 fatigatus

447 1526 584 1601 Deinde
617 1533 727 1599 autor
752 1525 923 1619 exprimit
949 1546 1096 1619 poenam
1122 1526 1278 1599 istorum
1306 1523 1540 1618 miserorum,
1566 1522 1625 1598 di-

448 1668 556 1722 ceus:
584 1650 621 1719 lo
643 1648 741 1719 selva
765 1665 830 1718 era
851 1648 957 1736 mena
981 1648 1020 1719 di
1042 1652 1140 1718 retro
1166 1648 1247 1717 olor
1272 1647 1311 1718 di
1335 1664 1446 1736 capue
1470 1663 1567 1735 nere,
1583 1650 1624 1719 et

448 1772 617 1840 notanter
643 1765 728 1839 dicit
748 1786 871 1856 cepoe,
889 1765 976 1857 quia
996 1785 1106 1838 canes
1123 1764 1284 1838 soeminae
1300 1769 1386 1836 sunt
1403 1763 1625 1839 rabiosiores

448 1893 485 1961 et
508 1885 733 1960 crudeliores
765 1884 948 1979 masculis,
975 1890 1012 1959 et
1038 1884 1152 1980 nigrae
1177 1890 1327 1979 propter
1351 1883 1513 1976 iamem3
1540 1884 1624 1959 ideo

447 2006 555 2080 dicit:
587 2007 761 2095 barrense,
787 2004 878 2079 idest
902 2004 1018 2079 avidae
1044 2004 1188 2100 praedae,
1215 2025 1234 2075 e
1258 2007 1425 2094 corrodi,
1451 2010 1493 2078 ut
1518 2003 1625 2080 inve·

448 2126 568 2201 nirent
593 2131 759 2219 pastum3
786 2132 823 2198 et
848 2126 1019 2220 exprimit
1050 2145 1133 2199 eam
1152 2116 1189 2216 (²)
1218 2123 1358 2201 rabiem
1393 2130 1431 2198 et
1456 2125 1624 2201 velocem

448 2266 599 2320 cursum
626 2266 692 2339 per
717 2245 1030 2340 comparationem
1051 2245 1190 2319 claram
1209 2250 1246 2317 et
1263 2243 1460 2337 propriam,
1477 2243 1623 2319 dicens:

447 2388 543 2439 come
576 2368 686 2456 veltri,
719 2364 810 2438 idest
843 2364 1026 2458 leporarii,
1056 2366 1267 2437 clr'usm'sser
1298 2365 1337 2437 di
1366 2371 1503 2454 emero,
1537 2363 1626 2458 quia

449 2493 537 2558 tunc
550 2475 586 2575 (³)
614 2484 796 2557 avidiores
816 2489 854 2556 et
870 2483 1113 2578 promptiores
1133 2482 1180 2555 ad
1197 2502 1350 2556 cursum
1371 2504 1485 2575 quam
1503 2483 1534 2556 si
1550 2503 1626 2558 nou

449 2603 598 2676 luissent
624 2602 770 2676 detenti.
797 2603 841 2674 Et
867 2603 965 2696 ipsae,
991 2605 1096 2674 miser
1121 2605 1146 2674 li
1169 2604 1264 2674 denti
1281 2605 1319 2674 in
1339 2605 1418 2695 puel
1440 2605 1501 2676 rte
1524 2605 1628 2695 s'up·

445 2713 568 2815 piottd,
600 2720 692 2795 idest
726 2720 763 2792 in
789 2721 891 2793 illum
926 2721 1103 2793 Jaoobum
1134 2720 1180 2794 de
1208 2730 1335 2797 sancto
1369 2720 1514 2795 budrea
1531 2708 1630 2814 (⁸),c

451 2844 629 2914 dilaceror
649 2844 761 2932 puello
785 2862 810 2912 α
835 2842 949 2913 braim
966 2861 991 2911 α
1008 2841 1134 2930 mono,
1152 2840 1243 2914 idest
1269 2839 1516 2934 membratim,
1533 2839 1624 2934 quia

450 2962 551 3035 varia
569 2961 801 3036 incommoda
819 2966 855 3035 et
872 2959 992 3036 debita
1010 2961 1278 3054 extorquebant
1291 2960 1358 3033 sibi
1376 2959 1483 3035 bodie
1501 2981 1620 3035 uuum

449 3083 661 3155 membrum
675 3073 725 3175 (⁵),
739 3101 821 3155 cras
836 3080 935 3154 aliud
953 3080 1174 3153 substantie.
1185 3120 1234 3133 -
1246 3086 1417 3153 Presuue.
1432 3079 1497 3154 llic
1514 3085 1625 3155 autor

449 3200 606 3276 ostendit
632 3201 818 3295 quomodo
835 3200 1006 3295 Virgilius
1023 3199 1221 3274 ostenderit
1237 3200 1304 3273 sibi
1321 3201 1435 3274 alium
1454 3200 1623 3295 spiritum

451 3323 699 3416 desperatum,
725 3321 761 3393 in
787 3321 893 3394 cuius
910 3320 1108 3394 arbuscula
1126 3319 1195 3395 iste
1213 3321 1372 3394 Jacobus
1390 3321 1559 3395 latuerat
1572 3318 1627 3395 bd

449 3441 548 3535 quod
574 3448 629 3515 est
655 3440 844 3514 sciendum
864 3440 962 3534 quod
980 3440 1047 3513 iste
1064 3440 1221 3513 lacobus
1239 3461 1312 3513 nou
1329 3440 1455 3514 valens
1473 3440 1628 3515 ulterius

450 3561 581 3656 sugere
605 3561 810 3634 involverat
834 3579 874 3634 se
892 3560 928 3632 in
945 3559 1118 3653 cespitem
1145 3558 1256 3632 unius
1280 3560 1500 3652 arbusculae,
1518 3565 1556 3633 et
1576 3558 1627 3634 itu

450 3700 490 3754 se
516 3681 702 3754 velaverat
734 3678 922 3753 irondibus
948 3678 1038 3772 eius,
1066 3678 1164 3772 quod
1190 3698 1299 3752 canes
1325 3699 1399 3752 nou
1423 3682 1627 3774 potuerunt

450 3800 674 3894 abrumpere
689 3790 725 3890 (⁶)
755 3799 924 3873 membra
949 3798 1029 3872 eius
1063 3800 1152 3891 quin
1188 3799 1413 3892 extirparent
1440 3798 1552 3873 etiam
1577 3796 1628 3872 si-

452 3919 530 3993 mul
555 3918 702 3992 iroudes
727 3920 808 3993 eius
833 3925 870 3992 et
894 3918 1155 4012 dilacerarent3
1173 3919 1223 3994 ita
1247 3919 1348 4012 quod
1369 3918 1471 3994 canis
1496 3932 1628 4014 aspor-

451 4046 531 4113 tans
547 4029 583 4132 (⁷)
610 4060 723 4112 unam
750 4060 904 4112 manum
922 4039 1149 4115 laceraverat
1162 4028 1198 4130 (⁸)
1221 4060 1338 4113 unum
1357 4039 1627 4132 ramusculum,
1746 4082 1750 4087 -

450 4159 521 4233 alia
546 4164 736 4254 asportans
751 4149 787 4250 (⁹)
815 4159 945 4253 pedem
972 4159 1199 4234 laceraverat
1216 4151 1265 4252 (ω)
1290 4158 1416 4252 alium,
1442 4165 1480 4234 et
1504 4159 1554 4236 ita
1578 4157 1627 4234 do

513 4434 539 4495 (¹)
557 4438 611 4493 trs,
628 4432 777 4494 implicarit.
861 4430 893 4494 (“)
910 4432 935 4480 S.
952 4432 1024 4481 illam
1042 4430 1228 4481 rabiem-E.
1243 4443 1259 4480 e
1277 4434 1330 4489 llll,
1347 4442 1439 4479 earum
1456 4429 1563 4479 rabiem.

513 4507 539 4570 (¹)
555 4508 582 4558 S.
598 4521 614 4558 e
630 4508 662 4557 Ε.
679 4511 827 4558 tuncrum.
1131 4505 1157 4567 (⁸)
1174 4506 1205 4555 ll.
1222 4505 1337 4564 Andrus.
1355 4506 1511 4568 paduanum.

512 4584 539 4644 (¹)
555 4584 581 4633 S.
592 4597 607 4634 e
618 4584 649 4634 E.
661 4583 809 4633 membrum
826 4583 975 4633 substantie
991 4596 1052 4641 suar,
1066 4595 1124 4631 cras
1139 4582 1219 4632 aliud.
1237 4583 1360 4633 Pnoeme.
1370 4606 1402 4618 -
1412 4579 1628 4642 tinsubstntlo

450 4673 511 4714 suu.
529 4661 586 4710 ideo
603 4661 681 4710 dicit:
700 4661 749 4710 rot
763 4674 807 4710 rea
820 4666 912 4724 portur
927 4661 1005 4724 puelle
1021 4659 1134 4709 membra
1148 4661 1250 4709 dolcntb
1260 4687 1288 4696 -
1298 4659 1421 4708 Pmoun.

515 4736 541 4796 (⁸)
562 4740 615 4794 liu,
632 4736 798 4799 obrumpere.
1134 4735 1161 4796 (Π)
1178 4736 1210 4785 B.
1226 4740 1372 4799 exportans.

515 4810 543 4871 (¹)
562 4814 615 4870 tls,
635 4811 771 4860 lacerabat
1130 4810 1157 4872 (’)
1175 4811 1205 4860 Ε.
1223 4816 1371 4874 exportans.

504 4885 541 4948 (¹⁸)
559 4890 612 4945 lle,
631 4886 768 4937 lacerabat.
