4154 6546
590 800 660 865 210
987 803 1190 861 ΕΟΙΕΝΤΠΗ
1214 803 1364 857 turnum

589 958 789 1045 amanum,
814 953 863 1025 mr·
880 969 987 1041 prese
1001 950 1058 1023 del
1069 950 1192 1039 muco
1208 949 1317 1021 rosas
1332 938 1362 1019 si
1375 948 1480 1038 sorte,
1504 945 1596 1021 idest
1620 947 1669 1023 lta
1696 968 1757 1023 me

590 1071 735 1147 strinxit
757 1069 805 1150 ad
828 1067 1130 1161 complacendum
1157 1065 1213 1141 isti
1237 1065 1285 1141 de
1308 1085 1393 1141 mea
1417 1065 1545 1160 pulera
1575 1087 1756 1161 personu3

589 1194 649 1265 clue
672 1210 768 1262 come
785 1191 861 1263 redi
886 1207 999 1261 oaoor
1023 1205 1095 1259 noo
1118 1184 1489 1277 mutandamque
1513 1185 1609 1259 sicut
1634 1185 1758 1261 vidore

590 1318 693 1405 potos
718 1310 767 1384 ita
793 1328 923 1382 sumus
948 1306 1048 1403 ligati
1071 1305 1181 1379 simul
1203 1323 1336 1379 amore
1366 1311 1447 1397 post
1476 1311 1634 1381 mortam
1662 1305 1758 1381 siout

591 1430 728 1503 luimus
752 1429 790 1501 in
822 1428 906 1503 vita.
940 1426 1012 1501 Sed
1036 1424 1095 1501 bie
1120 1431 1217 1517 nota,
1243 1424 1367 1515 lector,
1393 1422 1494 1515 quod
1524 1417 1755 1514 sententiai¹l

592 1547 778 1643 praemissa
803 1553 859 1620 est
888 1565 985 1639 soepe
1016 1544 1116 1619 laisa.
1150 1543 1300 1619 Certum
1327 1548 1382 1621 est
1414 1541 1513 1615 enim
1542 1541 1642 1635 quod
1672 1562 1757 1636 sepe

592 1668 676 1762 quis
699 1672 801 1741 amat
825 1685 937 1739 mam
954 1671 992 1739 et
1009 1683 1081 1737 non
1108 1662 1321 1737 reclamatur
1337 1662 1385 1735 ab
1400 1681 1458 1756 ea,
1474 1668 1512 1736 et
1529 1681 1755 1737 econverso.

593 1788 644 1863 sd
671 1777 789 1877 bocl²l
814 1785 928 1878 aliqui
953 1783 1116 1857 volentes
1140 1782 1284 1856 salvare
1307 1781 1446 1855 dictum
1467 1782 1607 1856 autoris
1631 1782 1756 1858 dicunt
1782 1787 1785 1793 ’

593 1905 693 2000 quod
724 1904 840 1999 magis
868 1902 976 1977 debet
1008 1900 1230 1974 considerari
1264 1899 1417 1975 allectus
1448 1921 1560 1992 quam
1592 1901 1756 1976 elleetus.

594 2024 695 2098 Unde
717 2022 843 2097 mount
867 2021 965 2114 quod
991 2020 1057 2093 nisi
1082 2019 1126 2093 sil
1152 2026 1261 2093 natus
1288 2038 1336 2093 en
1367 2039 1456 2091 saxo
1486 2026 1633 2093 amatus
1657 2027 1759 2094 amat

594 2147 800 2233 amantem3
826 2140 889 2215 sed
913 2141 984 2214 boo
1008 2145 1064 2213 est
1087 2138 1231 2232 penitus
1246 2136 1401 2229 falsum3
1424 2157 1510 2210 nam
1527 2137 1574 2212 de
1592 2138 1643 2210 rei
1661 2139 1759 2212 reri·

596 2268 670 2335 tate
688 2261 813 2335 multe
830 2259 981 2334 bierunt
1001 2264 1039 2333 et
1054 2262 1139 2329 snm
1154 2255 1386 2330 acerbissime
1402 2255 1565 2331 odientes
1579 2263 1757 2347 amantes

597 2383 672 2453 imo
696 2380 829 2474 aliquae
854 2377 1089 2472 prouiderunt
1104 2376 1156 2450 eis
1175 2395 1308 2448 nasum
1329 2374 1459 2449 aiacie
1475 2394 1563 2449 eum
1580 2375 1759 2469 dentibus,

595 2500 671 2572 imo
695 2498 828 2589 aliqua
850 2496 1065 2571 occiderunt
1089 2514 1129 2568 se
1154 2494 1259 2587 ipsas,
1275 2493 1369 2567 sicut
1392 2494 1516 2569 scribit
1535 2495 1760 2590 Augustinus

596 2616 715 2709 primo
739 2615 786 2688 de
814 2615 966 2688 Ciuitate
995 2613 1072 2705 Dei,
1097 2618 1135 2685 et
1162 2613 1272 2705 paulo
1301 2633 1413 2706 supra
1442 2613 1512 2687 boe
1543 2613 1690 2687 narravi
1714 2613 1760 2686 de

599 2733 736 2807 Didone
761 2754 844 2825 qum
874 2732 994 2825 potius
1022 2731 1132 2826 elegit
1155 2730 1222 2805 sibi
1255 2737 1413 2806 mortem
1447 2752 1560 2824 qnam
1593 2752 1758 2807 amorem

599 2851 797 2946 nuptialem
823 2850 920 2946 regis
944 2850 1063 2923 larbe.
1081 2850 1125 2923 ut
1142 2849 1257 2942 posito
1272 2849 1371 2942 quod
1397 2857 1493 2925 esset
1516 2870 1647 2925 verum
1674 2851 1760 2926 nibil

599 2971 735 3045 laboret
758 2968 804 3043 ad
830 2968 1056 3062 propositum
1081 2968 1168 3061 quia
1184 2969 1240 3043 isti
1256 2969 1486 3044 devenerunt
1506 2971 1552 3047 ad
1578 2970 1761 3061 effectum,

599 3096 636 3162 et
661 3108 789 3162 omnes
812 3088 859 3161 de
890 3087 1023 3180 qubus
1056 3094 1166 3163 autor
1195 3094 1250 3163 est
1282 3109 1395 3183 supra
1423 3090 1582 3165 brutus.
1612 3090 1665 3163 Ad
1695 3091 1762 3163 boc

598 3206 724 3281 dicunt
754 3206 814 3281 alii
844 3205 1102 3280 confirmantes
1127 3207 1232 3285 istum
1258 3208 1475 3282 sententiam
1505 3228 1584 3282 esse
1614 3229 1760 3285 veram:

600 3326 636 3398 Si
662 3325 715 3397 vis
740 3324 857 3400 amari
882 3345 988 3417 ama3
1013 3331 1051 3399 et
1074 3324 1200 3399 dicum
1224 3325 1322 3419 quod
1347 3326 1414 3400 isla
1431 3333 1487 3400 est
1503 3347 1592 3401 vera
1616 3327 1764 3401 intenlio

599 3444 739 3518 autoris
763 3443 851 3537 quia
875 3445 951 3538 ipse
980 3443 1080 3537 ponit
1110 3444 1278 3521 eamdem
1311 3445 1526 3519 sententiam
1559 3446 1763 3540 Purgatorii

601 3565 758 3659 capitulo
783 3565 889 3638 xxii.
916 3564 1002 3638 Ilico
1027 3563 1189 3637 breviter
1214 3563 1312 3656 quod
1332 3569 1442 3640 autor
1460 3571 1584 3641 noster
1600 3566 1764 3657 loquitur

602 3684 649 3757 ibi
681 3684 726 3757 de
756 3703 885 3757 amore
917 3682 1059 3755 virtutis
1087 3702 1172 3776 quae
1191 3673 1227 3774 (³)
1256 3682 1429 3757 landatur
1460 3703 1571 3777 super
1600 3684 1762 3773 honesto,

602 3803 683 3877 ideo
708 3802 883 3878 sententia
908 3809 963 3875 est
988 3801 1036 3874 ibi
1062 3822 1161 3877 vera.
1188 3802 1252 3876 llic
1277 3822 1367 3876 vero
1391 3801 1553 3895 loquitur
1573 3801 1620 3877 de
1636 3821 1764 3877 amore

604 3921 796 4015 voluptaris
821 3920 884 4013 qui
910 3919 1084 3995 fundatur
1108 3940 1221 4014 supra
1245 3920 1458 4014 delectabili,
1483 3921 1565 3997 ideo
1595 3921 1653 3994 bio
1681 3941 1764 3995 sen-

605 4041 714 4114 tentia
741 4047 795 4112 est
820 4039 930 4132 lalsa;
955 4046 992 4114 et
1016 4045 1117 4114 oerte
1137 4038 1245 4113 nimis
1265 4039 1378 4113 miror
1395 4040 1442 4115 ‹le
1461 4040 1678 4133 quibusdam
1701 4043 1765 4135 qui

605 4158 773 4233 videntur
799 4159 868 4233 boe
891 4159 1045 4233 credere
1069 4165 1107 4233 et
1132 4165 1259 4234 tenere
1283 4179 1369 4235 num
1395 4159 1585 4235 videamus
1607 4161 1708 4239 clare
1727 4151 1763 4250 (ἢ

604 4277 796 4352 salsitatem
821 4278 925 4352 istius
950 4277 1147 4353 somniis.
1173 4278 1271 4365 Quot
1300 4277 1398 4354 milia
1432 4285 1516 4355 sunt
1545 4280 1764 4357 stabulario·

605 4418 702 4490 rum,
728 4399 969 4491 leprosorum,
988 4397 1214 4471 ribaldorum
1234 4418 1394 4490 quorum
1420 4406 1609 4494 aspectm
1624 4392 1661 4489 (⁵)
1681 4402 1767 4475 bor-

665 4661 692 4722 (l)
709 4663 733 4709 S.
751 4663 875 4711 sententia
892 4663 1063 4712 videturesse
1080 4663 1151 4722 laba,
1168 4663 1227 4725 quia
1244 4668 1344 4712 certum
1361 4668 1400 4713 est
1416 4664 1485 4727 qnod
1501 4676 1568 4726 supe
1583 4663 1640 4726 quis
1656 4669 1732 4712 amul.

667 4736 692 4793 (¹)
709 4736 733 4783 S.
751 4735 792 4784 Ari
809 4736 859 4785 boc
875 4737 964 4787 dicunt
979 4737 1057 4800 aliqui
1074 4737 1143 4800 quod
1160 4737 1249 4799 magis.

667 4811 693 4870 (¹)
709 4812 733 4859 S.
749 4824 764 4859 e
783 4816 835 4868 llo,
852 4813 896 4873 qui
912 4813 1043 4864 innuatur.
1292 4815 1319 4875 (¹)
1336 4816 1366 4864 E.
1384 4815 1534 4867 clarissime.

669 4887 693 4946 ς’)
713 4891 765 4944 llo,
783 4888 895 4947 aspectui
912 4888 1070 4940 horribiliter
1086 4901 1184 4939 omnes.
