4154 6546
607 790 676 854 112
1000 791 1201 849 conuuruu
1227 791 1378 843 runnuur

603 947 640 1017 lo
665 949 749 1016 testo
773 944 865 1014 ciana
888 942 924 1012 α’
936 959 1054 1029 error,
1079 937 1171 1011 idest
1195 937 1259 1029 qui
1276 936 1456 1010 habebam
1473 936 1663 1012 fantasiam
1690 943 1771 1012 tur-

603 1063 726 1137 hatam
753 1067 853 1135 tanta
883 1058 1115 1161 contusione,
1147 1057 1206 1131 vel
1238 1057 1442 1131 secundum
1472 1058 1583 1132 aliam
1614 1060 1769 1152 literam,

603 1186 773 1272 d'orror,
801 1187 950 1275 propter
981 1177 1192 1252 horribilem
1222 1177 1435 1270 clamorem,
1467 1177 1574 1252 dissi:
1605 1186 1770 1270 maro,

602 1302 748 1394 scilicet,
768 1321 791 1375 o
816 1299 953 1395 Virgili,
978 1292 1093 1371 eleale
1118 1300 1196 1389 quet
1218 1299 1269 1370 cl’
1281 1300 1304 1369 t'
1317 1300 1398 1376 odo,
1416 1298 1561 1392 plantus
1577 1305 1614 1372 et
1629 1300 1770 1372 clamor

602 1426 703 1495 ecoe
725 1428 837 1513 pente,
862 1419 963 1513 idest,
989 1425 1027 1492 et
1050 1418 1150 1511 quod
1181 1436 1299 1514 genus
1329 1424 1566 1513 peccatorum
1598 1421 1683 1492 estt
1711 1419 1771 1489 cte

596 1563 670 1634 por
694 1533 723 1613 si
747 1543 842 1612 mota
866 1542 924 1612 net
945 1540 1042 1628 duot,
1067 1537 1158 1611 idest
1183 1537 1220 1610 in
1244 1537 1382 1630 dolore,
1413 1537 1498 1631 quia
1525 1537 1670 1611 videtur
1696 1556 1768 1610 non

599 1680 705 1757 posse
730 1661 821 1754 plus.
849 1660 892 1732 Et
917 1659 968 1732 sic
984 1658 1073 1753 petit
1090 1664 1164 1731 tam
1185 1657 1231 1731 de
1247 1677 1353 1752 pena,
1374 1678 1487 1749 quam
1504 1657 1551 1731 de
1570 1657 1704 1752 punitis
1718 1650 1766 1748 (¹).

599 1780 644 1853 Et
667 1779 725 1853 hic
750 1785 837 1852 nota
861 1777 961 1871 quod
984 1782 1093 1850 autor
1119 1776 1250 1850 merito
1273 1776 1429 1849 miratur
1449 1782 1487 1849 et
1507 1775 1681 1849 turbatur
1697 1775 1767 1869 hic,

599 1899 686 1992 quia
710 1898 767 1972 vir
791 1896 944 1991 sapiens,
979 1895 1125 1988 quando
1154 1894 1360 1969 considerat
1391 1894 1504 1967 vitam
1535 1895 1692 1968 istorum
1717 1894 1767 1969 ita

598 2017 790 2113 perditam,
816 2014 990 2109 stupescit
1013 2014 1050 2086 in
1075 2013 1203 2107 seipso,
1229 2012 1415 2105 quomodo
1441 2020 1495 2086 tot
1510 2013 1621 2087 millia
1647 2014 1767 2087 homi-

599 2158 689 2211 num
715 2143 800 2210 sunt
814 2127 850 2227 (²)
877 2141 962 2208 nata
987 2134 1025 2207 in
1049 2132 1188 2205 mundo
1204 2133 1322 2206 solum
1340 2131 1387 2205 ad
1405 2132 1671 2206 consumendas
1687 2132 1767 2205 sru-

598 2276 674 2353 ges,
701 2263 739 2329 et
763 2254 977 2350 replendum
1003 2272 1202 2325 numerum
1228 2250 1357 2323 turne.
1390 2252 1445 2322 Ed
1473 2253 1529 2324 elli
1558 2271 1583 2322 o
1611 2271 1675 2323 nte.
1701 2251 1767 2325 llic

597 2383 707 2451 autor
735 2376 836 2470 ponit
866 2372 1137 2468 responsionem
1167 2370 1305 2467 Virgilii
1329 2370 1374 2444 ad
1392 2370 1599 2463 quesitum,
1625 2369 1764 2444 dicens:

600 2503 643 2569 lit
665 2499 721 2568 elli
743 2516 768 2567 a
794 2516 861 2584 me,
886 2494 1025 2588 supple,
1051 2490 1222 2586 Virgilius
1243 2488 1436 2583 responait,
1454 2492 1605 2562 sanine
1620 2492 1715 2562 oute
1729 2491 1768 2562 di

597 2617 730 2704 coloro,
763 2612 898 2685 scilicet
927 2610 1096 2701 tristium,
1128 2611 1187 2681 otte
1216 2611 1322 2681 veser
1350 2629 1458 2681 senza
1483 2613 1584 2702 fonto
1615 2629 1767 2681 ccmo

598 2734 691 2822 lodo,
721 2736 759 2804 et
787 2750 853 2824 per
885 2747 1111 2820 consequens
1142 2726 1220 2800 sine
1252 2727 1390 2801 virtute
1414 2735 1451 2802 et
1475 2729 1623 2803 valore:
1652 2727 1764 2820 aliqui

598 2856 722 2923 tamen
746 2849 882 2943 dicunt,
906 2867 1014 2920 senza
1029 2849 1205 2940 iosomio;
1223 2847 1286 2920 sei
1303 2848 1402 2940 prior
1419 2847 1524 2923 litera
1546 2849 1675 2923 melior
1697 2855 1763 2942 est,

597 2968 684 3060 quia
708 2987 782 3040 non
807 2968 979 3040 vixerunt
1004 2965 1083 3039 siue
1111 2964 1269 3058 infamia,
1297 2971 1338 3038 ut
1368 2966 1505 3059 patebit
1529 2968 1638 3060 paulo
1662 2973 1763 3062 post:

597 3094 722 3176 ertqoo
748 3093 864 3176 questo
889 3088 1016 3157 misero
1041 3086 1158 3174 modo,
1188 3084 1323 3159 scilicet
1351 3085 1402 3158 sic
1431 3085 1685 3161 miserabiliter
1709 3085 1765 3160 vi·

596 3205 714 3280 vendo
739 3211 775 3279 et
801 3204 1000 3278 moriendo.
1027 3207 1212 3277 Mesclrlrti.
1239 3206 1304 3280 llic
1328 3212 1437 3279 autor
1461 3206 1524 3279 dat
1548 3206 1623 3279 istis
1648 3204 1764 3280 socie-

597 3331 709 3398 tatem
735 3324 1012 3397 convenientem
1027 3347 1037 3415 3
1065 3331 1102 3397 et
1127 3323 1288 3398 breviter
1304 3324 1400 3418 dicit,
1418 3325 1517 3418 quod
1537 3332 1623 3399 sunt
1638 3324 1763 3399 sociati

596 3443 663 3516 illis
688 3443 792 3516 malis
808 3442 958 3538 angelis,
977 3442 1040 3536 qui
1062 3463 1135 3517 non
1155 3443 1305 3516 luerunt
1321 3450 1448 3538 aperte
1464 3464 1542 3538 pro,
1561 3446 1619 3519 vel
1636 3453 1773 3520 contra-

595 3561 726 3655 Deum,
740 3561 887 3654 quando
903 3561 1047 3634 Luciler
1064 3561 1264 3654 superbivit
1280 3569 1407 3636 contra
1424 3582 1523 3636 eum.
1538 3563 1639 3638 Umle
1659 3564 1763 3638 dicit:

596 3687 633 3755 et
657 3680 714 3753 isti
739 3680 870 3774 captivi
896 3681 1070 3752 moolioti
1091 3700 1179 3751 sorno
1196 3700 1221 3751 a
1238 3683 1316 3770 quel
1330 3684 1454 3752 cotom
1470 3702 1569 3771 coro,
1594 3681 1686 3755 idest
1702 3682 1762 3756 vili

595 3799 767 3892 societati,
793 3801 886 3888 deqli
908 3801 1025 3888 capeti
1047 3800 1108 3870 cle
1123 3819 1195 3870 ooo
1208 3802 1340 3891 suoroo
1355 3799 1479 3889 rttetli,
1497 3793 1543 3871 ηέ
1561 3803 1646 3892 [tior
1668 3802 1764 3891 fideli

595 3940 620 3992 o
644 3923 726 4009 Dio,
752 3938 811 3989 otc
829 3937 898 4009 per
920 3936 958 3989 ac
978 3921 1095 4010 sucro.
1123 3917 1168 3990 ut
1196 3918 1254 3991 hic
1284 3923 1381 4011 nota,
1413 3918 1538 4011 lector,
1571 3918 1670 4012 quod
1694 3918 1760 3991 ista

595 4060 729 4134 pugna,
755 4058 838 4130 quae
863 4036 995 4110 dicitur
1024 4036 1133 4111 luisse
1164 4037 1202 4110 in
1235 4038 1340 4130 coelo,
1366 4058 1439 4112 non
1466 4037 1535 4111 init
1563 4037 1762 4133 corporalis

595 4178 682 4232 cum
708 4157 834 4230 lancea
864 4163 901 4231 et
925 4156 1052 4250 clipeo,
1085 4157 1178 4230 sicut
1203 4159 1337 4257 vulgus
1361 4157 1457 4251 dicit,
1482 4157 1558 4232 imo
1582 4158 1760 4252 mentalis,

596 4277 682 4372 quia
706 4276 817 4369 aliqui
842 4276 962 4372 angeli
986 4282 1113 4370 aperte
1137 4284 1372 4352 assenserunt
1396 4267 1484 4368 (Μ’)
1501 4277 1672 4352 laverunt
1695 4276 1761 4372 ipsi

594 4397 772 4489 Lucifero,
799 4397 858 4469 alii
883 4416 1055 4490 expresse
1080 4403 1208 4471 contra
1234 4418 1333 4490 eum,
1359 4397 1472 4490 aliqui
1501 4397 1700 4472 vacilanter
1724 4405 1762 4472 et

594 4516 727 4608 dubie,
760 4515 857 4589 unde
887 4536 959 4590 non
993 4516 1147 4590 dubium
1178 4516 1276 4610 quod
1307 4516 1420 4610 aliqui
1450 4524 1696 4612 peccaverunt
1709 4505 1760 4610 (⁸),

593 4634 685 4728 plus,
711 4634 823 4725 aliqui
849 4634 980 4708 minus.
1007 4636 1091 4709 Ideo
1116 4656 1189 4710 non
1214 4635 1342 4709 credas
1366 4657 1433 4731 per
1462 4638 1531 4712 hoc
1565 4637 1663 4731 quod
1689 4656 1762 4710 non

656 4823 685 4888 (¹)
700 4825 724 4876 Β.
742 4825 882 4888 multione·
1286 4829 1313 4890 υ)
1330 4834 1384 4890 rra,
1400 4830 1427 4881 s.
1443 4842 1459 4880 ο
1475 4831 1506 4880 n.
1523 4832 1582 4882 ant.

656 4899 683 4964 θ)
699 4900 730 4951 Ε.
745 4905 772 4950 et
787 4898 894 4949 luerunt
909 4899 956 4961 ipsi
973 4899 1103 4951 nucum.
1291 4903 1317 4966 θ)
1332 4905 1363 4954 li.
1380 4907 1551 4968 peccaverint.
