4154 6546
872 745 1011 801 caurus
1037 742 1201 802 ruiturus.
1553 740 1622 805 107

450 896 569 988 Pater,
583 895 717 988 serenti,
735 894 772 964 lu
792 911 930 963 summu
944 894 1129 983 sumentia,
1146 891 1281 965 scilieet
1298 891 1420 984 Filius,
1437 894 1494 965 e’l
1503 896 1623 984 primo

446 1035 583 1104 umore,
608 1012 701 1086 idest
725 1009 879 1106 Spiritus
904 1011 1068 1085 Sanctus.
1096 1011 1188 1084 Nam
1219 1009 1314 1084 inter
1339 1011 1514 1085 attributa
1540 1031 1625 1106 per-

446 1153 624 1209 sonarum
650 1150 806 1205 summae
832 1136 870 1203 et
894 1127 1088 1202 individua
1113 1129 1307 1223 Trinitatis,
1333 1131 1494 1224 potentia
1522 1131 1626 1204 attri-

447 1253 574 1328 buitur
599 1249 711 1342 Patri‚
736 1247 913 1343 sapientia
937 1247 1037 1342 Filio,
1058 1248 1200 1322 bonitas
1225 1248 1374 1342 Spiritui
1400 1248 1543 1323 Sancto.
1562 1253 1627 1322 nt-

447 1372 567 1445 mnu
591 1368 656 1443 Hic
686 1373 798 1441 autor
823 1367 938 1462 tangit
971 1367 1120 1460 quando
1151 1367 1262 1441 suerit
1296 1368 1412 1441 tactus
1447 1369 1624 1461 internus,

449 1490 537 1586 quia
560 1489 609 1563 ab
634 1488 734 1562 initio
759 1494 952 1561 creature.
979 1487 1024 1559 ut
1048 1484 1193 1560 videtur
1219 1487 1311 1560 velie
1331 1487 1453 1583 dicere
1479 1494 1628 1561 senten-

450 1608 612 1684 cialiter:
638 1608 737 1682 soius
766 1607 864 1682 Deus
893 1607 1060 1680 omnium
1091 1611 1236 1679 creator
1262 1626 1351 1680 vere
1375 1613 1525 1680 eternus
1558 1605 1628 1679 tuit

450 1735 537 1803 aute
561 1747 632 1801 me.
658 1727 743 1801 Ideo
769 1727 890 1800 littera
915 1726 966 1800 sic
992 1733 1047 1800 est
1064 1726 1279 1819 exponenda
1291 1726 1400 1819 Juxta
1416 1726 1522 1830 istam
1540 1745 1628 1799 sen·

452 1848 619 1922 tentiam:
636 1867 716 1920 eoae
739 1853 854 1919 aeota
877 1866 949 1918 oon
971 1850 1055 1939 soor
1081 1848 1226 1917 &auom
1249 1866 1274 1916 u
1299 1866 1365 1936 me,
1391 1845 1477 1938 quia
1502 1845 1629 1918 omnia·

450 1968 558 2043 simui
592 1973 717 2042 creata
750 1973 847 2060 sunt,
872 1987 910 2039 se
939 1986 1012 2038 ooo
1041 1974 1167 2056 ecem,
1199 1963 1300 2057 idest,
1326 1965 1390 2039 sed
1421 1965 1540 2038 sotum
1566 1983 1627 2038 res

450 2094 587 2162 eterne
618 2093 886 2181 precesserunt
915 2105 989 2179 me,
1015 2085 1151 2159 seilicet
1182 2092 1257 2158 tres
1286 2104 1463 2179 personae,
1493 2084 1631 2158 seilicet·

452 2207 579 2300 Pater,
612 2206 740 2300 Filius,
774 2211 812 2279 et
849 2204 1002 2298 Spiritus
1039 2202 1205 2277 Sanctus.
1241 2204 1307 2276 Alii
1342 2211 1465 2278 tamen
1502 2204 1628 2278 dicunt

453 2325 552 2420 quod
566 2318 604 2417 (¹)
630 2331 802 2399 eternum
829 2325 971 2419 capitur
996 2324 1054 2397 bic
1078 2343 1146 2417 pro
1171 2329 1348 2418 perpetuo
1380 2324 1458 2398 sive
1489 2343 1627 2417 coevo,

452 2435 541 2536 (Μ’)
568 2443 695 2518 dicunt
718 2443 818 2538 quod
843 2444 996 2540 angelus
1021 2442 1167 2518 videtur
1183 2444 1295 2518 tuisse
1313 2444 1414 2537 prius
1437 2464 1549 2537 quam
1567 2443 1628 2515 ln·

453 2562 592 2658 ternus,
618 2564 702 2639 lieet
725 2564 932 2658 peccaverit
956 2562 994 2637 in
1019 2562 1164 2638 instanti
1190 2584 1267 2638 sure
1297 2563 1514 2657 creationis3
1541 2582 1628 2636 nam

451 2683 552 2778 prius
568 2682 696 2759 debuit
712 2702 794 2759 esse
809 2683 917 2778 culpa
935 2705 1049 2777 quam
1066 2704 1196 2778 poena3
1215 2704 1282 2757 nec
1301 2689 1419 2778 potest
1437 2683 1506 2758 diei
1528 2683 1628 2777 quod

452 2805 606 2899 augelus
630 2804 741 2879 suerit
766 2802 875 2876 simui
900 2811 939 2878 et
955 2805 1069 2878 semel
1088 2805 1125 2877 in
1144 2805 1263 2900 gratia
1280 2811 1318 2879 et
1334 2810 1439 2879 extra
1456 2805 1624 2900 gratiam.

454 2924 498 2997 Et
522 2923 724 2998 secundum
749 2923 857 2996 istam
873 2913 910 3015 (³)
936 2924 1134 2998 secundam
1160 2925 1368 3018 opinionem
1389 2925 1493 2999 litera
1519 2923 1629 2998 debet

453 3044 507 3118 sie
530 3043 687 3137 exponi:
712 3063 790 3116 oure
822 3064 895 3115 ooo
921 3047 1007 3136 soor
1039 3051 1154 3116 mente
1183 3046 1325 3117 ἀὴιαηοί
1353 3064 1378 3116 α
1407 3065 1461 3116 me
1489 3064 1527 3115 re
1556 3064 1635 3115 ooo·

454 3171 583 3253 amru,
607 3162 752 3256 scilieet,
768 3163 900 3259 angeli.
919 3162 1021 3236 Unde
1045 3161 1150 3236 dicit:
1167 3165 1212 3235 ed
1230 3165 1266 3234 io
1282 3170 1400 3234 eterno
1416 3165 1520 3252 duro,
1537 3160 1629 3240 idest

453 3288 594 3375 eterne,
619 3280 706 3374 quia
730 3300 801 3378 ego
826 3282 993 3355 internus
1019 3280 1068 3355 ita
1094 3302 1175 3355 sum
1203 3287 1366 3374 eternus,
1392 3280 1485 3353 sicut
1517 3299 1630 3375 ange-

454 3401 529 3495 ius3
547 3406 585 3474 et
600 3399 653 3475 sie
668 3401 811 3494 capitur
828 3407 999 3476 eternum
1018 3401 1140 3474 minus
1158 3401 1305 3495 proprie
1327 3420 1439 3494 quam
1457 3401 1494 3473 in
1511 3401 1628 3495 prima

453 3519 702 3616 expositione;
728 3539 814 3594 uam
840 3520 989 3615 proprie
1014 3521 1197 3614 loquendo
1224 3521 1322 3594 solus
1347 3519 1445 3594 Deus
1467 3526 1523 3594 est
1540 3539 1637 3595 vere·

452 3645 615 3732 etemus‚
640 3638 705 3712 sed
729 3638 898 3712 tutemus
923 3646 979 3714 est
1011 3639 1130 3712 solum
1161 3645 1312 3714 eternus
1344 3659 1367 3712 a
1401 3645 1505 3733 parte
1537 3645 1629 3733 post,

453 3758 547 3832 sicut
580 3757 734 3851 ooeium,
767 3758 934 3854 angelus,
968 3759 1092 3833 anima
1116 3747 1152 3850 (⁴)
1191 3760 1391 3855 rationalis,
1425 3759 1628 3834 seeundum

454 3877 574 3952 tidem.
602 3876 646 3950 Et
669 3876 839 3971 proponit
862 3897 1010 3972 poeuam
1037 3878 1208 3952 omnibus
1238 3880 1456 3954 intrantibus
1481 3880 1628 3954 dicens:

454 3999 597 4070 tmoiute
618 3999 704 4088 oms
725 4016 906 4089 speranza
931 4001 989 4091 vot
1012 4000 1212 4071 cb'iotrote.
1235 3999 1300 4072 Hic
1325 4006 1410 4073 nota
1437 4000 1535 4093 quod
1560 3999 1635 4074 ista·

456 4122 512 4190 est
534 4114 716 4211 generalis
741 4121 779 4189 et
802 4135 977 4210 suprema
994 4119 1159 4191 omnium
1178 4139 1359 4213 penarum
1384 4120 1628 4214 infernalium,

456 4234 556 4328 quod
579 4255 771 4329 nunquam
797 4242 948 4330 possunt
972 4257 1123 4332 sperare
1136 4230 1173 4329 (⁵)
1201 4239 1309 4313 tinem
1340 4240 1399 4313 vei
1429 4241 1635 4315 terminum·

456 4372 598 4449 poenre3
623 4353 672 4429 ita
698 4355 796 4429 enim
828 4356 951 4430 anima
982 4357 1153 4432 damnata
1186 4358 1274 4432 vivit
1308 4359 1344 4432 in
1378 4365 1505 4434 eterna
1535 4380 1628 4455 pena

517 4551 546 4617 (¹)
560 4552 587 4605 Β·
603 4555 673 4619 quod
689 4555 796 4620 augelus
813 4557 915 4608 videtur
931 4557 1011 4609 tuisse
1028 4559 1100 4622 prius
1116 4572 1194 4623 quam
1209 4559 1339 4611 luterum,

517 4627 546 4693 (ἦ
562 4634 616 4691 tto,
633 4631 678 4681 bed
694 4630 784 4682 dicunt
800 4633 870 4697 quod
887 4634 1012 4699 Angelus,

517 4703 544 4768 (Ἴ
562 4710 616 4765 tiu,
632 4708 708 4758 istam
724 4710 877 4760 wnteuttun
892 4717 919 4762 et
935 4712 1082 4774 opinionem
1093 4712 1242 4772 secundam,
1254 4712 1337 4762 litera
1345 4737 1376 4751 -
1384 4711 1415 4762 It.
1430 4712 1506 4764 istam
1518 4713 1629 4777 primam

455 4781 648 4844 expositionem,
665 4783 761 4834 littera.

520 4856 548 4920 tt
564 4857 595 4908 R
611 4860 705 4910 numu
722 4862 857 4913 numus.
1170 4864 1196 4926 (η
1214 4869 1268 4925 uo,
1285 4864 1389 4916 urben.
