4154 6546
754 820 895 877 caurus
921 822 1066 877 antuus.
1442 806 1488 879 53
1516 873 1519 877 .

317 971 393 1039 tate
416 965 588 1061 Virgilius
612 965 681 1038 suit
704 965 1104 1061 circumspectissimus,
1122 973 1160 1041 et
1179 966 1282 1042 scivit
1306 967 1428 1043 iacere
1444 967 1492 1042 de

315 1084 435 1160 alieno
459 1105 583 1180 suum,
609 1106 695 1158 nam
723 1085 770 1159 ab
794 1086 966 1160 omnihus
990 1086 1105 1179 poetis
1128 1086 1311 1181 prioribus
1335 1086 1492 1161 detlora-

317 1203 367 1279 vit
390 1203 567 1298 quidquid
592 1204 765 1279 dixerunt
789 1205 875 1279 boni
900 1207 959 1280 vel
984 1205 1119 1301 pulcri3
1146 1205 1244 1280 unde
1268 1212 1349 1301 post
1373 1205 1494 1302 Virgi-

314 1323 405 1398 lium
430 1344 561 1399 omnes
585 1323 726 1418 antiqui
750 1330 869 1418 poetae
899 1325 998 1398 latini
1030 1325 1181 1399 luerunt
1205 1326 1372 1421 neglecti,
1398 1326 1493 1400 sicut

315 1450 353 1519 et
376 1450 458 1538 post
481 1443 712 1517 Aristotelem
738 1463 868 1518 omnes
892 1444 1032 1537 antiqui
1057 1443 1258 1539 philosophi
1280 1445 1391 1541 graeci
1410 1445 1492 1520 iue-

317 1569 407 1635 runt
437 1561 598 1657 relegati.
630 1562 676 1635 ttt
705 1561 823 1636 reddit
852 1582 1001 1636 causam
1034 1561 1181 1636 dicens:
1212 1566 1262 1636 clt’
1276 1566 1344 1636 cllo
1374 1566 1423 1636 mi
1449 1567 1492 1657 sc

317 1688 453 1754 &emar
472 1684 601 1755 levem
623 1703 643 1754 e
665 1684 680 1755 i
698 1684 805 1774 polsi,
825 1681 917 1755 idest
936 1681 1023 1775 quia
1043 1682 1120 1778 ipsa
1137 1684 1222 1778 lupa
1240 1684 1356 1778 replet
1371 1677 1409 1775 (¹)
1429 1702 1492 1757 me

318 1806 438 1874 totum
455 1799 597 1895 timore,
614 1800 720 1896 cuius
737 1801 883 1897 signum
901 1806 957 1874 est
968 1807 1110 1875 tremor
1126 1801 1236 1877 totius
1254 1801 1417 1896 corporis
1426 1825 1437 1896 ;
1453 1801 1491 1874 in

319 1919 452 1994 timore
474 1920 573 1995 enim
598 1940 703 1995 venae
729 1927 934 1995 vacuantur
956 1920 1145 2017 sanguine,
1163 1922 1227 2016 qui
1242 1912 1279 2015 (¹)
1306 1921 1493 1996 concurrit

317 2038 464 2134 adcor,
489 2038 572 2115 ideo
601 2038 725 2114 omnia
754 2040 922 2113 membra
958 2047 1133 2135 tremunt,
1159 2049 1196 2117 et
1229 2048 1332 2115 tanto
1365 2041 1491 2138 magis,

316 2165 455 2254 quanto
479 2160 598 2256 magis
623 2167 709 2234 sunt
733 2159 931 2255 longinqua
956 2179 979 2232 a
1005 2157 1126 2233 eorde.

389 2286 477 2353 Ate
507 2281 653 2353 mnoien
683 2287 806 2352 unere.
840 2279 911 2353 lsta
941 2284 997 2352 est
1029 2277 1156 2371 quinta
1184 2299 1269 2373 pars
1299 2278 1492 2376 generalis,

316 2397 354 2472 in
377 2419 452 2492 qua
477 2404 587 2473 autor
613 2397 715 2492 ponit
739 2395 1013 2491 responsionem
1034 2395 1171 2492 Virgilii
1195 2396 1242 2470 ad
1267 2418 1373 2471 suam
1398 2397 1491 2492 peti-

318 2518 466 2612 tionem,
483 2517 547 2611 qui
561 2516 732 2613 Virgilius
748 2515 811 2590 dat
834 2515 902 2588 sibi
927 2535 1038 2589 suum
1064 2514 1267 2611 consilium,
1286 2525 1323 2592 et
1339 2516 1492 2612 spondet

318 2636 507 2711 auxilium.
542 2636 588 2709 Et
621 2635 659 2708 in
690 2634 757 2709 ista
775 2692 778 2696 Α
795 2633 1031 2728 responsione
1067 2655 1135 2709 sua
1171 2635 1292 2730 primo
1321 2636 1492 2732 Virgilius

317 2756 474 2832 ostendit
488 2754 589 2852 quod
604 2754 705 2828 aliud
721 2754 791 2828 iter
808 2760 864 2828 est
879 2753 1110 2850 eligendum3
1136 2755 1200 2830 sed
1225 2755 1347 2830 statim
1372 2762 1492 2850 potest

318 2876 425 2973 objici
441 2876 540 2971 quod
557 2880 668 2949 autor
685 2873 830 2949 videtur
850 2874 988 2969 cepisse
1006 2874 1184 2969 optimum
1201 2865 1238 2967 (³)
1260 2876 1341 2969 iter,
1359 2875 1494 2950 scilicet

320 2996 390 3070 iter
405 2994 550 3070 virtutis
562 2983 601 3087 (⁸)
618 3014 685 3089 per
702 2999 876 3068 montem.
890 2994 946 3067 ld
956 2995 1027 3068 hoc
1040 2994 1165 3069 dicunt
1179 2995 1292 3089 aliqui
1310 2997 1408 3090 quod
1425 2996 1493 3069 ista

320 3113 427 3188 litera
450 3112 559 3188 debet
582 3113 636 3187 sic
656 3112 824 3209 intelligi:
843 3133 868 3184 a
885 3116 1074 3185 laconum
1092 3121 1205 3186 onec
1224 3118 1317 3187 ultre
1337 3117 1492 3205 cieqpio,

319 3231 457 3307 scilicet
472 3252 586 3326 quam
602 3231 786 3306 declinare
809 3230 857 3306 ad
882 3230 1015 3305 vallem
1033 3230 1224 3306 viciorum.
1246 3231 1316 3306 Sed
1333 3232 1401 3306 ista
1419 3252 1493 3307 non

321 3360 378 3430 est
389 3353 540 3428 intentio
557 3350 705 3449 Virgilii,
719 3351 794 3424 imo
811 3350 982 3446 Virgilius
998 3349 1108 3424 ducet
1123 3342 1158 3443 (⁶)
1179 3356 1349 3424 autorem
1368 3349 1413 3424 ad
1433 3351 1493 3423 ln-

320 3475 467 3551 iernum
484 3493 553 3569 per
569 3471 675 3545 istam
694 3471 826 3546 vallem
839 3460 876 3562 (⁶)
890 3477 1015 3545 tamen
1027 3470 1132 3545 aliter
1148 3490 1261 3564 quam
1278 3470 1391 3565 prius,
1405 3468 1492 3563 quia

319 3594 454 3672 scilicet
469 3590 647 3689 perviam
660 3589 924 3685 speculationis.
938 3589 1022 3664 ldeo
1036 3590 1125 3664 milri
1139 3590 1282 3665 videtur
1298 3589 1493 3664 dicendum

320 3714 418 3809 quod
443 3710 615 3809 Virgilius
639 3711 719 3784 vult
741 3709 876 3802 dicere,
902 3709 1001 3803 quod
1030 3709 1151 3783 adhuc
1180 3709 1324 3782 nonsit
1349 3714 1493 3803 tempus

321 3833 430 3911 eundi
442 3832 489 3908 ad
503 3838 679 3924 montem,
690 3829 777 3924 quia
789 3849 864 3903 non
876 3836 995 3924 potest
1007 3830 1118 3904 homo
1130 3817 1324 3922 feliciter(⁷)
1338 3826 1493 3902 transire

320 3955 367 4029 de
389 3959 561 4030 extremo
585 3949 631 4025 ad
656 3954 888 4042 extremum3
910 3969 996 4023 nam
1022 3970 1096 4023 non
1121 3956 1240 4043 potest
1263 3947 1345 4042 quis
1370 3944 1492 4021 statim

321 4094 368 4150 ex
384 4078 578 4170 peccatore
593 4069 673 4144 lieri
689 4075 848 4163 sanctus,
861 4067 925 4142 sed
937 4075 1082 4163 oportet
1102 4066 1276 4162 paulatim
1293 4065 1493 4162 procedere

322 4200 360 4268 et
382 4190 606 4267 descendere
629 4189 730 4284 prius
754 4188 803 4261 ad
830 4187 1029 4282 infernum,
1055 4188 1146 4261 idest
1172 4186 1219 4260 ad
1248 4185 1493 4283 cognitionem

323 4312 514 4405 viciorum,
540 4309 627 4403 quia
652 4306 809 4402 cognitio
838 4309 976 4402 peccati
1001 4307 1143 4381 initium
1175 4313 1230 4381 est
1260 4306 1493 4401 poenitentiae,

322 4438 362 4506 et
385 4430 525 4504 malum
541 4427 609 4502 nisi
628 4426 817 4522 cognitum
834 4426 942 4500 vitari
959 4447 1033 4501 non
1048 4433 1177 4521 potest.
1196 4425 1282 4500 Vult
1301 4444 1392 4520 ergo
1408 4423 1495 4497 bre·

385 4693 416 4756 (¹)
431 4691 457 4743 8.
473 4696 557 4743 terret
571 4704 615 4742 me
631 4695 725 4742 totum.
913 4689 943 4752 (¹)
960 4690 991 4741 lt.
1007 4691 1068 4755 qula
1085 4692 1225 4741 concurrlt.

385 4768 414 4832 (¹)
429 4768 461 4819 R
476 4772 595 4833 optatum
610 4769 668 4820 lter.
911 4766 941 4828 (⁸)
959 4772 1005 4818 llo
1020 4780 1036 4818 ο
1053 4767 1084 4817 lt.
1100 4768 1237 4818 virtulum.

385 4844 416 4907 (’)
431 4844 462 4895 ll.
476 4845 557 4896 ducit.
918 4843 943 4902 l')
958 4843 985 4894 S.
1000 4844 1097 4897 vallem
1113 4843 1198 4895 aliter.

384 4917 414 4983 Γ)
430 4925 485 4983 m,
500 4921 613 4973 unare
626 4919 747 4973 reditu.
