4154 6546
450 789 521 857 att
845 795 1048 853 commun
1073 797 1225 851 aarum

434 943 554 1069 Listam
585 940 802 1017 waoentiam
835 939 1037 1015 autoritate
1066 937 1227 1034 Virgilii·;
1261 937 1343 1013 ideo
1374 938 1482 1013 dicit:
1512 959 1533 1012 a
1558 932 1614 1013 uid

447 1083 490 1134 so
516 1064 544 1134 it
571 1068 631 1133 tuo
660 1062 808 1149 datore
839 1059 927 1151 qaia
960 1058 1098 1135 scilicet
1126 1056 1297 1153 Virgilius
1326 1053 1427 1152 ponit
1459 1057 1614 1133 similem

447 1179 600 1256 modum
631 1177 804 1271 loquendi
835 1197 949 1271 quem
981 1177 1064 1253 iacit
1091 1177 1210 1253 aneas
1240 1175 1368 1251 Didoni
1397 1182 1615 1251 narraturus

448 1297 630 1371 excidium
648 1296 775 1390 Trojae,
793 1296 893 1390 quod
909 1296 1071 1372 declarat
1087 1295 1192 1373 litera
1208 1314 1384 1387 aequem:
1402 1315 1462 1369 rua
1482 1297 1520 1370 to
1535 1284 1615 1367 ard

449 1437 544 1488 corne
565 1419 658 1489 coleti
675 1419 807 1507 pinam
830 1438 851 1489 e
875 1419 963 1508 dice,
987 1416 1093 1510 quasi
1119 1415 1239 1497 dicat-t
1272 1417 1405 1508 loquar
1429 1414 1616 1510 plorando,

449 1533 633 1627 quianon
663 1553 808 1627 possem
840 1536 918 1609 sine
949 1536 1074 1628 planto
1106 1542 1144 1610 et
1173 1535 1335 1610 lacrimis
1369 1553 1524 1609 narrare
1552 1533 1615 1609 tini

449 1662 524 1728 tam
549 1673 722 1729 amarum
747 1676 874 1730 casnm
900 1675 1051 1730 causam
1077 1674 1171 1728 mea
1196 1654 1326 1729 mortis
1348 1660 1387 1729 et
1411 1653 1615 1729 mannaan

450 1772 522 1864 nis3
547 1779 586 1846 et
609 1773 679 1847 hoc
703 1773 833 1847 faciam
858 1794 895 1846 se
918 1781 955 1846 tu
977 1775 1038 1847 toi
1051 1779 1189 1845 cotardo
1209 1777 1340 1863 mato,
1357 1773 1448 1846 idest
1475 1778 1613 1846 tanum

448 1890 688 1982 allectionem,
714 1889 800 1982 quia
832 1899 942 1967 autor
975 1889 1167 1964 videbatur
1202 1890 1363 1963 multum
1397 1890 1527 1965 avidus
1558 1889 1614 1963 di·

449 2008 581 2099 scendi,
606 2029 631 2080 a
654 2029 817 2083 coaoscer
841 2012 879 2082 ln
897 2011 1018 2100 nime
1041 2009 1174 2097 radice,
1195 2006 1286 2082 idest
1306 2006 1487 2102 originem
1514 2007 1615 2101 prin-

448 2128 601 2220 cipalem
626 2134 664 2200 et
689 2126 897 2216 radicalem,
922 2130 1122 2200 detonsae
1137 2144 1265 2216 amem
1287 2124 1384 2200 unde
1401 2131 1490 2199 uota
1514 2125 1614 2217 quod

323 2262 327 2268 ·
450 2246 532 2320 licet
557 2246 840 2341 Franciscajam
858 2245 1121 2320 manifestasset
1137 2263 1267 2318 eornm
1283 2262 1452 2319 amorem
1470 2243 1507 2316 in
1523 2262 1613 2318 con·

448 2366 540 2456 tuso,
567 2386 640 2440 nnn
666 2375 789 2441 tamen
814 2364 1109 2441 manifestaverat
1133 2361 1293 2437 radicem
1318 2361 1492 2435 latentem
1517 2360 1613 2437 illius

448 2482 595 2573 amoris,
622 2484 708 2577 quia
734 2490 775 2556 ut
803 2483 878 2575 ipsa
907 2482 1027 2557 statim
1059 2480 1166 2571 dicet,
1198 2499 1273 2554 una
1304 2479 1444 2555 lectura
1474 2479 1611 2554 detexit
1674 2517 1680 2528 ·

449 2618 615 2671 amorem
648 2602 712 2694 qui
744 2599 896 2674 ardebat
929 2599 1092 2673 interius
1128 2602 1204 2673 Nol.
1235 2598 1300 2672 llic
1322 2598 1524 2702 Francisca
1556 2599 1613 2674 ta·

449 2718 497 2790 cit
521 2737 628 2790 suam
643 2717 899 2808 ,narrationem
925 2722 963 2791 et
987 2723 1113 2791 narrat
1143 2717 1245 2812 signa
1271 2736 1336 2809 per
1367 2737 1452 2811 quae
1476 2737 1612 2812 eogno-

448 2836 499 2908 vit
532 2834 631 2927 qnod
660 2835 796 2909 Paulus
823 2835 973 2911 amabat
999 2854 1083 2910 eam
1117 2843 1153 2909 et
1186 2836 1263 2930 ipsa
1293 2856 1393 2928 eum,
1423 2836 1510 2928 quia
1542 2836 1613 2910 sci·

450 2955 532 3029 licet
555 2955 670 3029 semel
689 2953 859 3048 legebant
882 2952 928 3028 de
952 2954 1107 3029 materia
1126 2974 1308 3048 amorosa,
1325 2955 1410 3048 quia
1427 2955 1492 3029 ubi
1507 2973 1614 3029 amor

450 3072 497 3145 ibi
528 3073 670 3164 oculus,
699 3071 763 3145 nbi
790 3071 895 3147 dolor
927 3072 975 3145 ibi
1008 3092 1164 3165 manus3
1197 3080 1236 3147 et
1267 3073 1391 3168 lingna
1422 3072 1520 3148 vadit
1550 3071 1614 3145 ubi

449 3198 503 3265 est
532 3191 636 3264 dolor
663 3184 790 3277 denda
822 3190 913 3264 Dicit
945 3210 1053 3285 ergo:
1085 3194 1153 3265 Noc·
1180 3195 1381 3282 eppeoomo
1409 3212 1458 3265 on
1486 3195 1614 3281 pionte

443 3331 511 3400 per
546 3312 661 3382 dileuo
698 3311 736 3381 a·
771 3312 978 3398 mewtw,
1014 3309 1126 3384 milite
1159 3309 1284 3401 nobili,
1315 3330 1410 3382 corrw
1442 3330 1546 3383 maor
1579 3313 1614 3382 lo

447 3432 572 3500 scrisse
596 3427 730 3503 scilicet
745 3447 835 3522 erga
856 3428 1020 3522 reginam
1037 3427 1261 3502 Zineveram.
1278 3429 1323 3501 Et
1343 3428 1395 3502 sic
1412 3437 1497 3503 nota
1514 3430 1614 3522 quod

447 3547 553 3620 lectio
573 3545 734 3640 jocunda
759 3545 939 3618 librorum
963 3545 1100 3619 amoris
1128 3552 1304 3638 provocat
1332 3546 1379 3619 ad
1404 3546 1598 3633 libidinem

449 3664 529 3739 ideo
553 3663 760 3737 ieronimus
784 3661 952 3754 prohibet
967 3661 1107 3736 clericis
1123 3681 1172 3736 ne
1188 3661 1310 3756 legant
1326 3663 1490 3736 carmina
1507 3681 1613 3737 ama·

448 3784 540 3856 toria
565 3789 768 3876 poetarum,
795 3786 833 3855 et
856 3779 961 3853 dicit:
986 3782 1060 3854 Soli
1089 3799 1257 3853 adsumo
1287 3801 1395 3854 rouzo
1426 3783 1529 3855 darn
1551 3800 1612 3853 ao-

446 3909 581 3992 spetto‚·
605 3921 692 3976 ecce
716 3899 815 3973 atiud
840 3899 1233 3992 incitamentumque
1253 3899 1530 3992 proverbialiter
1554 3899 1612 3975 di·

447 4019 543 4091 citur
568 4019 666 4110 quod
690 4017 940 4112 opportunitas
965 4016 1049 4091 tacit
1073 4017 1240 4092 homines
1263 4017 1364 4092 tures
1393 4023 1429 4092 et
1459 4016 1612 4091 feminas

449 4137 670 4212 meretrices.
698 4136 798 4212 Unde
821 4135 1001 4228 usquead
1019 4136 1150 4210 horam
1166 4136 1273 4211 istam
1290 4138 1449 4212 latuerat
1464 4137 1613 4210 flamma

447 4256 595 4348 amoris,
615 4277 683 4348 per
701 4251 765 4348 pisi
786 4258 882 4347 ficte,
906 4274 995 4330 ecce
1018 4256 1180 4349 primum
1208 4256 1368 4351 signum,
1393 4256 1480 4348 quia
1503 4254 1611 4330 dicit:

448 4379 560 4464 puello
578 4380 701 4449 tettae
725 4377 758 4448 ci
780 4377 935 4466 respons
949 4376 1000 4464 pti
1018 4376 1125 4462 ooett',
1142 4373 1230 4467 qnia
1245 4374 1425 4467 ecepimus
1441 4374 1613 4466 frequen·

448 4501 503 4567 ter
529 4500 566 4568 et
591 4495 662 4568 fixe
689 4494 832 4588 jactare
862 4494 988 4569 oculos
1020 4493 1129 4568 unius
1158 4494 1195 4569 in
1226 4494 1356 4569 taciem
1384 4493 1548 4585 aterius,
1576 4499 1613 4569 et

448 4614 651 4705 impudicus
673 4614 804 4688 oculus
829 4612 1000 4706 impudici
1024 4612 1147 4687 cordis
1167 4623 1224 4690 est
1239 4613 1409 4704 nuncius,
1428 4618 1521 4687 teste
1536 4611 1613 4685 du·

447 4731 603 4825 guatino,
622 4753 640 4801 e
660 4734 849 4803 scolorocci
863 4734 891 4803 a
906 4733 1000 4821 oiso;
1017 4732 1207 4823 proprium
1224 4731 1323 4804 enim
1341 4740 1397 4805 est
1418 4735 1610 4803 amantum

449 4850 657 4944 pallescere,
675 4855 717 4920 ut
736 4848 821 4921 dicit
837 4848 992 4929 ‚Ovidius
1018 4869 1174 4943 magnus
1199 4849 1373 4944 magister
1395 4846 1550 4938 amoris;
1575 4859 1611 4925 et
