4154 6546
724 804 863 860 usurus
887 805 1081 863 sscuunus.
1439 794 1486 861 85

315 976 405 1031 rum
418 945 457 1047 (⁴)
473 972 556 1028 esse
581 956 923 1046 quantumcumque
943 951 1077 1026 nahem
1101 951 1183 1046 quis
1206 951 1296 1026 alias
1312 952 1486 1046 virtutes3

314 1096 382 1153 nec
394 1075 472 1151 sola
484 1073 575 1147 tides
590 1070 734 1164 suflicit,
749 1091 833 1165 qun
847 1071 924 1146 sine
935 1071 1111 1166 operibus
1124 1076 1273 1145 mortua
1285 1077 1350 1146 est.
1365 1074 1428 1146 llo
1439 1064 1486 1144 io.

313 1197 379 1272 ll‘m
393 1199 507 1271 autor
522 1192 705 1267 concludit
729 1196 857 1266 contra
876 1192 1152 1286 persuasionem
1174 1192 1312 1289 Virgilii
1329 1197 1366 1268 et
1383 1192 1487 1267 dicit:

313 1337 374 1391 mo
394 1319 434 1390 io
455 1307 590 1408 pontt
617 1313 763 1402 nomm,
795 1310 900 1405 qtrasi
933 1311 1048 1386 dicat:
1081 1312 1155 1385 dixi
1187 1312 1252 1386 tihi
1283 1313 1417 1407 quibus
1441 1332 1488 1387 ex

314 1435 435 1511 nausis
457 1434 577 1507 lineas
601 1437 639 1506 et
663 1432 801 1505 Paulus
825 1430 957 1504 iverint
981 1431 1075 1506 alter
1100 1431 1146 1505 ad
1170 1432 1369 1526 lnlernum,
1395 1433 1490 1508 alter

314 1554 362 1630 ad
377 1552 612 1644 Paradisum
638 1549 702 1624 sed
728 1569 799 1645 ego
823 1553 970 1643 queret
994 1551 1097 1625 Unde
1121 1549 1218 1644 dicit,
1241 1572 1263 1623 o
1287 1553 1342 1624 clo·
1356 1554 1384 1623 't
1404 1572 1489 1624 con-

315 1676 409 1765 cedo,
425 1670 530 1766 quasi
545 1669 654 1764 dicat,
671 1669 754 1762 quis
768 1661 878 1760 datt²l
896 1668 984 1742 milri
1001 1671 1157 1765 gratiam
1178 1671 1386 1766 specialem,
1404 1691 1488 1764 quae

314 1810 487 1870 oannem
503 1791 572 1863 luit
585 1789 664 1862 istis
678 1788 783 1864 dictis
798 1788 845 1862 de
861 1789 1006 1863 causis?
1018 1789 1127 1864 Certe
1140 1792 1238 1865 nulla
1249 1781 1287 1882 (⁸)
1299 1791 1380 1864 talis
1394 1789 1488 1865 ratio

315 1919 370 1988 ωε
393 1912 432 1985 in
457 1904 528 1984 me.
553 1907 660 1998 Quod
683 1908 815 2003 probat
830 1927 918 1981 cum
937 1909 1077 1982 subdit:
1094 1912 1129 1981 io
1149 1930 1221 1982 non
1238 1915 1349 2000 Enoc,
1363 1912 1400 1981 io
1415 1929 1488 1981 non

315 2035 426 2105 Paoto
448 2049 551 2120 sono,
576 2027 675 2122 quod
700 2032 757 2102 est
784 2029 929 2102 dicere:
962 2029 1045 2103 licet
1076 2030 1206 2125 linens,
1238 2030 1302 2124 qui
1332 2029 1489 2104 debebat

314 2151 470 2226 lundnre
492 2166 691 2223 numanum
717 2147 980 2241 imperiumst
1004 2149 1151 2243 Paulus,
1169 2150 1234 2243 qui
1253 2148 1408 2223 debebat
1424 2148 1488 2221 lir-

313 2289 418 2345 mare
441 2268 551 2343 tidem
577 2267 806 2359 catholicam,
831 2266 963 2340 iverint
993 2266 1039 2340 ad
1064 2266 1252 2341 lniemum
1277 2273 1316 2342 et
1340 2268 1488 2341 Paradi-

315 2412 409 2486 sum,
435 2408 508 2487 agn
530 2407 661 2482 quare,
687 2387 747 2462 vel
771 2385 958 2479 quomodo
983 2384 1067 2460 ibot
1091 2386 1181 2460 Sum
1196 2376 1234 2479 (⁸)
1260 2388 1357 2463 enim
1375 2389 1488 2462 homo

316 2509 478 2603 privatus
502 2511 683 2601 quantum
718 2504 765 2579 ad
799 2505 948 2598 Bucam,
975 2509 1012 2578 ct
1035 2511 1205 2599 peccator
1231 2512 1411 2600 quantum
1438 2507 1485 2582 ad

315 2629 483 2722 Paulum,
503 2632 542 2702 et
560 2644 629 2720 per
651 2642 882 2718 consequens
901 2645 955 2696 me
974 2626 1088 2715 mono
1104 2645 1130 2696 o
1145 2619 1200 2697 oid
1219 2620 1265 2698 nd
1279 2628 1329 2717 io,
1344 2619 1490 2700 addon·

315 2750 429 2839 node,
453 2745 557 2840 idon,
581 2764 650 2819 nec
675 2763 757 2840 ego,
783 2763 852 2817 neo
876 2743 970 2816 alins
993 2743 1040 2818 de
1070 2764 1131 2818 me
1163 2745 1233 2819 hoc
1265 2746 1390 2820 credit
1417 2744 1488 2820 Sed

315 2873 417 2941 certe
440 2866 578 2941 Paulus
611 2870 691 2939 crat
714 2869 886 2959 peccator
911 2870 949 2937 et
973 2871 1187 2958 persecutor
1199 2855 1238 2957 (ὅ)
1264 2864 1367 2939 istius
1393 2866 1486 2960 ndei,

316 2984 463 3078 qnnndo
484 2984 554 3059 tuit
585 2991 711 3079 raptus
735 3003 783 3058 er
816 2984 945 3080 gratia,
971 2989 1008 3058 et
1042 2984 1091 3057 ita
1120 2990 1230 3057 autor
1262 2991 1387 3059 noster
1421 3006 1488 3080 per

316 3101 473 3199 gratiam
507 3104 574 3178 luit
609 3109 747 3179 tractus
784 3103 830 3177 ad
868 3103 973 3176 istam
1008 3103 1364 3199 contemplationem,
1393 3107 1487 3180 sicut

316 3222 438 3296 statim
472 3223 702 3320 respondebit
735 3222 802 3296 sibi
831 3221 1011 3317 Virgilius.
1046 3222 1091 3293 Et
1120 3222 1302 3296 concludit
1337 3245 1486 3299 causam

316 3361 394 3415 snae
424 3342 655 3436 dubitationis
690 3349 727 3417 et
759 3343 869 3438 justas
908 3341 1114 3436 suspitionis
1150 3341 1284 3436 dicens,
1317 3347 1437 3436 perol’
1451 3347 1488 3417 to

315 3469 405 3534 teum
422 3464 482 3536 ote
505 3465 544 3535 to
560 3469 686 3535 mutato
699 3466 773 3534 non
787 3464 844 3534 sto
856 3463 952 3555 sotto,
969 3460 1061 3535 idest
1076 3450 1127 3554 (θ),
1145 3460 1211 3535 ista
1234 3481 1319 3536 meu
1335 3461 1488 3537 descen·

314 3580 369 3654 sio
392 3579 439 3655 ad
463 3579 663 3674 hiemum,
688 3581 746 3655 vel
771 3580 936 3655 ascensio
960 3579 1006 3654 ad
1027 3581 1285 3677 Purgntnrium
1312 3588 1350 3656 et
1375 3584 1488 3658 Para-

314 3699 433 3774 disum
459 3699 506 3773 sit
530 3700 738 3792 temeraria,
763 3720 801 3772 se
825 3703 870 3772 m'
883 3701 1092 3772 moenem
1117 3703 1156 3772 ot
1186 3702 1316 3791 vente,
1341 3700 1433 3776 idest
1458 3703 1488 3776 si

315 3821 519 3894 inconsulte
542 3838 613 3915 ego
637 3819 734 3894 intro
758 3820 838 3893 iter.
865 3821 908 3893 llt
925 3820 1027 3894 dicit:
1050 3822 1098 3892 sa'
1109 3823 1209 3893 socio
1231 3823 1394 3894 e'ntondt'
1409 3826 1487 3912 Μ’,

315 3941 407 4016 idest
430 3940 574 4034 melius,
599 3941 698 4013 cl’to
721 3960 793 4012 non
817 3943 982 4032 romono,
1008 3941 1112 4033 quasi
1141 3941 1260 4015 dicat:
1292 3933 1486 4034 medad)

316 4067 371 4134 ω
391 4061 493 4134 sunio
516 4062 653 4133 enoendi
676 4063 800 4150 moneo
823 4062 921 4132 clt'io
946 4080 1018 4132 non
1047 4064 1092 4133 tol
1118 4080 1159 4132 so
1183 4063 1273 4152 dire,
1298 4060 1398 4135 unde
1423 4061 1485 4135 tibi

316 4180 506 4255 committo
529 4179 585 4253 ire
608 4185 647 4253 et
671 4198 865 4254 remanere
878 4169 926 4270 (⁸).
953 4185 987 4252 Ε
1008 4182 1119 4271 moa.
1151 4179 1215 4253 llic
1247 4185 1357 4253 autor
1387 4182 1488 4275 ponit

1380 4325 1487 4336 —.

379 4393 407 4454 ι’)
420 4391 447 4443 8.
462 4391 575 4456 Quam
590 4389 699 4443 dium.
981 4392 1009 4452 (¹)
1026 4390 1056 4442 n
1073 4390 1142 4440 dabit
1157 4390 1230 4440 milri.

379 4466 452 4532 (¹)1t
467 4466 543 4519 farte
559 4467 662 4529 nullon
678 4473 705 4518 ct
722 4469 780 4519 tells
796 4469 863 4519 ratio
879 4473 918 4518 cst
934 4468 961 4518 ln
976 4480 1027 4516 mc.

377 4543 407 4607 θ)
420 4542 452 4596 B.
467 4544 532 4596 Sam
547 4545 588 4596 vir
604 4545 727 4607 primus.

377 4621 406 4685 v}
419 4620 446 4673 8.
462 4626 490 4673 ot
504 4626 657 4685 pomcutor
672 4622 740 4672 tldel.
750 4649 780 4661 -
791 4622 821 4674 lt.
837 4627 864 4673 ct
880 4621 939 4673 tidot
954 4626 1049 4673 nostrae
1065 4626 1225 4685 nersecumr.

376 4695 403 4757 θ)
419 4701 466 4748 tto
481 4709 497 4747 c
512 4695 538 4747 S.
555 4696 620 4747 ldcst
636 4711 670 4748 nc
686 4699 742 4749 ista.

377 4772 403 4833 ζ’)
418 4772 449 4823 R
468 4774 579 4824 moon
594 4779 624 4823 to
637 4774 671 4823 κ’
680 4775 760 4824 conio.
772 4801 802 4813 -
811 4774 837 4825 S.
855 4776 974 4834 tottnoto,
987 4781 1015 4825 tu
1031 4787 1060 4825 es
1075 4775 1174 4838 uolans
1183 4773 1287 4824 intende
1298 4772 1392 4823 mellus
1407 4787 1487 4838 quam

314 4861 364 4912 ego
379 4849 459 4899 actm
474 4849 520 4899 unt
536 4849 638 4910 dicam
656 4852 723 4900 undo
740 4852 785 4901 tint
802 4853 946 4903 committo.
1131 4871 1132 4874 ¹

378 4923 405 4984 (tl
421 4924 453 4974 B.
468 4925 509 4976 tra
523 4930 551 4975 et
566 4938 693 4976 mro.
