4154 6546
475 809 546 874 206
865 814 1067 871 communi
1091 814 1241 869 mmm

475 962 630 1060 cognati,
656 960 827 1057 legebant
851 961 965 1036 semel
989 960 1028 1035 in
1052 979 1202 1036 camera
1228 959 1342 1055 ipsius
1365 958 1522 1035 domium
1541 953 1579 1052 (¹)
1604 959 1643 1036 in

476 1102 550 1158 uno
573 1081 666 1156 libro
691 1080 834 1177 vulgari
859 1078 906 1155 de
930 1079 1068 1154 Tabula
1093 1079 1273 1173 Rotunda,
1299 1080 1337 1153 in
1367 1099 1442 1174 quo
1466 1079 1641 1177 seriptum

472 1208 553 1277 erat
577 1199 764 1296 quomodo
788 1199 1007 1274 Lanoillotus
1030 1198 1118 1272 olim
1140 1205 1269 1294 captus
1288 1205 1345 1274 est
1361 1218 1489 1274 amore
1506 1198 1643 1296 regina

473 1320 647 1412 Zinevroe,
672 1325 710 1393 et
730 1317 915 1411 quomodo
931 1336 998 1413 per
1015 1317 1212 1392 mediatam
1227 1309 1265 1409 (¹)
1284 1336 1492 1413 personam,
1508 1318 1645 1394 wilioet

472 1438 695 1530 Galeottum,
712 1436 912 1532 principem
924 1436 1129 1511 insularum
1145 1435 1443 1534 longinquarum,
1460 1437 1643 1533 nonjuneti

472 1562 559 1630 sunt
574 1555 684 1630 omul
699 1554 747 1629 ad
763 1554 1026 1630 eonferendum
1042 1555 1089 1631 de
1100 1574 1230 1631 amore
1242 1575 1393 1651 eorum,
1407 1563 1445 1632 et
1456 1556 1643 1650 quomodo

471 1675 591 1749 dictus
615 1674 834 1749 laneillotus
858 1674 994 1748 virtute
1018 1673 1121 1748 istius
1146 1673 1347 1749 oollationis
1371 1674 1519 1771 cognito
1539 1694 1644 1751 amo·

472 1813 559 1870 roso
586 1792 671 1890 igne
700 1792 768 1867 luit
798 1792 984 1868 osculatus
1004 1783 1044 1885 (³)
1067 1792 1115 1867 ah
1146 1793 1222 1888 ipsa
1255 1794 1393 1889 regina.
1425 1794 1519 1869 Cum
1551 1814 1643 1893 ergo

359 1904 367 1933 ³
472 1912 623 2007 predicti
647 1912 784 1985 Paulus
808 1917 846 1987 et
861 1911 1054 1986 Francisoa
1071 1911 1321 2007 pervenissent
1337 1912 1382 1987 ad
1403 1913 1542 1988 dietum
1559 1935 1644 2011 pas

470 2051 569 2124 sum,
593 2031 643 2105 ita
668 2029 722 2104 vis
746 2029 849 2104 istim
873 2036 1052 2104 tractatus
1076 2029 1162 2104 vioit
1179 2017 1218 2120 (ἢ
1242 2030 1384 2125 ambos,
1401 2032 1501 2127 quod
1524 2034 1643 2108 oonti·

471 2170 548 2225 nuo
570 2148 733 2244 deposito
759 2148 852 2223 libro
876 2149 1105 2224 devenerunt
1120 2149 1168 2224 nd
1184 2150 1368 2244 osculum,
1386 2159 1424 2227 et
1440 2151 1487 2226 ad
1503 2159 1641 2246 oetera,

469 2288 555 2363 qum
580 2276 800 2364 sequuntur.
826 2269 903 2343 lloc
926 2274 1053 2342 autem
1079 2260 1235 2343 in'brevi
1261 2268 1461 2364 significato
1486 2270 1640 2346 Iohanni

469 2409 535 2482 per
561 2408 680 2462 unum
707 2387 936 2480 familiarem,
961 2387 1090 2462 ambos
1113 2385 1224 2460 simul
1248 2386 1286 2460 in
1309 2387 1405 2462 duta
1432 2407 1582 2464 canera
1601 2381 1638 2480 (⁶)

446 2506 536 2606 Luni
561 2514 820 2599 oonvenerant,
849 2506 1214 2594 mactavit-(iamt
1240 2505 1306 2580 llio
1320 2514 1430 2581 autor
1446 2509 1548 2602 pouit
1563 2530 1642 2585 suae

472 2624 652 2718 petitionis
677 2624 849 2699 ellectum
867 2645 933 2718 per
953 2644 1065 2699 unam
1087 2624 1410 2720 comparationem,
1428 2626 1535 2702 cuius
1558 2647 1643 2704 seu·

472 2743 583 2817 tentia
603 2750 659 2816 est
675 2743 795 2817 clara:
813 2742 894 2816 ideo
910 2742 1038 2818 ordina
1056 2742 1199 2818 literam
1216 2743 1288 2817 sic:
1305 2749 1344 2818 et
1359 2744 1409 2818 illi
1425 2744 1501 2820 duo
1512 2764 1641 2822 aman-

472 2869 539 2955 ns,
562 2864 679 2934 nscio
703 2863 747 2935 de
770 2866 809 2936 lo
832 2863 968 2935 ollem
983 2855 1089 2936 ortale
1105 2864 1211 2955 Dido,
1229 2863 1321 2939 idest
1336 2863 1384 2940 de
1400 2865 1510 2940 turha
1530 2865 1642 2941 luxu·

473 2982 671 3074 riosorum,
699 2981 794 3056 inter
825 3000 919 3075 quos
951 2972 1179 3074 est(⁰)1›id0
1210 3003 1405 3078 amorosa3
1439 2987 1594 3061 amardo
1616 3006 1641 3058 o

472 3103 533 3173 not
551 3122 620 3193 par
643 3104 667 3174 t’
679 3104 757 3174 aire
780 3103 949 3193 motione,
974 3101 1066 3177 idest
1091 3101 1188 3178 male
1204 3101 1373 3198 ignitum,
1390 3103 1510 3198 qualis
1533 3110 1590 3179 est
1603 3104 1640 3179 in

473 3220 681 3315 luxuriosis,
698 3223 803 3294 ootoli
822 3224 919 3313 quot
935 3221 1088 3295 columbe
1103 3225 1272 3296 olims
1286 3225 1351 3297 dal
1365 3226 1494 3314 volae,
1510 3222 1603 3299 idest
1616 3243 1640 3297 a

472 3338 630 3414 naturali
657 3338 855 3432 voluntate,
883 3360 1019 3430 nomon
1041 3361 1110 3433 per
1141 3343 1259 3414 latro
1284 3349 1424 3433 portate
1451 3344 1517 3415 dot
1538 3344 1640 3431 dioto,

472 3458 564 3534 idest
587 3458 635 3532 ab
659 3459 833 3553 appetitu,
859 3479 926 3532 oon
949 3461 973 3532 1’
985 3461 1036 3531 oli
1058 3461 1174 3532 olzate
1198 3480 1217 3531 e
1238 3463 1351 3554 serm
1373 3463 1414 3535 ol
1426 3463 1525 3535 doloe
1543 3464 1641 3552 odo,

472 3579 535 3652 ubi
560 3577 695 3652 scilieet
718 3577 815 3652 dulci
839 3598 970 3652 amore
990 3568 1228 3670 trauntur(⁷).
1246 3578 1291 3653 Et
1306 3579 1466 3676 assignat
1489 3599 1639 3655 cansam

471 3716 589 3792 quare
613 3696 671 3771 isti
694 3703 876 3772 venerunt
905 3704 982 3772 tam
1006 3696 1136 3772 leviter
1160 3704 1198 3772 et
1226 3697 1412 3791 volociter,
1440 3692 1641 3773 dioenarsl

468 3821 561 3910 sorte
582 3820 623 3910 lu
647 3818 859 3908 loffemoso
882 3817 1002 3907 millo,
1026 3815 1132 3910 quasi
1156 3815 1262 3910 dieat,
1292 3822 1367 3891 tam
1398 3815 1500 3892 fortis
1523 3823 1563 3893 et
1585 3816 1640 3892 ei·

471 3937 565 4013 floax
591 3935 658 4009 suit
681 3933 873 4029 sonnatio,
898 3954 1012 4030 qnam
1036 3933 1105 4010 leci
1129 3934 1183 4011 eis
1207 3955 1273 4030 per
1292 3954 1471 4011 amorem.
1497 3934 1569 4013 Sed
1591 3936 1639 4011 ad

472 4053 746 4150 intelligendum
777 4061 957 4149 quantum
987 4054 1149 4151 predicta
1170 4045 1208 4148 (⁸)
1243 4055 1468 4151 eomparatio
1497 4056 1640 4131 oolnm-

472 4174 606 4249 barum
618 4173 664 4248 sit
681 4174 903 4270 puloerrima
919 4181 958 4251 et
973 4175 1232 4271 propriissima,
1247 4181 1305 4251 est
1321 4176 1522 4250 notandum
1540 4175 1639 4270 quod

472 4293 653 4370 coomnoe
677 4300 764 4369 sunt
786 4293 961 4370 dedioatae
986 4293 1131 4387 Veneri,
1156 4314 1241 4388 quo
1266 4301 1322 4369 est
1346 4301 1467 4369 mater
1484 4294 1638 4386 Amoris,

472 4421 510 4488 et
534 4414 609 4490 Dea
634 4412 805 4506 luxuria,
829 4412 1005 4508 quoniam
1022 4419 1108 4488 sunt
1130 4433 1220 4489 ares
1236 4413 1546 4489 luxuriosissime.
1567 4413 1639 4489 Co·

472 4593 538 4603 ..α-.-

533 4684 561 4746 (“)
576 4686 603 4736 s.
619 4685 730 4737 tomlnn
746 4686 899 4738 amcam
1095 4686 1123 4746 (⁸)
1138 4685 1169 4736 B.
1186 4685 1327 4738 mum
1343 4685 1486 4746 Μαι,
1501 4683 1607 4737 m

533 4759 560 4821 (¹)
576 4760 616 4821 a,
632 4761 658 4811 S.
674 4774 690 4812 ο
707 4766 761 4814 tlt.
777 4762 949 4814 matos.
1097 4762 1125 4824 (⁸)
1142 4766 1197 4822 tlt,
1214 4761 1267 4813 urit
1283 4761 1381 4813 mbos.

533 4836 559 4895 t)
574 4836 600 4887 S.
616 4846 729 4895 umen,
746 4835 884 4888 mtertaen
1095 4836 1122 4896 l'l
1137 4836 1163 4887 8.
1180 4843 1238 4888 orat
1254 4837 1329 4898 Dido,
1346 4836 1466 4887 mado.

532 4911 754 4975 (inmutat.
1095 4909 1544 4977 einardlmtstaoomaoratlo·
