4154 6546
847 774 985 834 cunnus
1010 773 1154 829 snxnuu
1512 760 1581 828 235

415 918 670 1001 circutatiunas
682 915 861 1008 suiqnoc
873 922 928 993 ast
940 916 1033 991 intra
1046 921 1120 991 uas
1136 934 1263 990 annua
1281 915 1420 989 Cursus
1434 906 1470 1005 (¹)
1485 915 1582 988 anim

415 1039 499 1119 sulis
524 1057 591 1132 per
616 1036 678 1119 xil
704 1036 806 1130 sigua
831 1035 943 1113 efficit
967 1035 1070 1109 uubis
1094 1054 1247 1126 annum,
1272 1040 1309 1108 at
1333 1034 1441 1108 dicit:
1466 1055 1533 1109 cun
1548 1038 1585 1107 lu

413 1163 522 1251 [urta
546 1158 585 1233 a·
610 1158 672 1245 tut,
698 1154 833 1234 scilicet
856 1153 978 1229 Karuii
1004 1153 1082 1227 sine
1107 1159 1218 1245 terra,
1243 1155 1303 1225 clu
1322 1149 1404 1226 testi
1420 1155 1583 1244 piuqqiu,

416 1276 512 1357 idam
532 1275 596 1368 qui
621 1292 721 1349 nunu
745 1279 816 1351 stat
839 1272 886 1349 ad
903 1271 1074 1365 plagium,
1091 1271 1196 1363 quasi
1212 1270 1319 1364 dicat,
1340 1272 1404 1364 qui
1420 1272 1583 1345 nundum

418 1400 473 1471 ω(
497 1393 536 1467 in
558 1398 675 1484 mutu,
702 1410 771 1471 nau
795 1390 832 1463 iu
857 1390 1045 1484 procinctu
1072 1389 1250 1481 veniendi,
1275 1389 1325 1463 ita
1342 1389 1439 1483 quod
1465 1390 1584 1463 adnue

418 1517 489 1589 stat
500 1511 537 1587 iu
551 1516 647 1589 terna
666 1529 733 1583 sua
753 1508 913 1585 Parisius
925 1526 994 1583 uec
1006 1507 1155 1581 intravit
1172 1485 1292 1582 adhuc
1310 1508 1389 1582 itur.
1407 1508 1453 1579 ut
1463 1508 1584 1581 subdit

417 1638 557 1709 sutum
581 1628 683 1703 istius
707 1627 818 1720 partis
843 1627 1070 1701 [innatorum
1095 1626 1241 1701 dicens:
1259 1630 1333 1699 altu
1358 1617 1456 1698 terra
1479 1631 1584 1716 tanqu

419 1757 531 1844 tempo
547 1750 729 1839 afronia,
746 1744 1166 1838 nequaquaquam
1183 1745 1306 1818 multis
1317 1746 1421 1819 annis
1441 1746 1478 1818 in
1495 1747 1584 1819 tiore

420 1875 588 1961 respectu
613 1864 725 1961 nuntia
741 1863 972 1939 circulorum
999 1882 1082 1953 quae
1101 1854 1138 1951 (²)
1160 1862 1360 1937 duraverat
1375 1863 1468 1937 torta
1493 1863 1585 1936 duu-

418 1983 622 2075 busaunit5
638 2002 724 2076 pars
741 2001 829 2056 varo
846 1981 1071 2055 Donatorum
1090 2000 1157 2074 par
1169 1981 1210 2072 V,
1224 2001 1344 2073 usqua
1362 1981 1408 2054 ad
1427 1989 1582 2059 mortem

419 2106 612 2181 violentam
624 2099 905 2191 boniniensi,
919 2099 965 2174 de
977 2117 1052 2190 qua
1064 2090 1239 2190 dicitur(³)
1251 2101 1583 2196 PurgaturiiXXiV‚

296 2196 319 2261 q
348 2282 356 2290 .
419 2225 563 2299 anenno
577 2224 599 2293 t
612 2224 722 2308 uttru,
741 2218 833 2293 idest
850 2224 989 2310 partem
1008 2217 1250 2311 Circutorum,
1268 2226 1356 2291 sotto
1374 2223 1480 2309 qravi
1493 2225 1583 2312 peni,

327 2320 508 2417 -fflust
532 2336 807 2435 gravaminibus
832 2335 991 2413 realibus
1016 2342 1054 2409 et
1073 2337 1333 2429 personalibus,
1353 2337 1450 2429 quod
1476 2346 1585 2414 autur

418 2465 591 2552 expertus
615 2464 672 2532 ast
695 2456 733 2529 in
758 2474 798 2528 sa
822 2455 911 2547 ipsu,
938 2459 980 2527 ut
1003 2454 1089 2529 alibi
1113 2475 1210 2549 saepa
1225 2456 1387 2550 dicatum
1405 2466 1529 2532 tamen
1546 2448 1582 2548 (⁴)

419 2585 542 2672 postea
570 2582 689 2651 tractu
716 2573 889 2666 temporis
914 2592 980 2666 pru
1001 2574 1129 2649 maiori
1148 2582 1251 2667 parte
1268 2576 1466 2669 radiarunt,
1487 2576 1585 2650 uude

419 2696 513 2771 istud
538 2714 672 2768 noman
697 2691 923 2785 partialitatis
946 2698 1003 2769 ast
1027 2692 1133 2767 nodie
1158 2693 1301 2786 punitus
1325 2697 1528 2770 extinctum
1548 2688 1584 2785 (⁵)

388 2807 392 2815 ’
419 2822 457 2888 at
480 2814 671 2903 abolitum,
696 2818 733 2886 et
758 2811 867 2888 modo
891 2818 978 2887 autu
1002 2833 1107 2887 uuvae
1131 2812 1319 2888 discordiae
1336 2816 1460 2890 civiles
1474 2836 1585 2890 exur-

421 2940 469 3007 tae
482 2921 518 3023 (⁰)
541 2938 636 3023 sunt,
655 2930 776 3011 nescio
801 2932 912 3022 quem
938 2931 1049 3006 finem
1076 2932 1266 3026 habiturae,
1293 2941 1329 3007 et
1355 2935 1461 3007 dicit:
1488 2956 1584 3007 conte

420 3054 480 3125 ctu
504 3053 541 3122 di
564 3043 618 3122 aiu
639 3052 788 3140 munau,
817 3049 921 3142 quasi
946 3050 1042 3125 dicat
1067 3052 1234 3142 quamvis
1264 3053 1408 3125 doleam
1433 3054 1479 3126 de
1503 3055 1583 3144 hoc,

420 3195 443 3243 u
467 3173 527 3243 cie
551 3173 585 3242 η’
599 3175 713 3260 uunte,
733 3168 834 3262 idest,
852 3175 889 3242 et
906 3169 1074 3260 quamvis
1094 3169 1223 3243 faciam
1244 3171 1504 3244 contumeliam
1522 3172 1584 3242 tibi

420 3291 484 3383 qui
499 3309 540 3367 es
555 3288 602 3363 da
621 3293 726 3381 parta
740 3286 807 3363 ista
826 3276 864 3378 (⁷)
883 3287 945 3361 tihi
962 3288 1173 3381 praenuncio
1189 3289 1277 3381 quia
1293 3310 1376 3361 aum
1393 3290 1439 3364 de
1456 3290 1585 3364 eadam

420 3415 523 3503 parta
547 3414 680 3483 tanum.
706 3406 750 3480 Et
775 3406 832 3480 hic
864 3414 951 3479 nota
981 3407 1080 3498 quud
1111 3414 1219 3481 autun
1251 3408 1382 3482 merito
1414 3409 1516 3505 fingit
1546 3430 1585 3481 se

420 3534 545 3622 petere
568 3525 616 3602 da
640 3524 860 3601 novitatibus
883 3524 1074 3599 Florentia}
1090 3527 1138 3600 ab
1165 3528 1226 3601 iilo
1250 3529 1393 3620 Ciachu,
1411 3529 1498 3621 quia
1518 3529 1586 3600 iste

420 3654 606 3739 tamquam
640 3644 819 3723 iocantur
856 3651 936 3717 enat
976 3645 1101 3720 solitus
1133 3647 1279 3721 visitare
1317 3650 1444 3722 dumos
1482 3649 1585 3721 nobi·

420 3765 508 3841 tium
534 3771 572 3839 at
596 3761 779 3856 praecipua
804 3763 1006 3857 principum
1035 3765 1206 3859 partium,
1236 3768 1369 3841 scilicet
1398 3768 1515 3842 Cursii
1548 3774 1585 3839 et

420 3882 528 3974 Varii,
553 3889 596 3957 ut
620 3881 782 3974 pulcrius
807 3888 978 3976 tangetur
996 3873 1033 3973 (⁸)
1059 3885 1217 3978 capituto
1242 3895 1381 3960 octauo-
1397 3887 1507 3960 huius
1528 3888 1586 3959 lu-

420 4000 576 4075 turni-
588 4003 705 4075 Ginati
726 4000 790 4075 Hie
806 4007 916 4075 autor
937 4002 1037 4095 ponit
1051 3995 1090 4094 (⁹)
1110 4006 1382 4099 responsionem
1399 4005 1520 4081 Ciauhi
1539 3974 1604 4079 adW

421 4118 616 4193 secundnm
641 4118 863 4211 petitionem,
880 4126 918 4194 et
938 4120 995 4195 hic
1020 4128 1105 4195 nota
1123 4114 1176 4214 (ω)
1202 4123 1300 4215 quod
1320 4125 1432 4216 aliqui
1448 4126 1493 4198 ad
1519 4145 1585 4198 ax-

483 4391 555 4449 (713.
570 4390 688 4443 Circuius
703 4391 771 4441 euim
788 4390 848 4442 aulis
864 4406 909 4453 per
927 4392 973 4440 xit
990 4393 1060 4455 signa
1077 4393 1138 4443 fucit
1154 4396 1233 4444 uobis.

480 4467 507 4526 (¹)
523 4466 548 4516 S.
564 4466 610 4530 qui
626 4467 789 4516 duraverunt
1029 4467 1056 4529 (⁸)
1074 4473 1118 4520 ltu
1134 4481 1150 4518 a
1166 4470 1196 4520 E.
1213 4470 1322 4521 dicetur.

480 4542 507 4603 (·)
524 4546 579 4599 itu.
594 4554 656 4591 eum
672 4541 848 4605 quaten-E.
866 4547 951 4591 tamen
968 4557 1050 4604 pauco
1067 4550 1159 4595 tractu.

480 4618 508 4677 (·)
522 4618 548 4667 S.
563 4619 715 4677 extinctum,
732 4623 759 4667 et
775 4618 860 4669 modo.
1026 4619 1051 4675 (⁸)
1068 4620 1093 4670 S.
1110 4627 1174 4670 ortu
1191 4628 1259 4673 sunt.

480 4690 507 4748 Π)
522 4691 615 4751 8.,116
631 4704 645 4740 e
662 4691 701 4749 13..
720 4693 765 4741 ista
784 4698 836 4741 tum
856 4694 908 4742 cito
922 4707 1020 4753 casura,
1039 4695 1073 4743 ita
1094 4696 1163 4757 quod
1180 4698 1374 4750 minutantur
1391 4700 1438 4749 uu
1455 4699 1497 4750 unt
1514 4713 1581 4762 pra-

491 4767 496 4779 '
1023 4768 1049 4830 (·)
1067 4774 1121 4830 tlt,
1139 4777 1259 4836 tangatur
1274 4774 1343 4825 tuin
1358 4776 1481 4838 capitulo.

421 4779 523 4817 nuncto.

480 4841 505 4899 ξ’)
522 4840 548 4889 S·
563 4841 682 4895 ostendit
1010 4844 1046 4904 (¹⁸)
1063 4846 1093 4896 R
1110 4848 1262 4901 notandum.
