4154 6546
593 764 661 830 120
986 772 1189 828 υουυυνυυ
1216 771 1367 825 rnrnnnr

589 918 774 1012 Christus3
796 917 895 1011 quod
913 918 1020 991 tacite
1039 915 1291 1013 praeliguravit
1306 915 1383 1011 ipse
1399 916 1497 989 Isaac
1514 914 1662 1008 qnando
1679 917 1763 991 lecit

589 1037 704 1111 lilium
725 1038 857 1133 jurare
883 1057 994 1131 super
1019 1035 1141 1110 lemur
1170 1055 1292 1109 sunm.
1319 1035 1411 1109 Nam
1436 1054 1510 1107 non
1539 1034 1616 1108 sine
1644 1055 1763 1131 quare

592 1155 676 1230 lecit
699 1156 778 1230 lieri
804 1162 879 1229 tam
906 1175 1045 1229 novum
1062 1175 1181 1250 genus
1192 1153 1411 1249 jurationis3
1428 1153 1511 1226 lecit
1527 1153 1638 1228 etiam
1654 1154 1760 1228 istam

590 1275 904 1349 renunciationem
934 1284 981 1348 eri
1012 1273 1173 1347 maxima
1209 1272 1356 1368 vilitate,
1387 1272 1523 1347 scilicet
1546 1293 1594 1347 ex
1624 1274 1762 1349 ventris

590 1392 762 1490 ingluvie,
792 1414 859 1488 pro
891 1392 1013 1468 edulio
1044 1392 1160 1466 lentis.
1193 1391 1277 1465 ldoo
1308 1398 1418 1466 θυῖον
1446 1391 1634 1487 signanter
1661 1391 1762 1486 dixit,

587 1534 655 1606 per
681 1516 805 1586 otltote
824 1513 877 1584 Ex
904 1533 979 1607 quo
996 1513 1091 1585 Esau
1109 1510 1242 1585 merito
1260 1510 1448 1605 reponitur
1465 1511 1561 1585 inter
1577 1511 1664 1586 istos
1680 1511 1762 1607 pul-

587 1638 722 1726 trones,
740 1631 841 1726 viles,
858 1632 989 1725 tristes,
1008 1630 1072 1724 qui
1089 1649 1175 1724 sepe
1191 1649 1258 1724 pro
1277 1628 1420 1703 modico
1437 1630 1518 1703 cibo
1535 1630 1759 1705 inducuntur

587 1750 635 1824 ad
661 1752 893 1826 vendendum
920 1771 1055 1847 magna
1087 1750 1193 1824 bona.
1211 1750 1313 1823 Unde
1331 1757 1431 1824 recte
1451 1750 1596 1824 videtur
1620 1750 1668 1826 de
1688 1773 1762 1825 nu-

589 1889 695 1944 mero
731 1870 1063 1964 suprascriptorum
1097 1868 1294 1961 inutilium,
1328 1868 1392 1961 qui
1431 1868 1506 1943 nati
1533 1860 1570 1960 (¹)
1597 1878 1683 1943 sunt
1723 1871 1760 1944 in

589 1987 727 2061 mundo
752 1988 797 2062 ad
827 1988 1005 2061 damnum
1040 1993 1078 2061 et
1107 1985 1392 2061 destructionem
1418 1986 1607 2059 fructuum
1640 1995 1759 2062 terrae.
1865 2022 1868 2026 ·

589 2106 624 2182 Si
652 2114 776 2182 tamen
801 2108 883 2202 quis
909 2107 996 2181 velit
1019 2106 1168 2180 omnino
1186 2105 1369 2198 resistere,
1386 2111 1424 2179 et
1439 2105 1561 2180 dicere
1586 2112 1757 2180 autorem

590 2226 808 2301 intellexisse
832 2227 879 2301 de
905 2226 1097 2320 celestino,
1121 2224 1266 2299 audebo
1292 2223 1426 2319 dicere,
1447 2225 1514 2297 nisi
1542 2225 1760 2300 temerarius
1822 2277 1824 2281 ψ

590 2348 727 2443 videar,
754 2347 853 2441 quod
878 2346 1065 2420 honestius
1090 2352 1128 2419 et
1152 2343 1312 2418 sanctius
1328 2344 1374 2418 de
1394 2344 1474 2418 viro
1492 2345 1552 2419 vili
1569 2352 1607 2419 et
1623 2346 1759 2440 voraci,

589 2466 774 2560 quamde
799 2472 925 2539 sancto
950 2472 988 2539 et
1011 2466 1187 2538 animoso.
1214 2464 1258 2536 lit
1284 2468 1406 2536 tamen
1431 2484 1498 2557 pro
1524 2465 1761 2539 excusatione

588 2584 728 2657 autoris
762 2585 880 2658 dicam
915 2583 1014 2676 quod
1051 2583 1214 2657 nondum
1249 2589 1330 2658 erat
1369 2582 1436 2656 sibi
1470 2590 1555 2657 nota
1589 2584 1760 2658 sanctitas

590 2701 770 2795 bominis,
796 2702 932 2776 lecerat
958 2701 1055 2774 enim
1081 2701 1281 2776 celestinus
1298 2701 1611 2778 renunciationem
1630 2723 1759 2777 recen-

592 2825 648 2893 ter
658 2809 696 2912 θ)
711 2820 804 2893 torte
816 2839 884 2914 per
895 2818 1083 2893 biennium
1096 2826 1295 2913 antequam
1313 2827 1423 2895 θυῖον
1435 2820 1503 2894 ista
1515 2821 1702 2916 descripsit
1709 2812 1759 2916 (³),

591 2945 628 3012 et
653 2938 815 3012 nondum
842 2943 923 3012 erat
947 2938 1205 3032 canonizatus;
1228 2961 1314 3013 nam
1330 2941 1532 3015 celestims
1548 2948 1673 3035 postea
1697 2961 1761 3016 ca-

591 3058 781 3132 nonizatus
798 3056 904 3131 luita
929 3057 1117 3132 Clemente
1141 3078 1234 3154 papa
1251 3059 1380 3152 quinto
1400 3080 1496 3133 anno
1513 3060 1658 3133 Domini
1676 3060 1760 3146 mil-

590 3175 719 3251 lesimo
744 3183 834 3250 occ.⁰
851 3182 942 3249 rm⁰
967 3177 1150 3251 Praeterea
1175 3183 1284 3251 θυῖον
1309 3186 1390 3252 erat
1418 3178 1534 3252 iratus
1563 3178 1759 3273 Bonilacio‚

589 3296 719 3370 Autori
743 3296 840 3370 exilii
857 3302 895 3371 et
911 3296 1131 3390 expulsionis
1147 3295 1237 3371 eius.
1256 3295 1325 3383 Qui
1342 3296 1543 3371 celestinus
1558 3296 1760 3373 donaverat

590 3422 718 3510 sponte
743 3415 926 3489 Bonifacio
951 3434 1141 3488 summum
1159 3414 1420 3508 pontificatum.
1445 3415 1546 3491 Unde
1565 3424 1676 3492 θυῖον
1701 3438 1761 3493 se-

591 3533 738 3629 pissime
762 3533 848 3607 dicit
871 3553 1006 3628 magna
1033 3533 1128 3606 mala
1152 3532 1198 3607 de
1223 3532 1417 3627 Bonilacio,
1436 3533 1500 3625 qui
1516 3534 1563 3608 de
1584 3536 1637 3609 rei
1663 3536 1761 3622 veri7

593 3660 666 3728 tate
681 3641 717 3746 (⁸)
745 3653 812 3726 luit
838 3652 1095 3748 magnanimus
1111 3657 1305 3747 peccator3
1331 3650 1377 3726 de
1393 3653 1499 3727 emus
1514 3653 1625 3749 gestis
1642 3654 1783 3765 multa,

590 3775 757 3849 dicentur
781 3773 819 3846 in
844 3771 967 3845 multis
993 3772 1079 3845 locis
1104 3778 1143 3846 et
1161 3770 1335 3866 capitulis.
1354 3772 1458 3845 Nunc
1475 3772 1522 3847 ad
1538 3772 1681 3848 literam
1699 3793 1760 3846 ro

590 3889 778 3967 denudum
809 3898 874 3965 est
907 3891 999 3964 Dicit
1032 3897 1168 3965 autor:
1201 3891 1436 3988 spoliantes
1468 3895 1539 3966 vidi
1567 3914 1586 3964 e
1613 3893 1759 3967 conobbi
1901 3894 1906 3903 ’

591 4015 613 4084 ῖ’
625 4012 751 4085 umbra
775 4013 813 4083 di
836 4013 938 4103 colati,
964 4009 1057 4084 idest
1082 4010 1205 4106 magni
1231 4009 1352 4105 tristis,
1369 4014 1430 4084 cle
1449 4016 1523 4105 fece
1545 4015 1573 4086 it
1594 4033 1690 4104 pron
1705 4016 1759 4086 η’-

588 4133 673 4224 Ῑῖυῖο
692 4152 761 4222 per
787 4134 913 4221 οἰῐῖοῖν,
938 4129 976 4203 in
1001 4131 1072 4204 boc
1096 4136 1276 4227 aggravat
1300 4130 1438 4225 lallum,
1457 4133 1544 4225 quia
1561 4133 1591 4206 si
1616 4133 1759 4209 lecisset

591 4268 727 4346 magno
742 4249 866 4323 animo
883 4269 957 4323 non
982 4249 1032 4323 ita
1049 4248 1295 4344 imputaretur
1319 4250 1397 4344 sibi,
1415 4255 1536 4344 possid
1561 4254 1620 4326 cde
1643 4255 1760 4328 n’cbbi

579 4371 820 4442 ηοουοοοίυῖο
854 4372 979 4442 doum
1008 4368 1046 4444 in
1077 4375 1179 4444 tanta
1210 4369 1452 4446 multitudine.
1484 4371 1529 4444 Εῖ
1559 4372 1681 4447 subdit
1712 4394 1759 4450 ex

591 4486 693 4562 dictis
722 4489 821 4581 quod
851 4490 972 4563 statim
1002 4489 1174 4586 cognovit
1202 4511 1287 4584 quae
1317 4496 1399 4565 erat
1426 4498 1526 4566 secta
1555 4491 1625 4567 illa.
1657 4492 1760 4570 Unde

654 4794 682 4860 (⁸)
697 4797 729 4846 E.
744 4802 887 4846 nascuntur
902 4799 928 4848 ln
944 4800 995 4849 boo
1011 4801 1118 4850 mundo.
1327 4802 1355 4867 (¹)
1369 4803 1401 4854 B.
1418 4808 1557 4855 moenum.

653 4871 682 4938 (Ἴ
699 4879 753 4936 tro,
769 4875 958 4938 sorlpdt-ll.
974 4877 1147 4941 descripserit.
1329 4879 1356 4943 (¹)
1372 4879 1398 4932 Β.
1414 4881 1460 4946 qul
1475 4894 1575 4935 rem.
