4154 6546
804 805 942 860 caurus
967 806 1123 861 nunnus
1147 806 1294 863 sexsus.
1554 794 1624 864 513

446 974 567 1046 puero
593 956 688 1024 vinee
711 955 748 1024 lo
773 953 846 1023 mio
863 952 957 1023 bono
979 954 1097 1042 ooplio
1113 954 1173 1024 cde
1193 957 1242 1025 mi
1255 958 1359 1048 [oceo
1375 955 1517 1044 obedo,
1535 954 1626 1027 idest

446 1073 611 1165 avidum,
636 1074 674 1144 di
700 1076 755 1144 lor
781 1071 1006 1143 amoenare:
1033 1092 1099 1165 per
1125 1073 1194 1146 hoc
1220 1078 1329 1145 autor
1354 1072 1500 1168 figurat,
1527 1073 1626 1166 quod

447 1192 645 1287 aliquando
672 1191 800 1264 fuisset
833 1210 919 1263 cum
956 1190 1086 1264 talibus
1120 1191 1347 1266 familiariter
1376 1200 1626 1285 conversatus

450 1311 516 1386 nisi
543 1311 724 1385 timuisset
749 1309 938 1383 infamiam
966 1309 1069 1383 istius
1094 1310 1169 1384 vitii
1188 1312 1465 1386 abhominabilis
1481 1311 1569 1404 Deo,
1591 1317 1628 1384 et

449 1430 719 1506 innominabilis
749 1429 899 1502 mundo.
926 1468 977 1505 -,-
1002 1432 1076 1502 Pol.
1105 1430 1170 1504 Hic
1193 1437 1303 1504 autor
1330 1431 1451 1525 incipit
1477 1450 1627 1523 respon-

448 1551 537 1627 dere
561 1549 607 1624 ad
632 1550 876 1645 singulaque
900 1548 1043 1623 dixerat
1061 1549 1120 1624 ille
1145 1550 1311 1645 spiritus3
1333 1558 1370 1624 et
1387 1551 1506 1645 primo
1523 1550 1570 1624 ad
1589 1547 1624 1622 id

449 1671 548 1766 quod
566 1670 625 1744 ille
645 1670 735 1743 dixit
752 1690 874 1764 supra,
897 1669 994 1762 quod
1015 1689 1088 1743 non
1106 1671 1259 1745 baberet
1278 1671 1325 1744 ad
1343 1669 1625 1766 indignationem

451 1791 551 1886 loqui
576 1791 629 1864 eis
654 1796 804 1884 propter
825 1795 1013 1883 aspectum
1033 1796 1179 1864 coctum
1205 1797 1248 1864 et·
1268 1790 1482 1885 depilatum3
1509 1796 1547 1865 et
1571 1789 1626 1862 di-

450 1910 522 1986 cit:
549 1914 586 1984 lo
611 1918 733 1983 vostra
750 1912 945 2000 condicion,
964 1917 1310 2005 quantumcumque
1327 1911 1473 2004 misera,
1490 1931 1563 1982 nort
1579 1914 1628 1983 mi

447 2033 529 2124 fisse
553 2033 678 2104 dentro
703 2032 848 2122 dispelle
874 2050 934 2101 mo
959 2032 1091 2121 ἀορὶία,
1118 2030 1223 2123 quasi
1247 2030 1366 2106 dicat:
1394 2030 1482 2103 visio
1504 2035 1626 2104 vestra

451 2172 525 2225 uon
552 2149 781 2246 ingeneravit
807 2150 920 2224 menti
948 2169 1041 2223 meae
1072 2156 1335 2244 contemptum,
1368 2150 1431 2224 sed
1461 2152 1626 2225 dolorem

450 2269 738 2363 compassivum,
775 2274 871 2340 tanto
902 2268 962 2339 clu
992 2271 1107 2359 turdi,
1139 2274 1224 2341 tutto
1254 2272 1286 2341 n'
1316 2273 1509 2361 dopoplio,
1539 2269 1627 2363 quia

450 2407 598 2484 semper
623 2387 825 2461 condolebo
842 2378 878 2479 (¹)
907 2387 1054 2481 quaudo
1081 2387 1313 2462 recordabor.
1336 2390 1379 2462 Et
1399 2390 1458 2463 bic
1477 2390 1628 2464 adverte

450 2508 549 2604 quod
585 2507 698 2601 aliqui
732 2506 858 2581 dicunt
892 2506 1162 2601 imprudenter,
1198 2509 1297 2601 quod
1334 2519 1444 2585 autor
1480 2509 1539 2582 bic
1572 2510 1629 2582 in-

452 2630 532 2704 nuit
546 2620 584 2721 (²)
605 2628 725 2721 tacite,
742 2627 840 2720 quod
859 2627 970 2701 fuerit
991 2626 1147 2701 foedatus
1164 2628 1233 2701 isto
1250 2629 1393 2722 morbo,
1410 2629 1447 2701 in
1464 2648 1510 2703 eo
1528 2629 1627 2722 quod

452 2756 597 2824 tautum
624 2745 780 2821 ostendit
806 2766 846 2820 se
871 2746 1027 2840 compati
1054 2746 1133 2819 illis.
1165 2745 1235 2821 Sed
1266 2747 1360 2820 istud
1391 2754 1445 2821 est
1476 2748 1626 2821 omnino

452 2869 584 2943 falsum
610 2873 648 2942 et
672 2866 875 2940 absurdum
902 2864 1008 2938 nimis
1042 2865 1175 2959 dicere,
1209 2866 1307 2959 quod
1333 2874 1441 2940 autor
1471 2867 1628 2942 ostendit

452 2986 584 3063 totiens
609 3006 649 3060 se
673 2985 830 3081 compati
857 2982 991 3078 multis,
1009 2984 1104 3058 sicut
1121 2985 1185 3058 uni
1203 2984 1406 3080 desperato,
1424 2987 1544 3081 gratia
1564 3007 1627 3061 ca-

453 3106 569 3183 ritatis
593 3105 731 3201 patriae,
758 3105 872 3178 immo
887 3095 923 3196 (³)
951 3109 989 3178 et
1013 3110 1200 3178 extraneo.
1229 3104 1330 3178 Unde
1360 3104 1463 3178 fiuxit
1487 3125 1528 3180 se
1553 3126 1625 3179 uon

452 3246 558 3324 posse
583 3224 683 3319 loqui
708 3225 818 3298 Petro
843 3223 890 3297 de
916 3222 1036 3296 Vincis
1061 3243 1138 3317 prae
1164 3222 1274 3297 nimia
1300 3223 1446 3318 pietate,
1465 3230 1544 3297 tum
1564 3245 1624 3299 ra-

451 3345 550 3420 tione
567 3342 722 3435 virtutis,
742 3348 820 3415 tum
840 3341 981 3415 ratione
999 3341 1232 3436 innocentiae3
1254 3348 1290 3416 et
1308 3342 1356 3417 ita
1374 3363 1471 3438 saepe
1489 3343 1625 3418 videbis

451 3465 489 3538 iu
506 3463 630 3538 multis
646 3462 725 3536 aliis
742 3462 840 3535 locis.
854 3462 1038 3536 Praeterea
1054 3469 1165 3537 autor
1178 3462 1245 3536 fnit
1258 3483 1405 3538 summe
1418 3485 1624 3559 amorosuS,

450 3590 488 3660 ot
518 3582 625 3657 nimis
654 3587 800 3656 amator
832 3581 1045 3676 mulierum,
1076 3583 1169 3656 sicut
1201 3589 1387 3658 ostensum
1421 3591 1477 3659 est
1500 3605 1624 3680 supra,

451 3702 514 3779 ubi
541 3707 736 3777 tractatum
764 3700 832 3774 fuit
851 3700 898 3775 de
915 3701 1113 3775 luxuriosis
1130 3702 1415 3796 incontinentiae3
1433 3704 1515 3778 ideo
1531 3705 1625 3798 dico,

449 3823 549 3919 qnod
573 3826 684 3897 autor
709 3821 933 3917 compatitur
958 3821 1155 3896 infelicitati
1182 3822 1350 3916 istorum,
1375 3823 1480 3916 quasi
1506 3824 1624 3898 dicat:

450 3964 538 4021 cum
565 3942 621 4015 isti
647 3941 784 4018 fuerint
808 3941 975 4016 homines
999 3949 1110 4016 tautae
1131 3942 1275 4017 virtutis
1300 3950 1338 4018 et
1362 3944 1562 4038 probitatis,
1578 3945 1625 4018 ad

451 4083 564 4160 quam
591 4062 766 4136 infamem
798 4061 945 4156 culpam
975 4047 1226 4137 devenerunt!
1258 4065 1354 4160 Ergo
1390 4065 1623 4141 benedicit:

451 4202 522 4281 ego
546 4181 696 4277 concepi
724 4201 901 4276 magnum
927 4181 1104 4276 dolorem,
1132 4189 1218 4255 tosto
1243 4186 1303 4256 clu
1332 4192 1449 4276 quoto
1481 4189 1551 4259 mio
1574 4190 1625 4260 si·

449 4322 576 4396 onore,
600 4301 736 4376 scilicet
767 4299 937 4396 Virgilius
962 4299 1069 4374 cuius
1093 4302 1283 4398 preceptis
1318 4323 1465 4401 semper
1498 4326 1623 4401 pareo,

450 4444 505 4498 me
529 4427 620 4498 disse
639 4424 781 4515 parole,
806 4420 942 4498 scilieet
966 4420 1115 4515 quando
1139 4421 1229 4498 dixit
1251 4443 1386 4519 supra:
1413 4446 1437 4497 α
1462 4433 1578 4500 costor
1592 4431 1626 4500 si

449 4548 549 4620 nole
564 4563 658 4616 esser
682 4548 834 4635 corose;
854 4562 924 4634 per
949 4545 980 4615 le
1004 4546 1088 4634 quot
1111 4545 1147 4615 io
1173 4545 1362 4635 mipendi
1380 4544 1440 4617 cde
1459 4548 1511 4619 tol
1523 4554 1624 4637 peno

511 4759 538 4820 (⁸)
554 4758 584 4807 E.
600 4756 702 4807 dolebo.
1141 4756 1169 4820 (¹)
1187 4762 1240 4818 111,
1257 4758 1355 4808 nouit.

509 4832 536 4896 (¹)
553 4838 606 4895 111,
623 4834 705 4883 immo
727 4834 805 4883 etlam
825 4847 875 4897 pro
895 4834 975 4886 ulmi·
997 4834 1091 4898 pietate
1112 4833 1186 4884 fluxit
1203 4847 1230 4885 se
1247 4847 1299 4885 nou
1317 4847 1391 4898 poene
1407 4833 1481 4900 loqui
1496 4834 1575 4887 Petro
1591 4835 1624 4887 de

448 4910 535 4964 vnete
551 4924 599 4975 pro
615 4924 668 4962 uno
683 4914 816 4972 extranco,
834 4917 890 4962 tum
907 4912 1017 4962 radone.
