4154 6546
781 788 918 846 caurus
943 789 1071 847 Nouus.
1439 779 1505 847 321

340 934 485 1030 aperire
509 935 714 1030 veritatem,
732 957 816 1031 quaa
837 957 933 1032 sape
959 939 1046 1011 latet
1071 938 1107 1010 in
1133 937 1314 1032 prolundo
1332 949 1370 1013 et
1385 939 1511 1012 multis

338 1057 478 1151 laqueis
504 1057 614 1153 ligata
638 1076 711 1131 non
730 1055 938 1131 dissolvitur
951 1039 1025 1132 'nisi
1043 1058 1188 1155 ingenio
1201 1052 1240 1150 (¹)
1257 1059 1396 1155 sagacis
1413 1059 1509 1133 iudi·-

276 1179 277 1183 '
335 1179 395 1252 cis.
406 1220 456 1232 -
470 1184 543 1252 Ben
559 1182 756 1251 m'oeeorrr'.
784 1181 888 1252 Nune
913 1185 1023 1253 autor
1048 1179 1204 1253 ostendit
1229 1178 1416 1272 quomodo
1441 1180 1507 1254 de-

336 1301 477 1377 venerit
502 1300 538 1372 in
564 1299 812 1396 cognitionem
834 1301 1047 1395 generalem
1067 1300 1170 1374 istius
1187 1300 1343 1394 potentis
1359 1300 1504 1375 dicens:

333 1422 399 1494 beu
423 1425 469 1494 m'
482 1424 616 1494 meors’
627 1424 664 1494 to
688 1423 739 1493 clt’
752 1423 786 1493 el
807 1441 872 1493 era
897 1422 961 1494 dal
973 1422 1039 1494 oiel
1052 1441 1175 1512 meam,
1192 1421 1329 1496 scilieet
1345 1441 1411 1516 per
1429 1427 1504 1495 tam

335 1542 518 1617 mirabiles
531 1533 570 1635 (¹)
598 1540 761 1636 effeetus,
786 1541 872 1635 quia
898 1562 1010 1635 opera
1031 1541 1111 1616 eius
1128 1550 1234 1616 erant
1250 1541 1368 1638 magis
1384 1540 1505 1616 divina

337 1683 448 1757 quam
463 1663 638 1756 humana,
652 1661 738 1755 quia
751 1662 927 1736 transibat
939 1662 1039 1736 solus
1055 1682 1122 1757 per
1133 1682 1269 1756 aquam
1288 1662 1384 1736 siooo
1400 1661 1505 1757 pede,

337 1792 374 1859 et
398 1805 524 1859 aerem
550 1784 756 1878 serenabat,
773 1789 811 1858 et
829 1803 958 1858 omnes
983 1766 1069 1858 ante
1094 1804 1135 1859 se
1159 1784 1323 1879 iugahat3
1348 1789 1387 1857 et
1411 1783 1507 1856 bene

338 1904 440 2001 lingit
464 1905 582 2000 ipsum
608 1904 761 1979 missum
787 1926 810 1980 a
834 1905 941 1999 cralo,
967 1903 1067 2001 quia,
1093 1912 1135 1978 ut
1158 1904 1295 1982 dictum
1320 1911 1387 1999 est,
1410 1905 1506 1979 ller-

275 2076 281 2091 ,
336 2026 462 2100 curius
482 2033 537 2101 est
554 2027 736 2102 secundus
761 2027 917 2121 planeta,
937 2033 994 2101 est
1013 2026 1108 2100 lilius
1125 2027 1229 2120 lovis,
1247 2033 1303 2101 est
1318 2026 1411 2100 deus
1427 2026 1506 2100 elo·

335 2147 510 2241 quentiae3
529 2168 619 2244 ergo
634 2132 734 2221 'bene
747 2137 786 2238 (³)
803 2137 826 2221 a
843 2147 937 2221 ooelo
954 2146 1135 2241 historice,
1152 2147 1304 2242 poetice,
1322 2145 1505 2242 alegorice

335 2267 529 2363 loquendo,
552 2275 589 2342 et
605 2287 694 2342 vere
719 2265 927 2360 eloquentia
953 2272 1010 2340 est
1032 2268 1182 2340 eoeleste
1206 2265 1356 2340 donum.
1382 2267 1427 2338 Et
1446 2264 1505 2339 lric

334 2385 448 2461 lector
480 2389 563 2461 volo
595 2386 694 2481 quod
726 2392 830 2461 notes
862 2387 1080 2481 neeaesario,
1104 2386 1204 2481 quod
1234 2384 1340 2459 multi
1365 2385 1504 2480 decepti

333 2514 418 2581 sunt
442 2508 501 2582 hic
525 2507 697 2600 dicentes,
715 2506 814 2601 quod
835 2507 902 2582 iste
927 2507 994 2581 init
1020 2528 1117 2582 unus
1140 2508 1306 2605 angelus,
1323 2506 1423 2602 quod
1449 2516 1504 2583 ta-

333 2647 417 2700 men
443 2626 603 2701 alienum
630 2633 684 2701 est
708 2647 730 2701 a
756 2634 881 2702 mente
905 2628 1055 2722 autoris,
1081 2628 1180 2702 unde
1205 2648 1278 2702 non
1298 2626 1503 2722 intelligunt

331 2747 511 2820 motivum
533 2747 630 2820 eius:
648 2768 734 2821 nam
752 2738 956 2823 Mercurius
972 2749 1114 2844 poetice
1129 2748 1314 2843 loquendo
1329 2753 1386 2822 est
1405 2767 1502 2820 nun-

330 2866 409 2939 cius
434 2872 471 2939 et
495 2867 675 2965 interpres
700 2868 876 2963 Deorum,
892 2870 956 2964 qni
977 2869 1135 2945 mittitur
1157 2892 1182 2945 a
1206 2869 1348 2964 superis
1373 2869 1420 2944 ad
1444 2869 1501 2943 in·

330 2985 428 3060 ieros
443 2986 489 3060 ad
507 2988 762 3063 executionem
785 2989 903 3063 omnis
919 2989 1051 3064 divinae
1067 2990 1275 3083 vdunmtis,
1292 2989 1387 3063 sicut
1401 2995 1501 3084 patet

329 3106 427 3202 apud
451 3107 667 3204 Homerum,
694 3108 898 3205 Virgilium,
922 3109 1090 3203 Statium,
1107 3110 1338 3205 martianum,
1356 3116 1394 3184 et
1410 3109 1500 3183 alios

329 3227 475 3303 multos.
502 3229 576 3303 Neo
601 3237 745 3326 oportet
769 3230 868 3326 quod
892 3237 1002 3304 autor
1026 3231 1139 3328 tingat
1163 3230 1323 3305 divinam
1341 3229 1497 3326 gratiam

328 3348 394 3422 sibi
420 3349 581 3445 missam,
607 3351 692 3445 quia
718 3352 791 3426 iam
817 3371 914 3448 saepe
938 3351 1095 3426 ostendit
1114 3371 1155 3426 se
1171 3352 1294 3426 iacere
1310 3351 1417 3425 istam
1434 3349 1499 3425 de·

327 3469 559 3565 scriptionem
585 3492 652 3566 per
676 3472 835 3548 divinam
861 3472 1029 3570 gratiam.
1055 3472 1240 3547 nautea
1256 3477 1367 3546 autor
1384 3471 1499 3547 intro-

326 3590 425 3665 ducit
449 3592 713 3686 apparitionem
739 3594 957 3690 angelorum
984 3593 1021 3667 in
1046 3593 1260 3690 purgatorio
1280 3614 1354 3668 non
1380 3592 1417 3667 in
1442 3593 1498 3666 in·

325 3710 452 3804 lemo;
483 3712 582 3786 unde
611 3713 782 3809 Virgilius
810 3714 896 3789 dicit
928 3714 994 3789 sibi
1025 3713 1229 3810 purgatorii
1258 3713 1418 3808 capitulo
1442 3714 1496 3786 ll:

330 3834 434 3905 Οηιαι·
456 3834 581 3906 vedrai
604 3837 647 3907 de
671 3827 701 3908 sl
722 3838 804 3929 fatti
828 3838 976 3928 officiali,
1001 3835 1137 3910 scilieet
1161 3835 1208 3909 de
1232 3835 1382 3930 angelis,
1408 3835 1495 3929 quia

325 3971 397 4025 non
423 3960 504 4027 erat
533 3954 660 4028 solitus
690 3954 815 4030 videre
839 3956 989 4053 angelos
1013 3975 1081 4050 per
1105 3960 1223 4028 totum
1250 3961 1495 4049 tempusque

324 4074 422 4147 stetit
438 4073 474 4148 in
492 4075 651 4169 inferno,
677 4082 714 4150 et
739 4076 821 4150 ideo
846 4078 1082 4172 stupetactus,
1100 4077 1242 4149 ootrime
1265 4079 1305 4148 ol
1327 4082 1492 4168 manto,

324 4194 429 4287 mrasi
446 4196 573 4270 rolens
598 4195 742 4271 dicere:
769 4196 852 4292 quis
877 4204 932 4272 est
958 4197 1025 4272 iste
1050 4204 1125 4271 tam
1149 4195 1350 4271 mirabilis?
1373 4217 1393 4268 e
1417 4198 1496 4287 quei

318 4314 392 4409 sere
415 4337 525 4390 oenrto
549 4319 640 4390 citio
664 4325 769 4392 susae
793 4321 887 4391 clato
911 4341 931 4391 e
954 4320 1148 4392 melinasse
1163 4320 1215 4392 ad
1228 4300 1415 4409 esso‚'vult
1438 4317 1494 4391 di·

320 4456 406 4513 cere
431 4438 530 4532 quod
555 4439 727 4536 Virgilius
752 4460 838 4514 eum
870 4440 1099 4514 conniventia
1128 4439 1323 4513 oculorum
1350 4438 1493 4512 monuit

320 4577 420 4651 eum,
438 4557 537 4653 quod
554 4565 745 4654 prestaret
762 4561 827 4632 sibi
846 4559 1095 4635 omnimodam
1118 4560 1362 4636 reverentiam
1384 4559 1492 4634 tacite

381 4781 409 4844 (¹)
423 4781 449 4831 S.
464 4782 549 4833 multo
566 4784 676 4847 ingenio.

381 4856 455 4919 (¹213.
472 4860 616 4911 mirabilem
632 4858 763 4912 mactum.

382 4933 836 4997 (ltltsli.benarmltaooelo.

453 5044 474 5090 1.
