4154 6546
457 773 527 840 tat
847 784 1049 839 tousuruu
1075 785 1225 837 russam

455 938 554 1004 etex
582 930 744 1024 rupturis
769 937 915 1033 emanet
940 929 1106 1026 sanguis:
1129 932 1207 1004 haec
1232 950 1340 1023 poena
1357 929 1629 1005 convenientis-

454 1051 545 1124 sima
576 1057 632 1126 est
663 1049 723 1125 tali
753 1051 881 1144 eulpae.
915 1049 1112 1125 Considera
1145 1051 1242 1124 enim
1277 1049 1377 1144 quod
1409 1056 1467 1124 est
1495 1050 1629 1145 triplex

452 1171 587 1264 anima,
623 1169 759 1244 scilicet
789 1169 984 1263 rationalis,
1010 1170 1193 1265 sensitiva,
1220 1169 1425 1267 vegetativa
1438 1163 1488 1263 ι’).
1521 1171 1628 1245 Modo

454 1290 510 1363 isti
537 1312 609 1364 non
634 1297 786 1386 possunt
811 1290 879 1364 dici
906 1290 1075 1366 habuisse
1098 1291 1260 1365 animam
1288 1291 1515 1386 rationalem,
1536 1291 1625 1387 quia

454 1410 546 1484 ratio
564 1430 710 1505 semper
735 1410 827 1505 fugit
844 1417 1014 1505 mortem,
1033 1432 1117 1504 quae
1134 1411 1226 1486 tollit
1250 1431 1330 1485 esse
1349 1411 1448 1507 quod
1469 1431 1628 1487 conver-

455 1532 543 1605 titur
568 1552 653 1605 cum
681 1532 802 1604 bono:
824 1551 891 1606 nec
915 1531 1138 1627 sensitivam,
1165 1532 1250 1625 quia
1275 1533 1387 1607 etiam
1412 1553 1541 1607 seusus
1566 1533 1628 1605 lu-

453 1650 505 1746 git
531 1658 707 1744 mortem;
734 1651 832 1724 unde
862 1657 899 1724 et
927 1651 1051 1726 omnia
1080 1651 1189 1727 bruta
1223 1658 1404 1727 conantur
1428 1651 1628 1727 defendere

453 1792 558 1845 suam
577 1772 744 1846 salutem.
763 1770 985 1867 Vegetabilia
1010 1771 1121 1846 etiam
1139 1771 1342 1847 secuudum
1369 1778 1541 1847 naturam
1558 1793 1627 1868 ap-

453 1897 581 1986 petunt
605 1891 837 1984 conservari,
857 1897 980 1964 tamen
1006 1891 1092 1984 quia
1110 1891 1167 1965 isti
1193 1891 1342 1966 luerunt
1364 1892 1527 1967 viventes
1543 1892 1626 1966 ani-

455 2012 553 2106 mati,
585 2018 728 2106 oportet
759 2012 805 2086 de
833 2012 1047 2087 nenessitate
1083 2011 1173 2086 dare
1210 2011 1263 2086 eis
1300 2033 1413 2086 unam
1447 2009 1622 2085 animam.

452 2133 570 2220 Quam
605 2153 695 2228 ergo
720 2132 916 2207 dabimus?
941 2131 1210 2228 vegetativam
1237 2152 1322 2205 uam
1354 2131 1417 2227 qui
1443 2152 1483 2206 se
1507 2131 1625 2206 inter-

453 2252 536 2346 lioit,
569 2251 651 2326 licet
680 2251 726 2325 sit
756 2250 893 2344 vivens,
923 2273 995 2325 nou
1030 2251 1175 2326 videtur
1209 2251 1346 2326 habere
1375 2252 1458 2346 plus
1494 2272 1624 2326 seusus

454 2394 566 2468 quam
600 2393 674 2446 una
705 2373 840 2465 arbor,
866 2379 902 2446 et
936 2373 1033 2447 illam
1059 2371 1228 2446 dabimus
1260 2393 1442 2468 asperam,
1468 2373 1624 2468 luscam,

454 2493 598 2566 siccam.
626 2492 768 2586 Harpiae
792 2499 917 2566 autem
943 2492 1134 2567 tundentes
1171 2492 1387 2588 sanguinem
1423 2512 1553 2568 earum
1569 2484 1622 2588 (¹),

455 2619 540 2685 sunt
558 2611 758 2708 figuraliter
774 2613 940 2705 avaritia,
957 2619 993 2687 et
1009 2612 1253 2708 prodigalitas,
1267 2633 1350 2706 quae
1367 2614 1441 2687 duo
1458 2614 1622 2690 maxime

456 2731 647 2826 impellunt
670 2731 867 2825 hominem,
894 2740 931 2805 et
959 2732 1144 2806 deducunt
1173 2732 1218 2806 ad
1248 2732 1551 2828 desperationem,
1580 2740 1621 2808 ιιι

454 2851 576 2924 statim
603 2851 747 2946 patebit
777 2851 881 2925 Nunc
906 2851 954 2925 ad
978 2851 1122 2926 literam
1147 2858 1255 2924 autor
1280 2851 1496 2926 continuans
1524 2853 1620 2930 dicta

451 2971 621 3066 dicendis,
651 2973 756 3047 dicit:
791 2977 899 3045 Nesso
936 2993 1007 3044 non
1045 2994 1109 3044 era
1145 2993 1281 3045 umora
1314 2975 1476 3046 amdan>
1504 2978 1543 3048 di
1570 2964 1620 3066 td,

451 3093 587 3167 seilicet
611 3093 657 3166 ad
682 3093 836 3166 alteram
863 3092 1003 3186 ripam:
1023 3112 1087 3186 per
1112 3093 1182 3165 hoc
1200 3098 1310 3165 autor
1335 3094 1414 3166 vult
1440 3094 1548 3170 tacite
1563 3094 1621 3169 di·

451 3233 536 3287 cere
560 3212 658 3306 quod
684 3212 748 3307 ipsi
775 3213 878 3307 positi
894 3203 929 3304 (³)
949 3213 995 3287 ad
1022 3200 1171 3305 terra‘m,
1189 3212 1327 3286 nullam
1354 3213 1521 3288 iecerunt
1540 3236 1623 3288 mo-

451 3353 529 3405 ram
562 3331 623 3426 ibi,
648 3332 723 3404 imo
752 3332 873 3406 statim
908 3331 1137 3406 intraverunt
1162 3331 1232 3405 iter
1257 3352 1305 3406 ne
1333 3334 1529 3427 perderent
1552 3335 1624 3409 ali-

450 3454 536 3547 quid
562 3453 744 3546 temporis.
772 3454 848 3526 lloc
873 3453 934 3526 dat
959 3452 1107 3548 intelligi
1132 3473 1198 3546 per
1224 3453 1259 3526 id
1285 3454 1382 3547 quod
1408 3454 1504 3549 dicit,
1522 3456 1621 3548 quod

450 3575 583 3648 Nessus
600 3572 761 3645 nondum
778 3560 814 3663 (⁸)
837 3579 1056 3666 pervenerat
1081 3572 1126 3645 ad
1151 3573 1305 3646 alteram
1333 3573 1463 3668 ripam,
1481 3575 1542 3668 qui
1566 3582 1620 3651 ta·

451 3715 536 3768 men
562 3692 786 3767 velocissime
818 3693 892 3765 ibat
918 3692 953 3765 in
981 3692 1053 3766 ietu
1081 3692 1189 3786 oculi,
1216 3692 1301 3785 quia
1335 3713 1450 3786 eques
1464 3685 1500 3785 (Β)
1528 3703 1622 3791 erat,

450 3823 486 3890 et
503 3813 590 3907 quia
616 3834 688 3885 non
707 3814 863 3887 trahebat
888 3812 1009 3886 iacere
1025 3812 1185 3905 aliquam
1214 3833 1357 3887 moram
1376 3814 1413 3887 in
1431 3816 1624 3890 redeundo

450 3956 515 4028 por
543 3953 692 4025 aquam,
723 3931 815 4004 sicut
845 3932 982 4005 lecerat
1016 3931 1050 4004 in
1085 3932 1273 4025 veniendo,
1312 3935 1505 4010 ostendens
1544 3935 1622 4010 istis

449 4055 610 4128 diversas
626 4052 767 4126 animas
792 4058 829 4125 et
854 4072 980 4145 poenas
1006 4051 1042 4123 in
1067 4051 1254 4146 sanguine.
1274 4051 1365 4126 Dicit
1389 4074 1500 4149 ergo:
1526 4075 1622 4128 nou-

448 4175 537 4247 dum
556 4173 689 4247 Nessus
715 4171 899 4246 rediverat
922 4171 969 4244 ad
994 4191 1080 4244 suos
1105 4177 1311 4264 centauros,
1337 4176 1478 4262 quondo
1503 4177 1564 4246 noi
1588 4177 1622 4247 ci

449 4314 640 4366 mouemmo
662 4314 731 4385 per
760 4291 1068 4382 parmenides
1103 4312 1168 4384 per
1202 4291 1403 4365 secundum
1435 4293 1615 4369 circulum

448 4414 704 4506 violentorum,
723 4412 784 4506 qui
798 4419 852 4486 est
866 4419 982 4485 totum
999 4432 1140 4502 nemus,
1158 4411 1195 4484 in
1213 4431 1288 4503 quo
1308 4418 1393 4484 sunt
1407 4402 1444 4504 (⁶)
1463 4413 1618 4489 arbores

447 4534 652 4629 sylvestres,
669 4540 706 4606 et
722 4539 822 4605 certe
839 4532 981 4604 nullum
1000 4537 1055 4603 est
1077 4530 1214 4604 tristius
1232 4551 1363 4605 nemus
1379 4531 1465 4626 isto;
1483 4533 1618 4628 primo,

510 4745 538 4806 (ἰ
554 4746 579 4795 S.
596 4759 611 4793 o
629 4746 657 4794 E.
674 4751 699 4794 rt
718 4747 867 4807 vegetativa.
959 4745 987 4806 (¹)
1006 4749 1058 4805 ιιι,
1076 4758 1177 4795 uorum.
1261 4745 1288 4807 ι’)
1306 4750 1362 4806 ιιι,
1377 4747 1408 4797 Ε.
1423 4759 1440 4798 e
1454 4747 1481 4799 S.
1498 4749 1614 4812 dupudti.

509 4821 537 4884 (⁸)
555 4823 583 4871 E.
599 4823 712 4872 nondum
729 4828 882 4885 pervenerat
896 4823 929 4873 ad
945 4828 1053 4881 maram,
1069 4822 1167 4872 scilieet
1183 4823 1214 4871 ad
1230 4822 1340 4872 alteram
1355 4824 1449 4887 ripam.

508 4898 535 4960 ι’)
553 4903 606 4956 ιιι,
622 4911 704 4962 equus
719 4904 783 4949 erat
959 4898 987 4962 (⁸)
1007 4903 1059 4959 ιιι,
1077 4904 1139 4949 sunt
1152 4898 1240 4950 sulum
1254 4898 1369 4950 uberes
1494 4950 1498 4957 ,
