4154 6546
570 772 618 845 30
961 784 1165 841 cousuruu
1189 785 1341 840 mranvr

563 932 737 1022 da'roppi
765 930 822 1002 dcl
848 931 1006 1021 maneta,
1031 927 1134 1022 idest,
1167 928 1247 1024 jam
1278 928 1482 1006 illuminata
1508 930 1617 1006 radiis
1640 931 1739 1007 eolis.

564 1049 608 1123 Et
632 1043 670 1143 (“)
701 1056 787 1124 nota
812 1050 1067 1142 metaphoram
1092 1047 1299 1142 pmpriam;
1323 1047 1418 1123 sicut
1443 1050 1542 1125 enim·
1579 1051 1641 1126 ille
1673 1049 1739 1145 qni

563 1169 663 1244 vadit
691 1168 915 1263 pervellem
941 1165 1117 1260 intimam,
1143 1165 1206 1240 diu
1231 1166 1328 1242 vadit
1353 1175 1553 1262 antequam
1581 1162 1619 1262 β)
1654 1170 1740 1245 illu·

564 1294 685 1363 cescat
709 1288 787 1382 sibi,
814 1287 878 1362 sed
903 1306 989 1363 cum
1014 1285 1137 1381 incipit
1160 1287 1455 1383 appmpinquare
1483 1289 1530 1365 ad
1559 1295 1737 1384 montem,

564 1408 737 1481 continuo
763 1406 885 1502 incipit
910 1406 1035 1481 videre
1060 1407 1187 1500 solem,
1214 1407 1263 1482 ita
1288 1428 1311 1481 a
1335 1407 1443 1482 simili
1467 1415 1577 1484 autor
1610 1416 1737 1484 noster

564 1527 627 1600 diu
653 1528 910 1601 ambulaverat
934 1526 971 1600 in
998 1526 1149 1602 tenebra
1179 1526 1371 1620 viciorum,
1397 1549 1495 1603 nunc
1519 1535 1646 1603 autem
1681 1529 1737 1602 in-

564 1647 719 1742 cipiebat
751 1647 951 1725 ascendere
979 1647 1026 1723 ad
1051 1647 1173 1721 lucem
1199 1647 1397 1741 virtutum;
1423 1654 1461 1724 et
1484 1669 1553 1743 per
1575 1651 1646 1725 boc
1675 1649 1738 1724 in·

563 1767 644 1841 nuit
675 1768 774 1861 quod
805 1767 923 1842 virtus
948 1773 1004 1842 est
1027 1767 1138 1859 clara,
1164 1772 1202 1841 et
1227 1766 1343 1841 reddit
1368 1767 1553 1843 bominem
1579 1770 1735 1845 clarum.
1771 1810 1773 1815 ·

562 1886 608 1960 Et
639 1894 723 1961 nota
758 1887 857 1980 quod
881 1908 948 1983 per
973 1887 1087 1961 solem
1118 1886 1230 1960 istum
1255 1885 1443 1960 moraliter
1467 1887 1578 1962 debes
1604 1888 1739 1964 intelli·

561 2024 650 2101 gere
681 2006 796 2081 solem
822 2005 983 2101 justitia,
1017 2004 1152 2080 scilicet
1184 2005 1316 2097 Deum,
1341 2005 1448 2098 cuius
1472 2006 1600 2101 gratiae
1627 2007 1736 2083 radiis

491 2178 494 2183 -
562 2146 679 2219 mons,
698 2125 789 2200 idest
805 2125 923 2199 ardua
944 2125 1060 2200 virtus
1078 2114 1128 2218 (³),
1153 2130 1272 2233 potest
1292 2125 1417 2200 lucere
1433 2126 1471 2199 in
1491 2125 1651 2219 bomine,
1668 2127 1742 2201 nisi·

559 2246 636 2321 Deo
656 2246 894 2338 illuminante,
908 2252 950 2318 ut
966 2245 1088 2318 statim
1104 2244 1247 2319 dicetur
1260 2232 1298 2336 (⁴)
1315 2244 1477 2320 secundo
1492 2246 1654 2340 capitulo
1676 2267 1737 2322 se·

559 2366 696 2459 quenti.
722 2364 810 2440 Ideo
835 2364 930 2440 bene
954 2363 1063 2439 dicit:
1088 2365 1149 2436 cle
1173 2383 1276 2436 mena
1298 2365 1406 2437 dritto
1431 2367 1539 2440 otoo
1556 2386 1625 2459 per
1649 2369 1735 2457 opat·

557 2488 657 2576 cade,
683 2484 775 2558 idest
799 2504 865 2579 per
890 2503 1039 2558 omnem
1066 2482 1252 2556 tramitem
1278 2481 1458 2556 virtutum
1486 2490 1526 2558 et
1555 2484 1654 2559 viam
1680 2485 1735 2560 vi-

558 2603 665 2679 vendi
686 2595 724 2694 (⁸)
750 2611 861 2697 recte,
880 2603 966 2697 quia
991 2603 1029 2675 in
1045 2591 1181 2676 saeculd
1205 2609 1243 2677 et
1262 2601 1450 2697 religione,
1467 2603 1504 2677 in
1521 2606 1734 2699 operatione

558 2728 596 2796 et
615 2722 931 2816 contemplatione,
945 2721 981 2794 in
999 2741 1089 2816 pace
1105 2728 1142 2794 et
1162 2719 1270 2814 bello,
1287 2721 1324 2795 in
1341 2720 1551 2798 infirmitate
1575 2729 1612 2796 et
1637 2723 1737 2798 sani-

560 2848 645 2934 tate,
676 2841 712 2914 in
744 2841 929 2937 opulentia
963 2848 1001 2917 et
1029 2847 1270 2936 paupertate;
1302 2861 1392 2938 ergo
1426 2841 1463 2916 in
1495 2860 1737 2936 quocumque

559 2967 668 3055 statu,
693 2961 823 3057 gradu,
849 2967 887 3037 et
912 2961 1058 3036 fortuna
1083 2962 1195 3036 bomo
1225 2960 1282 3055 sit,
1313 2961 1381 3037 iste
1409 2963 1463 3035 sol
1491 2961 1592 3038 ducit
1616 2963 1737 3037 bomi-

559 3100 645 3155 nem
663 3087 764 3156 recte
779 3080 826 3154 ad
843 3080 1118 3156 beatitudinem.
1135 3083 1238 3155 attor
1259 3084 1300 3175 su
1324 3082 1362 3153 la
1380 3101 1513 3173 paura.
1539 3081 1604 3156 llic
1626 3089 1737 3157 autor

557 3199 659 3294 ponit
676 3189 712 3290 (⁶)
729 3199 902 3273 ellectum
927 3199 1031 3273 istim
1054 3199 1296 3295 inspectionis,
1317 3199 1453 3275 scilicet
1472 3201 1736 3294 quietatiouem

558 3318 616 3393 sui
650 3318 802 3412 timoris,
835 3318 981 3394 dicens:
1011 3321 1113 3393 Allor
1141 3323 1182 3411 su
1213 3322 1251 3392 lu
1277 3339 1398 3411 patara
1427 3340 1476 3393 rot
1502 3340 1595 3411 poco
1620 3327 1742 3413 poma,-

558 3438 650 3514 idest
662 3439 933 3533 aliquantulum
951 3438 1113 3533 quietata
1128 3427 1178 3532 (⁷),
1191 3440 1252 3511 cbc
1269 3441 1327 3511 nat
1341 3441 1425 3529 lopo
1443 3440 1502 3511 dcl
1517 3459 1605 3512 cuor
1621 3441 1736 3513 m'em

557 3559 702 3648 duram,
736 3557 828 3632 idest
857 3577 942 3651 quae
974 3556 1175 3631 duraverat
1192 3547 1229 3649 (⁸)
1257 3557 1344 3630 mibi
1374 3557 1411 3630 in
1444 3556 1624 3651 pmlundo
1653 3576 1737 3631 cor-

558 3678 623 3773 dis,
650 3682 686 3753 la
711 3685 815 3770 nolte,
831 3677 989 3772 appellat
1009 3683 1154 3751 noctem
1172 3683 1292 3750 totum
1313 3685 1563 3772 tempusque
1584 3681 1736 3749 steterat

558 3798 596 3874 in
620 3798 733 3891 viciis,
749 3800 841 3871 cb'io
852 3800 978 3889 passui
997 3816 1064 3869 con
1083 3803 1182 3870 mam
1192 3800 1300 3890 pora,
1320 3797 1413 3871 idest
1427 3817 1515 3872 cunr
1534 3802 1634 3870 enta
1651 3814 1735 3890 pes-

558 3920 671 3995 sione
690 3918 734 3992 Et
758 3917 891 3992 merito
917 3916 1091 3990 remissus
1115 3923 1172 3992 est
1196 3916 1318 4011 timor,
1336 3917 1422 4011 quia
1446 3917 1620 3991 continuo
1645 3935 1736 3989 con·

558 4039 653 4134 cepit
663 4038 862 4131 aliqualem
874 4057 977 4132 spem
991 4036 1166 4111 evadendi
1180 4056 1230 4112 ex
1247 4037 1315 4112 ista
1326 4029 1362 4129 (⁰)
1377 4037 1491 4133 sylva,
1504 4056 1589 4111 cum
1606 4036 1736 4130 orema-

559 4166 615 4235 set
638 4157 823 4232 modicum
849 4176 1072 4254 cognoscere
1097 4156 1300 4232 claritatem
1325 4156 1480 4231 virtutis.
1498 4161 1532 4229 Ε
1545 4156 1736 4231 coneilio

558 4284 667 4353 autor
697 4277 868 4353 describit
896 4277 1166 4372 dispositionem
1198 4276 1313 4352 animi
1341 4277 1527 4371 suique
1561 4285 1648 4354 nata
1679 4285 1736 4352 est

618 4507 644 4565 (·)
661 4507 690 4556 Ε.
707 4506 741 4555 Et
757 4505 819 4556 iacit
835 4520 924 4557 veram
940 4510 966 4556 ct
982 4506 1114 4569 propriam
1131 4506 1321 4569 metaphoram.

619 4583 645 4642 (¹)
664 4588 717 4642 tre,
734 4588 872 4646 namnam
889 4583 937 4633 sot.
1085 4575 1089 4580 ’

619 4659 645 4718 (·)
661 4659 691 4707 Β.
708 4660 790 4717 virtus
806 4659 970 4709 llluminatnr
986 4661 1045 4722 qnia
1062 4657 1135 4708 nulla
1152 4657 1268 4720 perlecta
1284 4659 1368 4710 virtus
1381 4661 1475 4722 potast-
1607 4710 1610 4715 .

619 4734 645 4792 (⁸)
661 4734 691 4783 E.
708 4733 808 4784 dicetur
824 4734 850 4783 in
867 4739 944 4784 cantu
961 4736 1088 4798 ”quenti
1271 4733 1297 4794 (⁸)
1313 4734 1344 4785 E.
1360 4734 1462 4787 vunnu
1475 4738 1560 4787 ncta.

621 4808 647 4870 (⁸)
663 4807 689 4859 S.
705 4809 864 4858 ostendit-
876 4808 908 4860 R
924 4809 1019 4872 posuit.
1269 4808 1298 4870 (⁷)
1314 4808 1344 4859 E.
1361 4810 1456 4872 quieta.

621 4885 648 4949 θ)
665 4885 695 4935 lt
712 4885 813 4935 durarit
831 4885 903 4937 mlbl.
1270 4885 1298 4948 l'l
1315 4891 1371 4948 tte,
1385 4899 1419 4938 ca
1434 4886 1492 4937 illa.
