4154 6546
593 757 664 824 322
984 770 1187 827 conburunt
1211 770 1360 825 insnum

590 915 817 1010 expectando
850 916 937 1008 quid
962 916 1126 991 facturus
1150 923 1262 1009 esset3
1287 918 1391 1011 quasi
1408 910 1445 1009 (⁴)
1476 917 1589 993 dicat:
1617 923 1697 992 tace
1721 923 1759 992 et

588 1044 754 1130 expecta,
780 1035 866 1129 quia
892 1036 1014 1111 statim
1049 1036 1186 1113 videbis
1217 1038 1316 1132 quod
1348 1038 1416 1114 isle
1448 1044 1505 1113 eet
1528 1038 1590 1113 ille
1615 1043 1757 1112 tantum

587 1164 800 1251 expectatus
832 1165 870 1231 et
901 1156 1127 1233 desideratus
1158 1180 1180 1233 a
1215 1159 1337 1253 nobis;
1364 1166 1402 1233 et
1427 1167 1513 1235 nota
1537 1159 1636 1252 quod
1661 1159 1757 1234 bene

588 1276 757 1370 Virgilius
784 1276 886 1351 iubet
910 1277 1020 1354 istum
1034 1271 1072 1371 (²)
1100 1282 1282 1355 bonorare
1306 1281 1542 1375 Mercurium,
1555 1280 1642 1376 quia
1659 1281 1757 1354 Deus

589 1403 656 1490 est,
673 1402 710 1470 et
726 1395 813 1489 quia
838 1397 1047 1491 eloquentia
1072 1420 1220 1476 summe
1244 1400 1437 1475 bonoravit
1451 1405 1650 1494 autorem,
1676 1398 1758 1474 ideo

590 1518 685 1592 bene
703 1516 813 1591 debet
829 1518 1013 1593 bonorare
1029 1540 1183 1595 eam-
1193 1523 1258 1595 lt.
1276 1520 1341 1595 llic
1356 1527 1467 1597 autor
1482 1519 1653 1595 describit
1668 1540 1758 1615 ape-

590 1635 759 1711 ritionem
790 1643 916 1732 portae,
946 1647 984 1714 et
1014 1638 1135 1734 incipit
1159 1641 1207 1714 ab
1232 1640 1498 1716 exclamatione
1521 1639 1644 1715 dicens
1669 1660 1756 1714 cum

588 1755 846 1833 admiratione:
871 1761 925 1832 lt
950 1767 1080 1850 quanto
1104 1763 1154 1834 mi
1171 1782 1287 1853 pareo
1309 1763 1390 1853 pron
1411 1759 1759 1852 cleombrotum

589 1877 648 1952 ille
672 1877 874 1952 Mercurius
898 1885 1025 1953 eontra
1042 1878 1121 1954 illos
1137 1879 1322 1956 daemones
1338 1880 1646 1975 contradicentes,
1667 1901 1758 1976 ergo

587 2018 673 2074 cum
700 2018 846 2073 summa
877 1998 1122 2096 indignatione
1146 2007 1183 2074 et
1207 1999 1262 2075 ira
1288 2021 1396 2073 venne
1419 2022 1444 2073 o
1468 2003 1506 2075 lo
1523 2008 1648 2095 porto,
1674 2020 1760 2094 qum
1811 2089 1819 2108 ἲ

588 2126 668 2193 erat
693 2118 741 2195 ita
767 2117 913 2192 firmata
937 2125 975 2193 et
999 2119 1190 2214 custodita,
1215 2141 1234 2192 c
1258 2122 1424 2213 topace,
1449 2119 1601 2194 lacibter
1618 2126 1656 2193 et
1672 2119 1756 2211 cito,

587 2241 646 2312 olto
675 2261 748 2313 noo
777 2241 857 2312 ebbe
885 2242 989 2314 duca
1015 2243 1164 2332 ritegno,
1194 2239 1284 2315 idest
1315 2240 1568 2333 resistentiam,
1593 2261 1660 2313 con
1684 2261 1756 2312 uno

588 2363 773 2451 moleto.
800 2362 844 2434 Et
869 2361 927 2436 bic
957 2368 1043 2436 nota
1068 2362 1163 2436 bene
1187 2360 1285 2453 quod
1311 2360 1414 2456 virga
1439 2369 1494 2436 est
1518 2361 1663 2456 signum
1691 2381 1757 2454 po-

486 2494 488 2499 ·
589 2480 746 2573 testatis3
764 2479 846 2553 ideo
862 2501 930 2575 per
946 2481 1088 2576 virgam
1105 2480 1265 2576 intellige
1280 2480 1480 2577 potentiam
1498 2487 1535 2556 et
1554 2480 1755 2554 efficaciam

588 2599 818 2694 eloquentie,
828 2599 1054 2694 quaelrangit
1070 2599 1193 2673 omnia
1210 2600 1316 2674 lortia
1329 2600 1505 2695 claustra;
1519 2590 1650 2695 imo(³),
1660 2598 1758 2694 quod

590 2727 645 2796 ert
662 2720 830 2795 mirabile
842 2720 1005 2813 credere,
1018 2719 1174 2815 virgula,
1187 2719 1279 2794 idest
1290 2741 1404 2815 parva
1417 2720 1542 2817 lingua
1555 2719 1758 2814 eloquentis

589 2840 700 2917 vincit
728 2847 885 2915 mortem
912 2860 996 2934 quae
1021 2846 1076 2915 est
1100 2841 1272 2914 ultimum
1298 2840 1529 2936 terribilium,
1554 2841 1650 2915 sicut
1673 2862 1760 2914 nar·

589 2968 647 3035 rat
663 2960 830 3035 Valerius
854 2959 901 3035 de
925 2960 1054 3056 Egeria
1071 2960 1293 3056 philosopho,
1308 2960 1371 3054 qui
1388 2960 1438 3035 ita
1458 2961 1655 3037 efficaciter
1672 2982 1758 3056 per·

588 3080 764 3156 suadebat
789 3080 998 3155 bominibus
1022 3088 1273 3176 contemptum
1291 3081 1431 3175 mortis,
1449 3082 1547 3177 quod
1570 3082 1682 3177 aliqui
1704 3082 1758 3155 in-

588 3202 686 3278 venti
699 3208 785 3277 sunt
796 3201 860 3294 qui
877 3208 1005 3298 sponte
1021 3201 1260 3297 privaverunt
1272 3223 1313 3278 se
1325 3203 1398 3277 vita
1415 3204 1580 3278 volentes
1592 3202 1757 3299 elingere

587 3321 752 3397 miserias
770 3320 871 3394 istius
888 3320 1026 3395 mundi.
1045 3323 1125 3396 Nou
1142 3342 1233 3418 ergo
1250 3322 1385 3396 mirum
1404 3322 1434 3396 si
1450 3323 1654 3398 Mercurius
1670 3341 1755 3396 cum

587 3442 689 3535 virga
714 3462 781 3514 sua
808 3441 956 3518 intravit
982 3441 1087 3515 istam
1112 3442 1296 3517 civitatem
1325 3442 1467 3517 sortem.
1490 3443 1618 3518 Nonne
1631 3431 1668 3535 (⁴)
1689 3443 1758 3517 Pe-

587 3562 694 3637 ricles
719 3582 805 3636 cunr
832 3561 955 3658 lingua
981 3584 1048 3636 sua
1072 3562 1264 3657 acquisivit
1288 3562 1355 3636 sibi
1380 3563 1582 3637 dominium
1610 3540 1758 3636 nobilis-

587 3683 690 3757 simae
715 3681 867 3756 civitatis
892 3683 1148 3756 Athenarum?
1173 3683 1301 3756 Nonne
1316 3674 1354 3773 (⁵)
1381 3681 1492 3758 Gaius
1511 3682 1672 3757 Graccus
1690 3704 1756 3777 po-

588 3805 716 3899 pulum
734 3805 942 3878 Romanum
963 3802 1145 3877 excitabat
1154 3793 1191 3893 (⁶)
1211 3802 1248 3874 in
1265 3803 1454 3877 furorem?
1470 3803 1540 3877 Sed
1558 3801 1645 3897 quid
1662 3778 1772 3877 vado*

587 3945 653 4020 per
678 3923 846 4018 exempla
866 3922 1039 4017 antiqua?
1057 3942 1178 3996 nonne
1194 3922 1324 3997 diebus
1340 3923 1472 3998 nostris
1489 3923 1646 3998 lacobus
1663 3924 1756 3996 Bus-

585 4044 741 4119 solarius
762 4043 876 4116 irater
892 4041 1070 4118 heremita
1096 4043 1265 4117 armabat
1290 4051 1327 4117 et
1352 4044 1579 4140 exarmabat,
1600 4043 1757 4118 ducebat

586 4172 624 4240 et
648 4166 818 4239 versabat
843 4164 1019 4260 populum
1041 4184 1218 4260 magnum
1237 4171 1275 4239 et
1290 4172 1477 4261 potentem
1495 4165 1758 4259 antiquissimae

586 4285 739 4360 civitatis
753 4284 876 4379 Papiae
900 4284 935 4357 in
962 4283 1203 4358 lombardia?
1220 4292 1258 4359 et
1276 4291 1399 4360 tamm
1426 4305 1499 4358 non
1524 4284 1682 4359 babebat
1699 4284 1754 4357 di-

585 4406 702 4496 vitias,
719 4425 793 4478 non
810 4405 1022 4499 potentiam,
1037 4425 1109 4478 non
1126 4404 1315 4500 amicitias,
1329 4405 1392 4480 sed
1410 4405 1529 4480 solum
1549 4403 1753 4478 mirabilem

646 4683 674 4745 (¹)
691 4683 720 4733 E.
737 4683 810 4746 quusi
826 4684 893 4734 dlcsl
911 4686 999 4737 tuelle:
1015 4692 1131 4751 expecta.
1147 4712 1178 4725 -
1195 4690 1249 4747 llo,
1266 4687 1339 4750 qunl
1355 4686 1468 4737 dleeretr
1485 4691 1541 4735 tuce
1557 4689 1584 4734 et
1598 4688 1715 4746 expecta.

646 4758 674 4822 (¹)
692 4765 745 4819 lld,
762 4761 855 4822 ipsum.
1229 4761 1257 4826 θ)
1272 4763 1304 4814 Ε.
1319 4763 1381 4821 imo,
1398 4768 1446 4813 est.

648 4836 675 4898 (⁸)
692 4835 722 4884 lt.
740 4835 808 4885 llurn
824 4849 865 4886 ne.
1233 4838 1260 4900 (¹)
1277 4839 1308 4891 B.
1324 4839 1393 4891 Num
1410 4851 1452 4889 ue.

647 4911 675 4975 (⁸)
692 4911 722 4960 li.
737 4914 856 4962 excltnvit
871 4915 898 4964 ln
914 4913 1046 4965 furorem?
1063 4916 1131 4967 Num
1148 4929 1180 4966 ne
1196 4916 1286 4967 diebus
1301 4917 1403 4967 nostris.
