4154 6546
324 824 327 829 ,
451 782 522 847 llil
845 794 1048 850 conmuruu
1072 796 1226 849 nuruum

448 944 515 1013 las.
534 942 725 1035 Tyrannus
741 938 898 1013 crudelis
912 939 1070 1013 existens
1086 940 1123 1012 in
1140 939 1287 1016 civitate
1299 960 1385 1015 cum
1398 940 1498 1014 omni
1511 947 1625 1037 genle

448 1083 515 1135 sua
542 1067 579 1135 el
604 1067 792 1155 potentatu
818 1059 901 1133 lecit
926 1060 1049 1133 vocari
1075 1061 1121 1134 ad
1147 1083 1258 1134 suum
1284 1062 1476 1135 consilium
1493 1082 1625 1137 omnes

448 1181 608 1255 maiores
638 1191 675 1256 et
708 1179 903 1253 nobiliores
932 1179 1096 1273 civitatis,
1123 1200 1217 1273 quos
1243 1180 1468 1255 invenientes
1485 1173 1522 1273 (¹)
1548 1182 1625 1256 sin·

447 1301 601 1399 gulalim
634 1301 670 1373 in
704 1299 858 1372 transitu
893 1300 1003 1372 unius
1033 1319 1193 1375 camerae
1226 1301 1381 1375 faciebat
1407 1301 1561 1376 mactari
1586 1313 1626 1379 et

447 1422 551 1496 deiici
576 1441 643 1517 per
668 1441 786 1493 unum
804 1419 1065 1512 aquaeductum
1086 1421 1214 1515 palacii
1234 1422 1541 1515 subterraneum
1555 1440 1626 1497 nec

448 1543 566 1616 caedes
590 1541 789 1636 apparebat
814 1540 881 1612 nisi
907 1539 1006 1633 quod
1032 1541 1068 1613 in
1095 1540 1168 1614 line
1193 1540 1408 1634 conductus,
1433 1562 1532 1635 aqua
1558 1561 1625 1616 ca·

448 1663 537 1738 dens
553 1663 590 1735 in
606 1665 747 1734 Arnum
766 1660 958 1733 videbalur
977 1661 1092 1734 rubea
1105 1651 1155 1752 (¹).
1169 1662 1272 1734 Tunc
1290 1661 1432 1735 detecta
1449 1672 1505 1737 est
1521 1660 1625 1736 fraus

448 1783 512 1857 sed
529 1781 643 1856 tarde.
661 1783 763 1854 Tunc
779 1780 896 1853 Athila
918 1780 1124 1874 mandanle„
1138 1780 1195 1854 sui
1212 1781 1345 1855 armati
1363 1787 1476 1857 totam
1493 1781 1625 1856 civila-

448 1909 523 1977 tem
537 1901 734 1975 crudeliter
745 1899 1001 1993 dirupuerunt,
1015 1900 1138 1971 multis
1150 1899 1373 1994 fugientibus
1387 1920 1453 1995 per
1466 1900 1622 1975 comita·

449 2029 528 2095 tum
554 2020 601 2094 ad
626 2019 784 2112 castella,
810 2038 974 2110 nemora,
1000 2025 1038 2092 el
1061 2038 1261 2112 cavernas;
1285 2018 1380 2092 lacta
1394 2011 1432 2111 (³)
1460 2020 1623 2095 maxima

448 2141 548 2214 caede
565 2139 712 2232 civium,
726 2145 940 2213 everterunt
952 2137 1113 2213 lunditus
1130 2137 1326 2230 civilalem,
1343 2138 1468 2212 omnia
1486 2139 1624 2215 moenia

449 2268 485 2336 et
510 2259 649 2335 edificia
676 2259 760 2354 igne
784 2267 990 2332 cremantes
1016 2268 1150 2352 praeler
1177 2258 1353 2353 lemplum
1376 2256 1623 2352 Martisquod

448 2381 581 2456 dicitur
606 2400 686 2454 esse
701 2367 737 2469 (⁴)
765 2399 858 2472 opus
884 2378 1084 2469 indelebile,
1111 2379 1210 2471 quud
1229 2384 1359 2473 repuln
1376 2378 1624 2453 trudamur-

450 2507 550 2573 clum
564 2507 618 2574 est
631 2505 756 2572 aulem
771 2498 867 2571 istud
880 2498 1062 2571 excidium
1078 2498 1270 2572 Florentiae
1292 2498 1351 2572 die
1364 2500 1506 2572 lllllllll
1516 2491 1554 2590 (ὅ)
1561 2500 1626 2594 jn·

448 2621 509 2713 nii,
526 2640 622 2693 anno
648 2618 777 2692 Christi
799 2617 939 2692 CCCCL
965 2624 1002 2689 el
1027 2638 1124 2691 anno
1141 2608 1288 2711 llell⁶l
1314 2619 1362 2692 ab
1387 2618 1629 2694 aedificatione

449 2762 528 2815 sua.
543 2739 612 2813 Sed
632 2745 733 2812 cerle
753 2738 869 2810 miror
887 2737 992 2809 nimis
1009 2737 1055 2811 de
1075 2738 1143 2811 islo
1160 2738 1301 2813 excidio
1318 2739 1511 2813 Florenliae
1524 2736 1625 2831 quod

450 2860 569 2936 nihile
586 2858 717 2932 dicilur
734 2856 879 2949 lecisse3
897 2857 996 2950 quia,
1015 2863 1055 2929 ul
1076 2863 1174 2952 palei
1191 2878 1238 2931 en
1256 2858 1413 2951 hisquae
1431 2857 1506 2931 iam
1532 2856 1626 2932 scri·

448 2981 502 3075 psi
527 2980 573 3053 de
598 2977 716 3051 dunila
749 2976 786 3048 in
820 2976 1038 3070 praecedenti
1068 2977 1227 3071 capitulo
1253 2998 1326 3050 non
1352 2977 1498 3051 videtur
1523 2974 1625 3071 quod

448 3101 567 3175 athila
586 3097 792 3183 transiverit
811 3117 976 3189 unquam
995 3097 1236 3191 Appeninum‚
1251 3116 1318 3170 nec
1336 3097 1473 3171 Paulus
1490 3096 1623 3171 Iliaco-

449 3244 530 3315 nus,
557 3241 625 3295 nec
657 3218 750 3291 alius
775 3224 935 3291 tractans
960 3217 1006 3290 de
1030 3217 1141 3311 gestis
1166 3216 1294 3290 Athilae
1320 3217 1405 3291 dicii
1429 3219 1510 3292 hoc.
1536 3218 1625 3293 ldeo

448 3345 528 3418 dico
554 3340 651 3435 quod
672 3348 783 3413 antor
800 3347 923 3413 noster
943 3343 1092 3410 seculus
1109 3346 1164 3412 est
1180 3337 1371 3411 chronicas
1388 3338 1515 3432 palriae
1532 3358 1625 3433 sue,

449 3484 533 3557 quae
557 3462 674 3535 multa
699 3458 828 3530 irivola
854 3456 983 3530 similia
1009 3456 1143 3547 dicunt,
1159 3465 1201 3530 nt
1218 3456 1360 3549 plenius
1385 3456 1504 3530 dicam
1531 3456 1625 3530 inira

447 3582 606 3677 capitulo
624 3579 705 3669 XV3
727 3578 785 3651 vel
810 3577 904 3651 sorte
922 3575 1008 3649 vidit
1024 3575 1185 3668 aliquem
1207 3581 1378 3648 autorem
1395 3575 1623 3650 autenticum

447 3703 626 3776 dicenlem
653 3700 734 3789 hoc,
760 3716 871 3788 quem
899 3715 968 3790 ego
995 3714 1068 3767 nun
1094 3694 1184 3787 vidi3
1211 3694 1275 3767 sed
1304 3693 1481 3788 quidquid
1506 3693 1553 3771 sil
1576 3694 1651 3805 del

447 3823 515 3896 islo
541 3821 730 3913 iacl0,eg0
752 3816 839 3888 nihil
857 3814 978 3888 credo.
997 3815 1040 3887 ut
1066 3814 1195 3887 ultimo
1222 3814 1289 3889 isle
1314 3813 1462 3908 spiritus
1487 3815 1628 3889 lluren·

448 3944 544 4016 linus
570 3939 684 4035 tangil
709 3938 865 4010 formam
892 3955 968 4008 suae
995 3934 1211 4008 miserandae
1241 3934 1383 4027 mortis,
1407 3933 1555 4008 dicens:
1579 3936 1629 4007 lc

444 4067 493 4159 sci
517 4062 627 4153 pidem
652 4080 676 4129 a
701 4078 755 4129 unc
779 4058 866 4127 delle
891 4057 956 4126 mle
980 4075 1069 4126 case.
1096 4054 1191 4127 ldesl
1217 4074 1286 4149 ego
1311 4053 1483 4148 suspendi
1500 4072 1563 4128 me
1583 4051 1629 4126 in

448 4183 617 4258 domibus
633 4177 734 4251 meis.
754 4177 846 4249 Nam
860 4175 983 4270 gibelh
1002 4173 1036 4246 in
1055 4174 1179 4269 lingua
1192 4173 1320 4269 gallica
1338 4173 1433 4247 idem
1449 4171 1623 4266 estquod

448 4305 564 4396 lurca,
590 4301 666 4375 sive
692 4301 793 4373 locus
818 4295 881 4368 ubi
907 4295 1006 4368 iures
1031 4294 1314 4388 suspenduntur.

510 4521 537 4581 (¹)
555 4522 589 4578 S..
607 4520 637 4568 E.
654 4532 668 4567 e
687 4522 740 4575 lle,
757 4516 895 4564 venientes.
1193 4509 1268 4572 (¹513.
1287 4511 1375 4561 mim,

510 4596 537 4658 (¹)
554 4597 584 4645 Ε.
601 4595 661 4644 lude
677 4594 744 4644 iacta
765 4593 860 4641 sirium
880 4590 950 4640 coedc
966 4590 1126 4639 maxima-
1138 4593 1192 4648 lle,
1209 4599 1340 4646 caremus,
1363 4586 1430 4636 lael·
1451 4589 1491 4636 etl
1512 4584 1632 4635 mxima

448 4673 538 4723 cedes.

511 4750 537 4811 (⁸)
553 4750 582 4799 Ε.
599 4749 685 4798 luisse.
890 4746 917 4806 (¹)
933 4745 958 4794 S.
976 4744 1083 4796 lelll.
1273 4741 1300 4804 (⁸)
1317 4741 1348 4790 E.
1365 4739 1447 4791 nxv.

903 4938 1167 4948 ———--
