4154 6546
767 782 1061 839 caurus-nouus.
1426 774 1496 840 329

324 932 596 1023 haereticorum,
634 932 708 1003 imo
741 930 907 1003 onmium
946 929 1229 1023 damnaturum3
1266 938 1389 1003 tamen
1428 951 1498 1003 au·

327 1059 384 1125 tur
409 1051 596 1145 distinguit
625 1071 730 1124 arcas
765 1050 800 1123 in
832 1071 983 1144 magnas
1009 1058 1046 1123 et
1071 1072 1203 1144 parvas
1236 1050 1282 1123 ad
1317 1050 1496 1123 denotan-

324 1172 413 1245 dum
448 1170 737 1266 magnitudinem
772 1177 810 1245 et
843 1171 1056 1265 parvitatem
1081 1167 1118 1261 (¹)
1148 1172 1276 1265 culpe,
1310 1190 1430 1265 poenae
1460 1178 1498 1244 et

325 1291 483 1384 numeri,
510 1291 559 1363 ita
584 1289 681 1385 quod
707 1291 753 1364 de
779 1312 853 1363 una
879 1297 976 1363 secta
1005 1296 1090 1363 sunt
1114 1291 1238 1384 piures
1263 1295 1300 1364 et
1326 1289 1442 1384 magis
1459 1298 1497 1364 et

327 1412 448 1484 minus
473 1410 603 1505 puniti;
629 1416 667 1484 et
691 1430 777 1484 ecce
800 1416 909 1484 autor
935 1411 1055 1483 statim
1074 1430 1114 1483 se
1134 1411 1251 1505 gtosat
1268 1415 1306 1483 et
1322 1408 1494 1502 declarat,

323 1533 469 1607 dicens:
494 1533 604 1604 simite
636 1527 673 1604 e'e
704 1532 834 1626 sepulto
866 1550 932 1602 con
961 1532 1070 1602 simile
1095 1532 1165 1622 qui,
1192 1528 1326 1603 scilicet
1359 1528 1496 1602 inistis

324 1652 430 1745 arun,
461 1651 547 1744 quia
578 1650 700 1723 Ariani
719 1641 755 1740 (²)
783 1655 868 1722 sunt
899 1671 985 1723 cum
1011 1650 1108 1742 Ario,
1135 1656 1172 1723 et
1197 1649 1246 1723 ita
1271 1649 1317 1723 de
1342 1649 1494 1741 caeteriS,

325 1772 412 1864 quia
437 1776 546 1844 seetae
572 1777 657 1843 sunt
684 1770 809 1842 multa}
834 1790 927 1864 quas
953 1790 1025 1841 n0n
1045 1769 1191 1843 intendo
1208 1769 1266 1841 iric
1284 1788 1495 1862 numerare,

325 1891 418 1964 sieut
442 1890 553 1984 aliqui
574 1889 752 1982 iecerunt,
770 1896 812 1962 ut
830 1888 1042 1964 viderentur
1061 1889 1184 1963 dicere
1203 1889 1329 1982 multa,
1348 1895 1384 1963 et
1402 1908 1497 1983 prae-

327 2010 564 2085 termiserunt
588 2009 799 2106 ignoranter
825 2008 925 2084 utilia
946 2016 983 2083 et
1001 2009 1216 2103 necessaria,
1234 2030 1253 2081 e
1268 2011 1282 2082 i
1297 2012 1500 2082 meminent

324 2151 390 2203 sun
402 2126 465 2223 ptri
481 2150 501 2203 e
516 2150 595 2202 mea
611 2132 716 2220 caldi,
733 2127 824 2202 idest
841 2128 1006 2202 ardentia
1024 2128 1108 2224 igne
1125 2128 1326 2203 secundum
1342 2128 1439 2222 quod
1457 2119 1494 2219 (³)

325 2249 387 2343 qui
413 2249 494 2344 pius
523 2256 560 2324 et
589 2249 711 2322 minus
740 2247 973 2342 deliquerunt
988 2254 998 2339 t
1014 2251 1036 2338 ).
1051 2251 1250 2320 -Poscia
1278 2248 1342 2322 Hic
1367 2248 1497 2323 ultimo

324 2376 433 2443 antur
463 2367 597 2442 claudit
626 2367 826 2462 capitutum
858 2373 894 2442 et
919 2367 1023 2442 dicit:
1054 2370 1209 2441 intramo
1234 2375 1292 2440 tra
1317 2372 1330 2440 t
1354 2371 1497 2442 martiri

325 2509 344 2562 e
371 2492 423 2580 ati
451 2492 513 2562 atti
542 2491 670 2580 spaldi,
703 2487 796 2562 idest
827 2489 921 2562 inter
953 2494 1136 2562 tormenta
1162 2489 1431 2584 haeretieorum,
1459 2496 1497 2564 et

325 2610 417 2684 attus
449 2629 577 2682 muros
608 2607 772 2703 civitatis,
807 2607 856 2682 ita
890 2608 987 2702 quad
1020 2608 1251 2684 intraverunt
1284 2630 1350 2704 per
1382 2630 1495 2685 naam

326 2730 422 2803 viam
449 2735 643 2824 angustam
678 2748 763 2822 quaa
788 2729 993 2803 comuniter
1018 2727 1203 2803 invenitur
1229 2729 1265 2802 iu
1291 2731 1496 2805 civitatibus

325 2850 421 2924 inter
447 2869 575 2922 muros
604 2856 643 2924 et
665 2850 811 2943 d0m0s3
838 2856 875 2924 et
900 2848 1003 2922 dicit:
1024 2852 1147 2941 potua
1172 2850 1231 2923 cte
1254 2853 1286 2924 ai
1306 2855 1346 2945 su
1364 2854 1456 2925 volta
1472 2872 1498 2925 a

325 2972 362 3041 la
388 2988 472 3041 maa
496 2971 628 3060 deutra
654 2969 738 3045 ticet
763 2969 846 3042 hinc
871 2968 954 3042 inde
980 2968 1192 3062 respexerit,
1218 2975 1259 3042 ut
1284 2969 1495 3044 dictumest

324 3109 446 3182 supra,
476 3095 514 3163 et
543 3089 592 3161 ita
624 3089 660 3161 in
691 3087 763 3163 tine
787 3087 932 3183 capituti
958 3086 1144 3181 sequentis
1168 3087 1253 3161 dicit
1278 3090 1376 3182 quod
1403 3090 1495 3164 redit

324 3206 369 3281 ad
395 3207 587 3280 sinistram.

389 3465 418 3525 t'J
434 3465 458 3515 S.
476 3467 672 3528 penitudinem.
924 3467 950 3530 (¹)
966 3469 997 3517 Ε.
1014 3466 1105 3517 Arimi
1120 3467 1213 3530 reputt!
1229 3472 1298 3519 aunt.

388 3541 415 3604 (⁸)
431 3543 462 3594 B.
478 3557 493 3594 a
509 3544 536 3594 S.
552 3546 623 3608 quod
638 3546 697 3609 pina
711 3550 746 3597 et.
922 3545 950 3608 (¹)
966 3545 997 3595 E.
1012 3550 1194 3608 mierum.
