4154 6546
871 828 1009 884 usurus
1031 830 1209 897 ounnrus.
1559 827 1627 892 167

452 975 640 1053 sciendum
666 971 765 1068 quod
781 977 891 1047 autor
908 992 982 1048 non
998 973 1163 1068 loquitur
1179 974 1238 1049 llic
1254 974 1301 1050 de
1316 975 1485 1054 Cornelia
1509 1000 1629 1056 uxore

452 1096 625 1192 Pompeii,
637 1093 810 1190 quamvis
827 1095 986 1168 multum
1000 1095 1146 1170 laudata
1163 1096 1209 1170 sit
1219 1088 1257 1189 (¹)
1271 1118 1294 1172 a
1312 1099 1484 1194 Lucan03
1501 1103 1629 1176 multae

450 1219 548 1294 enim
578 1216 730 1290 luerunt
761 1213 950 1308 Corneliae,
983 1214 1047 1288 sed
1081 1214 1245 1309 loquitur
1275 1216 1322 1292 de
1352 1217 1521 1296 Comelin
1554 1220 1627 1295 lilia

451 1336 577 1435 magni
604 1333 779 1430 Scipionis
809 1333 992 1428 dliricani
1023 1355 1120 1428 qum
1139 1335 1206 1409 luit
1238 1344 1357 1412 mater
1386 1340 1626 1435 Graecorum,

452 1456 587 1532 mulier
611 1453 761 1548 quidem
785 1453 899 1527 uirilis
916 1459 953 1528 et
970 1454 1231 1550 magnanima3
1256 1457 1384 1532 hahuit
1398 1450 1436 1552 (¹)
1455 1461 1517 1534 llll
1535 1460 1638 1534 lilios·

452 1597 500 1653 ex
512 1575 648 1651 marito
664 1593 732 1648 suo
749 1572 965 1668 sempronio
981 1573 1134 1668 Gracco,
1152 1595 1314 1668 quorum
1332 1576 1407 1654 duo
1424 1579 1493 1653 viri
1510 1580 1627 1655 auda-

452 1696 598 1791 cissimi,
623 1694 758 1770 scilicet
780 1694 947 1769 Tiberius
963 1694 1126 1770 Graccus
1150 1702 1189 1771 et
1213 1696 1322 1772 Caius
1338 1697 1511 1795 Graccus,
1529 1722 1625 1796 prae-

453 1821 689 1912 snmpserunt
708 1805 747 1908 (⁸)
776 1834 843 1910 per
867 1814 1033 1889 lusorem
1063 1815 1178 1910 plebis
1205 1837 1389 1914 occupare
1421 1820 1623 1896 dominium

453 1936 566 2031 urbis,
586 1943 623 2011 et
646 1935 758 2010 ambo
782 1944 821 2010 et
844 1934 949 2009 brevi
974 1933 1145 2009 trucidati
1170 1943 1257 2010 sunt
1281 1957 1368 2012 cum
1386 1940 1624 2035 complicibus

452 2057 527 2133 suis
542 2077 566 2132 u
582 2061 687 2152 purte
703 2054 892 2129 nobilium.
910 2055 992 2143 Quo
1009 2053 1210 2151 significato
1223 2057 1412 2154 Cornelius,
1425 2060 1514 2134 dum
1532 2082 1626 2156 que-

451 2176 536 2253 dam
550 2174 685 2250 mulier
697 2173 846 2268 diceret,
861 2175 935 2249 heu
948 2179 985 2249 te
1002 2173 1194 2248 miseram!
1212 2177 1413 2272 respondit:
1431 2200 1622 2274 nunquam

452 2316 512 2372 mo
537 2295 681 2370 felicem
707 2294 852 2390 negabo
875 2312 961 2387 qum
986 2291 1144 2368 Gracoos
1160 2295 1283 2391 genui.
1302 2296 1356 2372 lle
1372 2297 1440 2373 ista
1457 2299 1624 2374 Cornelia

451 2416 577 2513 pulcra
586 2403 625 2507 (⁸)
634 2413 804 2489 dicentur
816 2412 978 2488 Paradisi
991 2413 1151 2508 capitulo
1163 2414 1422 2491 lis-Emis.
1436 2419 1501 2494 llic
1512 2406 1630 2494 auto?

294 2538 296 2543 ’
451 2538 614 2615 nominat
637 2535 823 2630 ultimum,
849 2533 985 2609 scilicet
1009 2532 1232 2631 saladinum,
1254 2535 1453 2613 soldanum
1479 2539 1624 2614 Babilo-

451 2678 535 2736 nem
547 2649 597 2751 (ἢ.
611 2656 666 2732 ld
681 2655 789 2731 cuius
800 2654 967 2729 notitiam
981 2654 1187 2730 lrabendum
1204 2663 1260 2732 est
1273 2657 1461 2733 sciendum
1471 2649 1510 2752 (⁶)
1523 2661 1623 2754 quod

452 2777 645 2854 snudinus
668 2775 737 2848 init
763 2774 820 2849 vir
844 2773 906 2849 als
931 2773 1062 2868 cordis,
1087 2775 1194 2849 cuins
1218 2776 1382 2853 animosa
1407 2777 1525 2853 virtus
1549 2800 1623 2855 non

452 2896 570 2972 solum
595 2895 680 2971 lecit
706 2914 795 2969 eum
820 2912 868 2968 ex
892 2912 1008 2989 parvo
1037 2893 1186 2970 homine
1214 2917 1392 2993 magnum
1421 2895 1622 2973 soldanum

452 3014 659 3107 Bubiloniae,
690 3012 757 3088 sed
789 3013 900 3089 etiam
934 3014 1086 3088 contulit
1114 3015 1182 3089 sihi
1214 3036 1366 3113 magnes
1383 3005 1422 3110 (⁷)
1452 3019 1622 3095 victorias

452 3155 563 3231 super
587 3152 696 3231 reges
720 3132 920 3208 saracenos
945 3139 982 3208 et
1007 3133 1237 3208 Christianos.
1255 3134 1353 3210 lnter
1369 3136 1460 3211 elias
1479 3140 1623 3234 magni-

407 3321 414 3334 .
451 3253 613 3332 dcentias
635 3250 717 3328 eius
740 3241 906 3345 unumls
932 3252 1095 3327 breviter
1118 3272 1335 3347 percurram
1361 3274 1447 3329 cum
1464 3255 1623 3332 delecta—

450 3375 549 3450 tione
573 3371 864 3448 memorandam.
890 3372 1072 3467 Tempore
1089 3391 1250 3465 numque
1266 3371 1423 3448 Saladini
1440 3374 1506 3448 luit
1524 3377 1622 3450 ordi-

450 3498 577 3570 natum
605 3510 782 3589 magnum
807 3498 844 3566 et
869 3492 1044 3587 generale
1072 3492 1281 3589 passagium
1311 3514 1379 3590 per
1403 3494 1618 3572 sedericum

447 3611 608 3708 primum
625 3609 692 3706 qul
708 3610 990 3707 cognominatus
1007 3616 1062 3686 est
1079 3611 1317 3708 Barbarussa‚
1339 3634 1406 3710 per
1422 3616 1619 3691 Ecclesiam

446 3732 661 3826 Romanum,
688 3736 727 3804 et
750 3729 973 3827 generaliter
996 3749 1063 3825 per
1092 3751 1221 3807 omnes
1251 3754 1358 3830 reges
1387 3742 1424 3810 et
1454 3734 1621 3810 dominos

446 3851 722 3929 Christianitatis
744 3849 792 3925 ad
817 3850 1108 3945 recuperandam
1133 3853 1285 3928 Terram
1305 3854 1486 3951 Sanctam,
1504 3877 1617 3951 quam

445 3972 522 4069 ipse
545 3971 738 4047 saladinus
753 3977 1011 4066 occupaverat.
1029 3972 1134 4060 Quod
1153 3971 1345 4048 saladinus
1361 3977 1620 4072 magnanimus

446 4096 483 4166 ot
514 4089 904 4188 circumspectissimus
936 4092 1173 4185 presentiens
1193 4084 1243 4188 (⁹),
1273 4095 1461 4190 proposuit
1494 4096 1619 4174 videre

447 4211 685 4304 personaliter
708 4230 838 4286 omnes
861 4217 1061 4306 apparatus
1084 4212 1292 4308 Principum
1317 4215 1618 4311 Christianorum,

448 4334 491 4404 ut
512 4329 657 4405 cautino
679 4335 718 4406 ot
741 4329 881 4406 facilius
906 4337 1027 4425 posset
1052 4330 1247 4426 providere
1271 4333 1378 4407 saluti
1403 4335 1460 4407 sui
1490 4342 1616 4409 status.

445 4447 660 4545 (lomposilis
683 4449 808 4545 itaque
832 4450 945 4525 rebus
963 4451 1066 4546 regui
1084 4451 1153 4546 sui,
1171 4453 1365 4546 assumptis
1384 4454 1618 4530 solummodo

505 4645 575 4707 (¹18.
592 4646 713 4697 landatur
729 4660 744 4696 ι
760 4648 873 4698 Lucano.
972 4648 998 4709 ζ’)
1017 4652 1069 4706 tlt,
1086 4663 1144 4712 qun
1161 4649 1258 4700 habult.

505 4722 531 4785 (⁸)
548 4724 603 4783 tls,
618 4723 664 4787 qut
679 4729 908 4787 presumpserunt.
973 4724 999 4785 (¹)
1018 4728 1063 4774 llo
1078 4738 1094 4775 c
1110 4724 1135 4775 s.
1151 4724 1270 4777 Cornelia
1284 4727 1360 4791 plura
1376 4728 1503 4781 dicentur.

505 4798 532 4860 (⁵)
549 4799 580 4848 E.
596 4799 745 4850 sibilando.
973 4801 999 4863 (⁸)
1017 4800 1041 4850 S.
1060 4800 1102 4851 Ad
1119 4803 1193 4853 culus
1208 4802 1405 4869 lntclllpendum
1421 4811 1459 4856 est
1476 4805 1616 4857 solendum.

505 4873 532 4936 (s)
549 4878 602 4934 llo,
619 4875 715 4925 nultus
729 4874 857 4925 victorius.
971 4876 997 4938 (¹)
1014 4877 1039 4927 S.
1056 4878 1140 4930 dicum
1157 4891 1236 4929 uuam
1253 4893 1314 4931 cum
1330 4880 1508 4932 delectatione.

504 4950 532 5013 (⁸)
547 4950 573 4999 s.
589 4949 723 5003 stlodtnns
738 4965 848 5015 maguus
864 4955 1037 5017 prasenticns.
