4154 6546
466 784 537 849 m
859 790 1062 846 conmitti
1086 790 1245 845 mltum*

465 941 592 1014 bertus
617 958 785 1033 magnus,
810 937 904 1011 libro
927 938 942 1009 l
967 937 1231 1028 lletaurcrum,
1254 937 1342 1028 quia
1367 941 1466 1010 terra
1489 935 1552 1008 illa
1576 939 1635 1010 ert

465 1059 533 1133 sub
549 1076 704 1149 canem,
726 1056 789 1129 uhi
813 1057 914 1130 calor
938 1056 1024 1130 solis
1044 1056 1170 1130 exurit
1184 1075 1360 1149 vaporem
1376 1074 1486 1148 aque
1502 1060 1541 1128 ct
1554 1054 1631 1129 ela·-

464 1184 526 1252 vat
541 1197 716 1272 grossum·
727 1182 902 1250 terrestre
916 1167 966 1268 (¹),
984 1181 1023 1249 ct
1043 1175 1165 1248 statim
1183 1175 1305 1248 exurit
1329 1179 1528 1268 antequam
1554 1173 1633 1249 de·

464 1303 573 1371 vetur
596 1295 642 1369 ad
667 1302 810 1386 aestum,
836 1301 873 1369 et
898 1315 920 1367 a
946 1294 1140 1393 frigiditate
1161 1294 1230 1367 loci
1255 1295 1450 1388 expellitur
1474 1299 1515 1368 et
1536 1292 1633 1371 cadit

463 1415 510 1489 ad
547 1415 699 1488 modum
734 1414 835 1487 nivis.
870 1415 973 1487 Nunc
1003 1415 1131 1489 ordina
1161 1414 1214 1486 sic
1243 1414 1411 1488 literam:
1446 1416 1633 1489 tecnon

463 1536 596 1607 ardore
626 1537 773 1606 scondeo
808 1537 887 1624 tute,
922 1534 1057 1608 scilicet
1088 1541 1163 1608 tam
1191 1553 1338 1626 nocens,
1367 1534 1464 1624 prati
1487 1536 1630 1625 flamme

464 1656 677 1727 Atessondro
705 1653 782 1726 oidc
814 1655 922 1725 oadcr
954 1655 1053 1725 sotde
1083 1655 1170 1745 infin
1200 1673 1225 1723 a
1253 1659 1351 1724 terra
1383 1655 1542 1746 ropro't·
1567 1671 1633 1726 stro

462 1775 587 1862 cocto,
604 1771 695 1846 idest
714 1770 930 1864 exercitum,
955 1775 994 1843 to
1017 1775 1125 1862 quelle
1146 1774 1245 1863 porti
1268 1773 1367 1843 outde
1385 1772 1420 1843 d'
1430 1772 1548 1861 lodic,
1566 1770 1631 1845 ubi

464 1898 552 1964 tunc
567 1898 658 1984 erat,
680 1891 875 1985 subiugato
900 1891 1054 1982 criente,
1077 1887 1240 1982 pectet
1252 1893 1403 1982 provide
1418 1911 1446 1962 o
1462 1893 1632 1982 καιρίων

464 2015 498 2084 lo
522 2014 634 2100 ructo,
659 2009 751 2084 idest
774 2010 821 2083 ad
846 2010 1056 2084 calcandam
1082 2029 1247 2102 arenam,
1267 2013 1382 2082 conlo
1404 2030 1465 2083 sne
1488 2012 1632 2102 sotim,

463 2131 598 2205 scilicet
621 2130 776 2203 militum
795 2129 1091 2222 discurrentium,
1109 2122 1206 2202 occid
1222 2132 1282 2201 cte
1293 2131 1319 2200 'l
1335 2150 1479 2221 vapore,
1496 2129 1633 2207 scilicet

462 2250 612 2344 calidus,
637 2252 704 2322 mei
726 2253 983 2340 ceconomo,
1002 2249 1094 2322 idest
1114 2249 1245 2322 melius
1262 2249 1552 2344 extingueretur,
1570 2247 1631 2323 rel

462 2370 583 2443 dicas:
606 2362 725 2460 perorll
749 2370 808 2440 otc
820 2371 846 2440 't
868 2387 1001 2459 copore
1026 2371 1093 2440 moi
1115 2371 1332 2457 serdonum
1352 2374 1484 2439 mente
1501 2369 1553 2439 cll
1564 2386 1631 2440 erre

461 2492 550 2577 soto,
576 2508 623 2562 ne
647 2488 806 2561 secunda
832 2488 981 2560 llamma
1007 2487 1268 2581 superveniens
1293 2493 1457 2560 sumeret
1477 2487 1576 2561 vires
1591 2491 1630 2561 ct

462 2608 700 2680 invalesceret
716 2606 901 2700 paulatim.
921 2607 965 2679 Et
984 2607 1100 2701 tangil
1121 2606 1404 2703 geminationem
1422 2605 1559 2681 doloris
1580 2605 1629 2682 ad

462 2726 745 2822 geminationem
779 2725 913 2799 caloris
946 2745 1012 2818 per
1036 2725 1145 2799 aliam
1176 2726 1487 2819 comparationem
1517 2734 1630 2801 natu-

464 2846 593 2935 ralem,
618 2844 762 2918 dicens:
789 2848 879 2917 ondo
904 2847 1051 2917 torono
1068 2848 1269 2918 s'occendoo
1285 2848 1372 2918 com'
1384 2866 1477 2936 moa,
1493 2853 1585 2919 sotto
1603 2848 1630 2920 'l

460 2967 574 3058 sorite,
604 2963 695 3037 idest
718 2963 886 3056 acciaric,
920 2963 1024 3056 quasi
1049 2963 1166 3037 dicat:
1193 2965 1292 3057 quod
1324 2965 1429 3047 facile
1460 2955 1626 3058 arenam

462 3084 509 3157 de
535 3083 591 3155 sui
622 3087 753 3155 natura
785 3081 899 3156 calida
929 3082 1198 3158 accendebatur
1229 3084 1322 3156 sicut
1351 3103 1448 3176 esca,
1473 3083 1630 3158 materia

462 3206 665 3298 praeparata
689 3199 735 3273 ad
762 3200 842 3292 hoc,
867 3201 1078 3275 accenditur
1103 3201 1175 3275 cito
1199 3202 1246 3275 ad
1271 3201 1429 3275 favillam
1456 3201 1549 3297 ignis
1568 3221 1633 3277 ca·

462 3321 578 3396 dentis
603 3338 825 3414 supeream,
844 3339 867 3389 α
885 3321 1037 3410 dopptcr
1061 3324 1095 3393 to
1120 3324 1255 3410 doloro,
1278 3321 1368 3395 idest
1392 3321 1439 3396 ad
1464 3319 1629 3416 duplica·

462 3443 597 3516 tionem
623 3458 750 3534 poenae.
779 3439 823 3510 ut
847 3437 905 3512 hic
929 3447 1015 3513 nota
1041 3441 1138 3514 ultra
1156 3460 1200 3515 ea
1215 3433 1251 3533 (³)
1271 3462 1355 3535 quac
1372 3441 1446 3515 dixi
1463 3441 1510 3516 de
1525 3461 1630 3517 com·

461 3560 647 3655 paratione
665 3556 873 3649 Alexandri,
892 3557 990 3649 quod
1007 3560 1232 3652 comparatio
1252 3561 1371 3634 adhuc
1389 3567 1445 3635 est
1461 3560 1626 3656 propria3

461 3681 547 3776 quia
567 3679 660 3751 sicut
678 3677 714 3749 in
739 3676 835 3749 lndia
862 3676 1011 3772 regione
1037 3678 1163 3772 calida,
1181 3680 1251 3752 sub
1271 3681 1545 3755 constellatione
1563 3698 1629 3754 ca·

451 3800 531 3873 lida
556 3796 732 3870 cadebant
746 3783 782 3886 (⁸)
809 3796 967 3868 llammae
999 3816 1110 3889 super
1141 3799 1344 3872 exercitum
1380 3799 1626 3873 violentorum

462 3917 665 4008 hominum,
690 3916 739 3988 ita
769 3915 806 3987 in
835 3915 902 3987 ista
933 3934 1046 3989 arena
1080 3916 1222 3991 ardenti
1253 3919 1321 3991 sub
1353 3939 1441 3993 aere
1472 3919 1628 3995 ferventi

461 4037 595 4111 cadunt
610 4027 646 4126 (⁵)
682 4034 840 4107 llammae
870 4053 1034 4107 accensae
1067 4055 1179 4129 super
1212 4037 1415 4110 exercitum
1447 4057 1627 4135 magnum

462 4157 704 4231 violentorum
718 4142 755 4243 (ὅ)
782 4160 910 4226 contra
928 4153 1064 4246 Deum,
1082 4161 1120 4228 et
1140 4155 1234 4229 sicut
1258 4155 1411 4230 diversae
1437 4157 1537 4231 acies
1554 4155 1630 4230 dis·

461 4279 651 4351 currentes
675 4292 742 4366 per
768 4291 939 4364 campum
966 4272 1180 4368 mitigabant
1212 4274 1417 4367 aliqualiter
1441 4276 1629 4370 ardorem,

462 4394 511 4468 ita
536 4394 594 4467 lric
618 4392 771 4466 diversae
797 4391 914 4463 turbae
925 4381 962 4481 (⁷)
992 4389 1237 4466 discurrentes
1266 4413 1333 4487 per
1363 4394 1549 4488 planitiem
1575 4393 1630 4467 ri-

463 4514 587 4587 tabant
600 4512 756 4606 qualiter
769 4517 937 4604 poterant
954 4511 1225 4585 incendium·.Et
1242 4513 1396 4587 ulterius
1413 4521 1510 4607 nota,
1530 4513 1629 4608 quod

502 4700 510 4721 ⁴
527 4726 554 4786 (¹)
571 4726 601 4774 E.
619 4731 777 4776 terrestrem.
872 4723 900 4786 (³)
916 4725 946 4775 Β.
963 4725 1352 4784 mundemimturacallrle,
1368 4724 1583 4776 menum.

523 4799 551 4861 (⁸)
568 4805 621 4859 llo,
638 4801 682 4850 illa
698 4815 765 4864 qua.
875 4800 901 4863 (⁸)
918 4800 948 4850 E.
964 4799 1095 4850 ardebant.
1212 4802 1310 4860 l'illt,
1325 4801 1427 4851 cml.
1577 4836 1581 4842 ·

525 4877 551 4937 (⁸)
569 4881 623 4936 llc,
640 4877 812 4926 violentorum
828 4878 970 4928 hominum.
1208 4877 1234 4938 Γ)
1251 4877 1282 4926 Ε.
1298 4878 1366 4927 ecla
1381 4877 1564 4929 alaunense
