<?xml version="1.0" encoding="UTF-8"?>
<!DOCTYPE html PUBLIC "-//W3C//DTD XHTML 1.0 Transitional//EN"
    "http://www.w3.org/TR/xhtml1/DTD/xhtml1-transitional.dtd">
<html xmlns="http://www.w3.org/1999/xhtml" xml:lang="en" lang="en">
 <head>
  <title>
</title>
<meta http-equiv="Content-Type" content="text/html;charset=utf-8" />
  <meta name='ocr-system' content='tesseract 3.04.00' />
  <meta name='ocr-capabilities' content='ocr_page ocr_carea ocr_par ocr_line ocrx_word'/>
</head>
<body>
  <div class='ocr_page' id='page_1' title='image "./comentumsuperda00benvgoog_0348.png"; bbox 0 0 4154 6546; ppageno 0'>
   <div class='ocr_carea' id='block_1_1' title="bbox 582 775 1353 842">
    <p class='ocr_par' dir='ltr' id='par_1_1' title="bbox 582 775 1353 842">
     <span class='ocr_line' id='line_1_1' title="bbox 582 775 1353 842; baseline -0.006 0"><span class='ocrx_word' id='word_1_1' title='bbox 582 775 653 842; x_wconf 75' lang='lat'><strong>‘298</strong></span> <span class='ocrx_word' id='word_1_2' title='bbox 973 784 1176 840; x_wconf 83' lang='lat' dir='ltr'><strong>coururuu</strong></span> <span class='ocrx_word' id='word_1_3' title='bbox 1200 786 1353 839; x_wconf 82' lang='lat' dir='ltr'><strong>mrsmu</strong></span> 
     </span>
    </p>
   </div>
   <div class='ocr_carea' id='block_1_2' title="bbox 580 922 1754 4603">
    <p class='ocr_par' dir='ltr' id='par_1_2' title="bbox 580 922 1754 4603">
     <span class='ocr_line' id='line_1_2' title="bbox 580 922 1749 1024; baseline -0.004 -20"><span class='ocrx_word' id='word_1_4' title='bbox 580 930 673 1004; x_wconf 86' lang='lat' dir='ltr'><strong>idest</strong></span> <span class='ocrx_word' id='word_1_5' title='bbox 698 930 747 1003; x_wconf 89' lang='lat' dir='ltr'><strong>ita</strong></span> <span class='ocrx_word' id='word_1_6' title='bbox 772 930 941 1004; x_wconf 89' lang='lat' dir='ltr'><strong>delusum</strong></span> <span class='ocrx_word' id='word_1_7' title='bbox 966 930 1099 1004; x_wconf 87' lang='lat' dir='ltr'><strong>inlecto</strong></span> <span class='ocrx_word' id='word_1_8' title='bbox 1113 922 1151 1021; x_wconf 78' lang='lat'><strong>(¹)</strong></span> <span class='ocrx_word' id='word_1_9' title='bbox 1176 948 1289 1024; x_wconf 89' lang='lat' dir='ltr'><strong>opere</strong></span> <span class='ocrx_word' id='word_1_10' title='bbox 1314 929 1394 1020; x_wconf 83' lang='lat' dir='ltr'><strong>isto,</strong></span> <span class='ocrx_word' id='word_1_11' title='bbox 1419 926 1523 1021; x_wconf 86' lang='lat' dir='ltr'><strong>quasi</strong></span> <span class='ocrx_word' id='word_1_12' title='bbox 1540 926 1635 1000; x_wconf 86' lang='lat' dir='ltr'><strong>dicat</strong></span> <span class='ocrx_word' id='word_1_13' title='bbox 1647 927 1749 1021; x_wconf 86' lang='lat' dir='ltr'><strong>juvi·</strong></span> 
     </span>
     <span class='ocr_line' id='line_1_3' title="bbox 582 1042 1750 1142; baseline -0.003 -19"><span class='ocrx_word' id='word_1_14' title='bbox 582 1050 626 1124; x_wconf 90' lang='lat' dir='ltr'><strong>sti</strong></span> <span class='ocrx_word' id='word_1_15' title='bbox 641 1042 679 1140; x_wconf 79' lang='lat'><strong>(²)</strong></span> <span class='ocrx_word' id='word_1_16' title='bbox 699 1069 760 1123; x_wconf 94' lang='lat' dir='ltr'><strong>me</strong></span> <span class='ocrx_word' id='word_1_17' title='bbox 783 1068 930 1142; x_wconf 83' lang='lat' dir='ltr'><strong>semper</strong></span> <span class='ocrx_word' id='word_1_18' title='bbox 953 1048 990 1120; x_wconf 91' lang='lat' dir='ltr'><strong>in</strong></span> <span class='ocrx_word' id='word_1_19' title='bbox 1016 1049 1187 1122; x_wconf 89' lang='lat' dir='ltr'><strong>omnihus</strong></span> <span class='ocrx_word' id='word_1_20' title='bbox 1210 1048 1348 1141; x_wconf 89' lang='lat' dir='ltr'><strong>duhiis;</strong></span> <span class='ocrx_word' id='word_1_21' title='bbox 1370 1052 1610 1122; x_wconf 85' lang='lat' dir='ltr'><strong>nuncautem</strong></span> <span class='ocrx_word' id='word_1_22' title='bbox 1628 1047 1750 1120; x_wconf 91' lang='lat' dir='ltr'><strong>sinon</strong></span> 
     </span>
     <span class='ocr_line' id='line_1_4' title="bbox 583 1167 1749 1263; baseline -0.004 -21"><span class='ocrx_word' id='word_1_23' title='bbox 583 1176 685 1263; x_wconf 89' lang='lat' dir='ltr'><strong>potes</strong></span> <span class='ocrx_word' id='word_1_24' title='bbox 701 1169 791 1262; x_wconf 88' lang='lat' dir='ltr'><strong>plus,</strong></span> <span class='ocrx_word' id='word_1_25' title='bbox 809 1168 1048 1260; x_wconf 82' lang='lat' dir='ltr'><strong>dimittamus,</strong></span> <span class='ocrx_word' id='word_1_26' title='bbox 1065 1169 1163 1242; x_wconf 91' lang='lat' dir='ltr'><strong>unde</strong></span> <span class='ocrx_word' id='word_1_27' title='bbox 1179 1168 1318 1242; x_wconf 86' lang='lat' dir='ltr'><strong>subdit:</strong></span> <span class='ocrx_word' id='word_1_28' title='bbox 1335 1169 1521 1240; x_wconf 67' lang='lat' dir='ltr'><strong>rihmunt</strong></span> <span class='ocrx_word' id='word_1_29' title='bbox 1541 1167 1669 1239; x_wconf 85' lang='lat' dir='ltr'><strong>l&#39;ormc</strong></span> <span class='ocrx_word' id='word_1_30' title='bbox 1683 1185 1749 1237; x_wconf 87' lang='lat' dir='ltr'><strong>no-</strong></span> 
     </span>
     <span class='ocr_line' id='line_1_5' title="bbox 581 1286 1750 1380; baseline -0.003 -20"><span class='ocrx_word' id='word_1_31' title='bbox 581 1296 653 1361; x_wconf 83' lang='lat' dir='ltr'><strong>stre</strong></span> <span class='ocrx_word' id='word_1_32' title='bbox 677 1290 816 1360; x_wconf 66' lang='lat' dir='ltr'><strong>insciae</strong></span> <span class='ocrx_word' id='word_1_33' title='bbox 839 1293 947 1378; x_wconf 78' lang='lat' dir='ltr'><strong>rano,</strong></span> <span class='ocrx_word' id='word_1_34' title='bbox 972 1287 1065 1362; x_wconf 86' lang='lat' dir='ltr'><strong>idest</strong></span> <span class='ocrx_word' id='word_1_35' title='bbox 1090 1294 1324 1361; x_wconf 88' lang='lat' dir='ltr'><strong>revertamur</strong></span> <span class='ocrx_word' id='word_1_36' title='bbox 1348 1286 1457 1359; x_wconf 91' lang='lat' dir='ltr'><strong>simul</strong></span> <span class='ocrx_word' id='word_1_37' title='bbox 1474 1286 1547 1360; x_wconf 87' lang='lat' dir='ltr'><strong>cito</strong></span> <span class='ocrx_word' id='word_1_38' title='bbox 1563 1304 1630 1380; x_wconf 92' lang='lat' dir='ltr'><strong>per</strong></span> <span class='ocrx_word' id='word_1_39' title='bbox 1646 1301 1750 1358; x_wconf 87' lang='lat' dir='ltr'><strong>eam·</strong></span> 
     </span>
     <span class='ocr_line' id='line_1_6' title="bbox 582 1405 1750 1501; baseline -0.003 -21"><span class='ocrx_word' id='word_1_40' title='bbox 582 1408 666 1482; x_wconf 92' lang='lat' dir='ltr'><strong>dem</strong></span> <span class='ocrx_word' id='word_1_41' title='bbox 693 1406 790 1479; x_wconf 89' lang='lat' dir='ltr'><strong>viam</strong></span> <span class='ocrx_word' id='word_1_42' title='bbox 815 1425 882 1500; x_wconf 93' lang='lat' dir='ltr'><strong>per</strong></span> <span class='ocrx_word' id='word_1_43' title='bbox 907 1427 1021 1499; x_wconf 87' lang='lat' dir='ltr'><strong>quam</strong></span> <span class='ocrx_word' id='word_1_44' title='bbox 1046 1407 1226 1501; x_wconf 86' lang='lat' dir='ltr'><strong>venimus,</strong></span> <span class='ocrx_word' id='word_1_45' title='bbox 1244 1406 1308 1481; x_wconf 91' lang='lat' dir='ltr'><strong>uhi</strong></span> <span class='ocrx_word' id='word_1_46' title='bbox 1326 1405 1481 1480; x_wconf 77' lang='lat' dir='ltr'><strong>fecimus</strong></span> <span class='ocrx_word' id='word_1_47' title='bbox 1505 1405 1658 1501; x_wconf 79' lang='lat' dir='ltr'><strong>vestigia</strong></span> <span class='ocrx_word' id='word_1_48' title='bbox 1682 1423 1750 1477; x_wconf 90' lang='lat' dir='ltr'><strong>no-</strong></span> 
     </span>
     <span class='ocr_line' id='line_1_7' title="bbox 582 1516 1749 1620; baseline -0.004 -20"><span class='ocrx_word' id='word_1_49' title='bbox 582 1537 668 1619; x_wconf 88' lang='lat' dir='ltr'><strong>stra,</strong></span> <span class='ocrx_word' id='word_1_50' title='bbox 695 1532 732 1600; x_wconf 87' lang='lat' dir='ltr'><strong>et</strong></span> <span class='ocrx_word' id='word_1_51' title='bbox 747 1516 783 1616; x_wconf 82' lang='lat'><strong>(³)</strong></span> <span class='ocrx_word' id='word_1_52' title='bbox 811 1527 880 1600; x_wconf 90' lang='lat' dir='ltr'><strong>hoc</strong></span> <span class='ocrx_word' id='word_1_53' title='bbox 910 1526 1017 1620; x_wconf 86' lang='lat' dir='ltr'><strong>dicto,</strong></span> <span class='ocrx_word' id='word_1_54' title='bbox 1048 1547 1086 1598; x_wconf 79' lang='lat' dir='ltr'><strong>se</strong></span> <span class='ocrx_word' id='word_1_55' title='bbox 1101 1529 1127 1597; x_wconf 84' lang='lat' dir='ltr'><strong>’l</strong></span> <span class='ocrx_word' id='word_1_56' title='bbox 1152 1544 1285 1618; x_wconf 79' lang='lat' dir='ltr'><strong>passer</strong></span> <span class='ocrx_word' id='word_1_57' title='bbox 1307 1521 1372 1618; x_wconf 80' lang='lat' dir='ltr'><strong>pili</strong></span> <span class='ocrx_word' id='word_1_58' title='bbox 1399 1528 1489 1598; x_wconf 78' lang='lat' dir='ltr'><strong>oltra</strong></span> <span class='ocrx_word' id='word_1_59' title='bbox 1521 1517 1585 1597; x_wconf 77' lang='lat' dir='ltr'><strong>dd</strong></span> <span class='ocrx_word' id='word_1_60' title='bbox 1610 1530 1749 1614; x_wconf 77' lang='lat' dir='ltr'><strong>nepam,</strong></span> 
     </span>
     <span class='ocr_line' id='line_1_8' title="bbox 582 1643 1749 1740; baseline -0.003 -19"><span class='ocrx_word' id='word_1_61' title='bbox 582 1646 673 1721; x_wconf 89' lang='lat' dir='ltr'><strong>idest</strong></span> <span class='ocrx_word' id='word_1_62' title='bbox 697 1645 727 1718; x_wconf 88' lang='lat' dir='ltr'><strong>si</strong></span> <span class='ocrx_word' id='word_1_63' title='bbox 752 1665 825 1718; x_wconf 91' lang='lat' dir='ltr'><strong>non</strong></span> <span class='ocrx_word' id='word_1_64' title='bbox 850 1666 1045 1739; x_wconf 90' lang='lat' dir='ltr'><strong>possumus</strong></span> <span class='ocrx_word' id='word_1_65' title='bbox 1070 1645 1224 1721; x_wconf 89' lang='lat' dir='ltr'><strong>ulterius</strong></span> <span class='ocrx_word' id='word_1_66' title='bbox 1248 1645 1449 1740; x_wconf 88' lang='lat' dir='ltr'><strong>procedere</strong></span> <span class='ocrx_word' id='word_1_67' title='bbox 1474 1644 1510 1716; x_wconf 91' lang='lat' dir='ltr'><strong>in</strong></span> <span class='ocrx_word' id='word_1_68' title='bbox 1527 1645 1594 1719; x_wconf 90' lang='lat' dir='ltr'><strong>ista</strong></span> <span class='ocrx_word' id='word_1_69' title='bbox 1615 1643 1684 1717; x_wconf 81' lang='lat' dir='ltr'><strong>via.</strong></span> <span class='ocrx_word' id='word_1_70' title='bbox 1706 1643 1749 1717; x_wconf 84' lang='lat' dir='ltr'><strong>Et</strong></span> 
     </span>
     <span class='ocr_line' id='line_1_9' title="bbox 581 1763 1747 1865; baseline -0.002 -27"><span class='ocrx_word' id='word_1_71' title='bbox 581 1766 703 1840; x_wconf 85' lang='lat' dir='ltr'><strong>subdit</strong></span> <span class='ocrx_word' id='word_1_72' title='bbox 719 1765 991 1858; x_wconf 81' lang='lat' dir='ltr'><strong>responsionem</strong></span> <span class='ocrx_word' id='word_1_73' title='bbox 1009 1765 1147 1860; x_wconf 79' lang='lat' dir='ltr'>Virgilii</span> <span class='ocrx_word' id='word_1_74' title='bbox 1163 1765 1388 1865; x_wconf 79' lang='lat' dir='ltr'><strong>exhortantis</strong></span> <span class='ocrx_word' id='word_1_75' title='bbox 1400 1764 1533 1859; x_wconf 89' lang='lat' dir='ltr'><strong>ipsum,</strong></span> <span class='ocrx_word' id='word_1_76' title='bbox 1546 1783 1595 1837; x_wconf 93' lang='lat' dir='ltr'><strong>ne</strong></span> <span class='ocrx_word' id='word_1_77' title='bbox 1611 1763 1747 1852; x_wconf 82' lang='lat' dir='ltr'><strong>timeat,</strong></span> 
     </span>
     <span class='ocr_line' id='line_1_10' title="bbox 583 1882 1749 1978; baseline -0.002 -22"><span class='ocrx_word' id='word_1_78' title='bbox 583 1885 670 1977; x_wconf 88' lang='lat' dir='ltr'><strong>quia</strong></span> <span class='ocrx_word' id='word_1_79' title='bbox 695 1884 824 1959; x_wconf 91' lang='lat' dir='ltr'><strong>datum</strong></span> <span class='ocrx_word' id='word_1_80' title='bbox 841 1894 897 1959; x_wconf 88' lang='lat' dir='ltr'><strong>est</strong></span> <span class='ocrx_word' id='word_1_81' title='bbox 914 1882 1072 1978; x_wconf 86' lang='lat' dir='ltr'><strong>desuper</strong></span> <span class='ocrx_word' id='word_1_82' title='bbox 1096 1883 1196 1977; x_wconf 88' lang='lat' dir='ltr'><strong>quod</strong></span> <span class='ocrx_word' id='word_1_83' title='bbox 1212 1883 1376 1977; x_wconf 84' lang='lat' dir='ltr'><strong>perficiat</strong></span> <span class='ocrx_word' id='word_1_84' title='bbox 1393 1882 1580 1957; x_wconf 87' lang='lat' dir='ltr'><strong>residuum</strong></span> <span class='ocrx_word' id='word_1_85' title='bbox 1599 1882 1749 1973; x_wconf 75' lang='lat' dir='ltr'><strong>itineris,</strong></span> 
     </span>
     <span class='ocr_line' id='line_1_11' title="bbox 581 2002 1750 2096; baseline -0.003 -20"><span class='ocrx_word' id='word_1_86' title='bbox 581 2004 676 2077; x_wconf 90' lang='lat' dir='ltr'><strong>sicut</strong></span> <span class='ocrx_word' id='word_1_87' title='bbox 700 2003 773 2075; x_wconf 89' lang='lat' dir='ltr'><strong>iam</strong></span> <span class='ocrx_word' id='word_1_88' title='bbox 798 2002 964 2078; x_wconf 88' lang='lat' dir='ltr'><strong>lecerunt</strong></span> <span class='ocrx_word' id='word_1_89' title='bbox 995 2012 1149 2096; x_wconf 80' lang='lat' dir='ltr'><strong>partem,</strong></span> <span class='ocrx_word' id='word_1_90' title='bbox 1178 2003 1277 2076; x_wconf 89' lang='lat' dir='ltr'><strong>unde</strong></span> <span class='ocrx_word' id='word_1_91' title='bbox 1305 2002 1412 2078; x_wconf 90' lang='lat' dir='ltr'><strong>dicit:</strong></span> <span class='ocrx_word' id='word_1_92' title='bbox 1446 2023 1466 2075; x_wconf 88' lang='lat' dir='ltr'><strong>e</strong></span> <span class='ocrx_word' id='word_1_93' title='bbox 1495 2003 1575 2092; x_wconf 83' lang='lat' dir='ltr'><strong>puel</strong></span> <span class='ocrx_word' id='word_1_94' title='bbox 1606 2005 1750 2091; x_wconf 60' lang='grc' dir='ltr'><strong>δέμνιον,</strong></span> 
     </span>
     <span class='ocr_line' id='line_1_12' title="bbox 585 2120 1750 2216; baseline -0.004 -22"><span class='ocrx_word' id='word_1_95' title='bbox 585 2122 676 2197; x_wconf 89' lang='lat' dir='ltr'><strong>idest</strong></span> <span class='ocrx_word' id='word_1_96' title='bbox 700 2121 869 2216; x_wconf 80' lang='lat' dir='ltr'><strong>Virgilius</strong></span> <span class='ocrx_word' id='word_1_97' title='bbox 894 2122 957 2214; x_wconf 86' lang='lat' dir='ltr'><strong>qui</strong></span> <span class='ocrx_word' id='word_1_98' title='bbox 983 2132 1064 2197; x_wconf 90' lang='lat' dir='ltr'><strong>erat</strong></span> <span class='ocrx_word' id='word_1_99' title='bbox 1093 2121 1180 2194; x_wconf 93' lang='lat' dir='ltr'><strong>mihi</strong></span> <span class='ocrx_word' id='word_1_100' title='bbox 1211 2121 1382 2195; x_wconf 90' lang='lat' dir='ltr'><strong>dominus</strong></span> <span class='ocrx_word' id='word_1_101' title='bbox 1410 2131 1448 2196; x_wconf 92' lang='lat' dir='ltr'><strong>et</strong></span> <span class='ocrx_word' id='word_1_102' title='bbox 1479 2120 1750 2214; x_wconf 61' lang='lat' dir='ltr'><strong>magisterare</strong></span> 
     </span>
     <span class='ocr_line' id='line_1_13' title="bbox 584 2233 1747 2335; baseline -0.002 -23"><span class='ocrx_word' id='word_1_103' title='bbox 584 2233 608 2312; x_wconf 77' lang='lat' dir='ltr'><strong>ll</strong></span> <span class='ocrx_word' id='word_1_104' title='bbox 634 2244 678 2312; x_wconf 87' lang='lat' dir='ltr'><strong>m&#39;</strong></span> <span class='ocrx_word' id='word_1_105' title='bbox 692 2261 780 2312; x_wconf 85' lang='lat' dir='ltr'><strong>coca</strong></span> <span class='ocrx_word' id='word_1_106' title='bbox 805 2248 956 2331; x_wconf 76' lang='lat' dir='ltr'><strong>morule,</strong></span> <span class='ocrx_word' id='word_1_107' title='bbox 982 2241 1068 2335; x_wconf 86' lang='lat' dir='ltr'><strong>quia</strong></span> <span class='ocrx_word' id='word_1_108' title='bbox 1085 2241 1311 2316; x_wconf 86' lang='lat' dir='ltr'><strong>conduxerat</strong></span> <span class='ocrx_word' id='word_1_109' title='bbox 1327 2260 1388 2314; x_wconf 89' lang='lat' dir='ltr'><strong>mc</strong></span> <span class='ocrx_word' id='word_1_110' title='bbox 1404 2241 1546 2313; x_wconf 87' lang='lat' dir='ltr'><strong>salvum</strong></span> <span class='ocrx_word' id='word_1_111' title='bbox 1566 2237 1747 2331; x_wconf 90' lang='lat' dir='ltr'><strong>usquead</strong></span> 
     </span>
     <span class='ocr_line' id='line_1_14' title="bbox 584 2359 1748 2453; baseline -0.003 -21"><span class='ocrx_word' id='word_1_112' title='bbox 584 2359 686 2433; x_wconf 93' lang='lat' dir='ltr'><strong>illum</strong></span> <span class='ocrx_word' id='word_1_113' title='bbox 711 2381 860 2453; x_wconf 89' lang='lat' dir='ltr'><strong>passum</strong></span> <span class='ocrx_word' id='word_1_114' title='bbox 886 2360 1029 2453; x_wconf 85' lang='lat' dir='ltr'><strong>sortem,</strong></span> <span class='ocrx_word' id='word_1_115' title='bbox 1055 2381 1109 2433; x_wconf 81' lang='lat' dir='ltr'><strong>ore</strong></span> <span class='ocrx_word' id='word_1_116' title='bbox 1133 2363 1243 2433; x_wconf 71' lang='lat' dir='ltr'><strong>dese:</strong></span> <span class='ocrx_word' id='word_1_117' title='bbox 1267 2380 1338 2431; x_wconf 86' lang='lat' dir='ltr'><strong>non</strong></span> <span class='ocrx_word' id='word_1_118' title='bbox 1362 2366 1468 2432; x_wconf 64' lang='lat' dir='ltr'><strong>aanor</strong></span> <span class='ocrx_word' id='word_1_119' title='bbox 1492 2361 1651 2431; x_wconf 74' lang='lat' dir='ltr'><strong>cn’atcnn</strong></span> <span class='ocrx_word' id='word_1_120' title='bbox 1675 2375 1748 2429; x_wconf 84' lang='lat' dir='ltr'><strong>noo</strong></span> 
     </span>
     <span class='ocr_line' id='line_1_15' title="bbox 583 2478 1747 2572; baseline -0.002 -22"><span class='ocrx_word' id='word_1_121' title='bbox 583 2500 620 2551; x_wconf 87' lang='lat' dir='ltr'><strong>ce</strong></span> <span class='ocrx_word' id='word_1_122' title='bbox 639 2483 699 2570; x_wconf 88' lang='lat' dir='ltr'><strong>po’</strong></span> <span class='ocrx_word' id='word_1_123' title='bbox 713 2488 770 2552; x_wconf 82' lang='lat' dir='ltr'><strong>tor</strong></span> <span class='ocrx_word' id='word_1_124' title='bbox 794 2485 828 2553; x_wconf 86' lang='lat' dir='ltr'><strong>lo</strong></span> <span class='ocrx_word' id='word_1_125' title='bbox 853 2488 974 2553; x_wconf 72' lang='lat' dir='ltr'><strong>inesco</strong></span> <span class='ocrx_word' id='word_1_126' title='bbox 994 2501 1117 2572; x_wconf 83' lang='lat' dir='ltr'><strong>posse,</strong></span> <span class='ocrx_word' id='word_1_127' title='bbox 1143 2480 1234 2555; x_wconf 92' lang='lat' dir='ltr'><strong>idest</strong></span> <span class='ocrx_word' id='word_1_128' title='bbox 1263 2479 1456 2555; x_wconf 77' lang='lat' dir='ltr'><strong>transitum</strong></span> <span class='ocrx_word' id='word_1_129' title='bbox 1481 2478 1747 2567; x_wconf 72' lang='lat' dir='ltr'><strong>adsimulem,</strong></span> 
     </span>
     <span class='ocr_line' id='line_1_16' title="bbox 584 2594 1751 2691; baseline -0.002 -21"><span class='ocrx_word' id='word_1_130' title='bbox 584 2601 632 2669; x_wconf 85' lang='lat' dir='ltr'><strong>da</strong></span> <span class='ocrx_word' id='word_1_131' title='bbox 657 2602 708 2670; x_wconf 81' lang='lat' dir='ltr'><strong>tat</strong></span> <span class='ocrx_word' id='word_1_132' title='bbox 730 2594 798 2670; x_wconf 73' lang='lat' dir='ltr'><strong>n&#39;e‘</strong></span> <span class='ocrx_word' id='word_1_133' title='bbox 819 2601 916 2687; x_wconf 53' lang='lat' dir='ltr'><strong>dato&gt;</strong></span> <span class='ocrx_word' id='word_1_134' title='bbox 941 2598 1027 2691; x_wconf 86' lang='lat' dir='ltr'><strong>quia</strong></span> <span class='ocrx_word' id='word_1_135' title='bbox 1052 2599 1187 2674; x_wconf 89' lang='lat' dir='ltr'><strong>scihcet</strong></span> <span class='ocrx_word' id='word_1_136' title='bbox 1211 2619 1233 2671; x_wconf 88' lang='lat' dir='ltr'><strong>a</strong></span> <span class='ocrx_word' id='word_1_137' title='bbox 1259 2600 1336 2672; x_wconf 83' lang='lat' dir='ltr'><strong>lico</strong></span> <span class='ocrx_word' id='word_1_138' title='bbox 1361 2617 1586 2690; x_wconf 89' lang='lat' dir='ltr'><strong>eoncessum,</strong></span> <span class='ocrx_word' id='word_1_139' title='bbox 1604 2597 1664 2670; x_wconf 91' lang='lat' dir='ltr'><strong>cui</strong></span> <span class='ocrx_word' id='word_1_140' title='bbox 1685 2616 1751 2690; x_wconf 89' lang='lat' dir='ltr'><strong>po·</strong></span> 
     </span>
     <span class='ocr_line' id='line_1_17' title="bbox 585 2714 1750 2810; baseline -0.003 -18"><span class='ocrx_word' id='word_1_141' title='bbox 585 2717 695 2792; x_wconf 87' lang='lat' dir='ltr'><strong>tentia</strong></span> <span class='ocrx_word' id='word_1_142' title='bbox 721 2716 931 2789; x_wconf 83' lang='lat' dir='ltr'><strong>daernonum</strong></span> <span class='ocrx_word' id='word_1_143' title='bbox 962 2736 1036 2789; x_wconf 91' lang='lat' dir='ltr'><strong>non</strong></span> <span class='ocrx_word' id='word_1_144' title='bbox 1067 2727 1185 2810; x_wconf 89' lang='lat' dir='ltr'><strong>potest</strong></span> <span class='ocrx_word' id='word_1_145' title='bbox 1213 2717 1482 2810; x_wconf 83' lang='lat' dir='ltr'><strong>contradicere3</strong></span> <span class='ocrx_word' id='word_1_146' title='bbox 1509 2727 1547 2792; x_wconf 90' lang='lat' dir='ltr'><strong>et</strong></span> <span class='ocrx_word' id='word_1_147' title='bbox 1574 2714 1750 2810; x_wconf 87' lang='lat' dir='ltr'><strong>promittit</strong></span> 
     </span>
     <span class='ocr_line' id='line_1_18' title="bbox 584 2838 1749 2935; baseline 0.001 -24"><span class='ocrx_word' id='word_1_148' title='bbox 584 2838 650 2911; x_wconf 92' lang='lat' dir='ltr'><strong>sihi</strong></span> <span class='ocrx_word' id='word_1_149' title='bbox 676 2839 809 2911; x_wconf 84' lang='lat' dir='ltr'><strong>honam</strong></span> <span class='ocrx_word' id='word_1_150' title='bbox 828 2859 942 2932; x_wconf 89' lang='lat' dir='ltr'><strong>spem,</strong></span> <span class='ocrx_word' id='word_1_151' title='bbox 960 2839 1104 2913; x_wconf 89' lang='lat' dir='ltr'><strong>dicens:</strong></span> <span class='ocrx_word' id='word_1_152' title='bbox 1122 2861 1183 2912; x_wconf 83' lang='lat' dir='ltr'><strong>mo</strong></span> <span class='ocrx_word' id='word_1_153' title='bbox 1200 2843 1259 2931; x_wconf 83' lang='lat' dir='ltr'><strong>qui</strong></span> <span class='ocrx_word' id='word_1_154' title='bbox 1273 2844 1471 2932; x_wconf 83' lang='lat' dir='ltr'><strong>m&#39;attendt,</strong></span> <span class='ocrx_word' id='word_1_155' title='bbox 1489 2842 1579 2916; x_wconf 91' lang='lat' dir='ltr'><strong>idest</strong></span> <span class='ocrx_word' id='word_1_156' title='bbox 1598 2846 1749 2935; x_wconf 85' lang='lat' dir='ltr'><strong>expecta</strong></span> 
     </span>
     <span class='ocr_line' id='line_1_19' title="bbox 585 2957 1749 3059; baseline 0 -29"><span class='ocrx_word' id='word_1_157' title='bbox 585 2978 658 3049; x_wconf 87' lang='lat' dir='ltr'><strong>me,</strong></span> <span class='ocrx_word' id='word_1_158' title='bbox 683 2979 702 3029; x_wconf 87' lang='lat' dir='ltr'><strong>e</strong></span> <span class='ocrx_word' id='word_1_159' title='bbox 725 2962 888 3051; x_wconf 77' lang='lat' dir='ltr'><strong>cmzsurtu</strong></span> <span class='ocrx_word' id='word_1_160' title='bbox 904 2980 923 3030; x_wconf 85' lang='lat' dir='ltr'><strong>e</strong></span> <span class='ocrx_word' id='word_1_161' title='bbox 939 2958 1015 3031; x_wconf 80' lang='lat' dir='ltr'><strong>ciba</strong></span> <span class='ocrx_word' id='word_1_162' title='bbox 1032 2959 1066 3031; x_wconf 84' lang='lat' dir='ltr'><strong>lo</strong></span> <span class='ocrx_word' id='word_1_163' title='bbox 1082 2963 1204 3050; x_wconf 78' lang='lat' dir='ltr'><strong>spn‘rito</strong></span> <span class='ocrx_word' id='word_1_164' title='bbox 1221 2959 1329 3050; x_wconf 81' lang='lat' dir='ltr'><strong>tesso,</strong></span> <span class='ocrx_word' id='word_1_165' title='bbox 1345 2957 1438 3059; x_wconf 83' lang='lat' dir='ltr'><strong>idest</strong></span> <span class='ocrx_word' id='word_1_166' title='bbox 1454 2979 1561 3055; x_wconf 85' lang='lat' dir='ltr'><strong>pasce</strong></span> <span class='ocrx_word' id='word_1_167' title='bbox 1585 2959 1749 3032; x_wconf 86' lang='lat' dir='ltr'><strong>animum</strong></span> 
     </span>
     <span class='ocr_line' id='line_1_20' title="bbox 584 3078 1753 3172; baseline 0 -22"><span class='ocrx_word' id='word_1_168' title='bbox 584 3096 744 3150; x_wconf 88' lang='lat' dir='ltr'><strong>vacuum</strong></span> <span class='ocrx_word' id='word_1_169' title='bbox 770 3078 871 3151; x_wconf 89' lang='lat' dir='ltr'><strong>omui</strong></span> <span class='ocrx_word' id='word_1_170' title='bbox 889 3097 963 3172; x_wconf 78' lang='lat' dir='ltr'><strong>spe,</strong></span> <span class='ocrx_word' id='word_1_171' title='bbox 989 3081 1026 3151; x_wconf 82' lang='lat' dir='ltr'><strong>di</strong></span> <span class='ocrx_word' id='word_1_172' title='bbox 1049 3081 1239 3171; x_wconf 70' lang='lat' dir='ltr'><strong>spmunzia</strong></span> <span class='ocrx_word' id='word_1_173' title='bbox 1254 3082 1360 3172; x_wconf 83' lang='lat' dir='ltr'><strong>hono,</strong></span> <span class='ocrx_word' id='word_1_174' title='bbox 1376 3082 1513 3155; x_wconf 87' lang='lat' dir='ltr'><strong>scilicet</strong></span> <span class='ocrx_word' id='word_1_175' title='bbox 1528 3079 1678 3154; x_wconf 75' lang='lat' dir='ltr'><strong>feliciter</strong></span> <span class='ocrx_word' id='word_1_176' title='bbox 1695 3079 1753 3151; x_wconf 91' lang='lat' dir='ltr'><strong>in·</strong></span> 
     </span>
     <span class='ocr_line' id='line_1_21' title="bbox 585 3192 1751 3291; baseline -0.002 -19"><span class='ocrx_word' id='word_1_177' title='bbox 585 3196 704 3272; x_wconf 86' lang='lat' dir='ltr'><strong>trandi</strong></span> <span class='ocrx_word' id='word_1_178' title='bbox 721 3206 759 3272; x_wconf 90' lang='lat' dir='ltr'><strong>et</strong></span> <span class='ocrx_word' id='word_1_179' title='bbox 774 3197 992 3291; x_wconf 88' lang='lat' dir='ltr'><strong>perficiendi,</strong></span> <span class='ocrx_word' id='word_1_180' title='bbox 1010 3200 1061 3270; x_wconf 83' lang='lat' dir='ltr'><strong>ch&#39;</strong></span> <span class='ocrx_word' id='word_1_181' title='bbox 1073 3203 1109 3271; x_wconf 83' lang='lat' dir='ltr'><strong>io</strong></span> <span class='ocrx_word' id='word_1_182' title='bbox 1125 3219 1198 3272; x_wconf 84' lang='lat' dir='ltr'><strong>non</strong></span> <span class='ocrx_word' id='word_1_183' title='bbox 1214 3206 1246 3272; x_wconf 83' lang='lat' dir='ltr'><strong>te</strong></span> <span class='ocrx_word' id='word_1_184' title='bbox 1261 3192 1401 3272; x_wconf 81' lang='lat' dir='ltr'><strong>losscrd</strong></span> <span class='ocrx_word' id='word_1_185' title='bbox 1417 3202 1476 3272; x_wconf 80' lang='lat' dir='ltr'><strong>nel</strong></span> <span class='ocrx_word' id='word_1_186' title='bbox 1490 3201 1619 3271; x_wconf 85' lang='lat' dir='ltr'><strong>mondo</strong></span> <span class='ocrx_word' id='word_1_187' title='bbox 1638 3197 1751 3286; x_wconf 80' lang='lat' dir='ltr'><strong>hesso,</strong></span> 
     </span>
     <span class='ocr_line' id='line_1_22' title="bbox 583 3315 1754 3412; baseline 0.001 -24"><span class='ocrx_word' id='word_1_188' title='bbox 583 3315 675 3390; x_wconf 89' lang='lat' dir='ltr'><strong>idest</strong></span> <span class='ocrx_word' id='word_1_189' title='bbox 699 3316 786 3408; x_wconf 90' lang='lat' dir='ltr'><strong>quia</strong></span> <span class='ocrx_word' id='word_1_190' title='bbox 810 3336 880 3412; x_wconf 79' lang='lat' dir='ltr'><strong>ego</strong></span> <span class='ocrx_word' id='word_1_191' title='bbox 905 3337 979 3390; x_wconf 91' lang='lat' dir='ltr'><strong>non</strong></span> <span class='ocrx_word' id='word_1_192' title='bbox 1004 3317 1172 3392; x_wconf 86' lang='lat' dir='ltr'><strong>deseram</strong></span> <span class='ocrx_word' id='word_1_193' title='bbox 1194 3329 1230 3395; x_wconf 90' lang='lat' dir='ltr'><strong>te</strong></span> <span class='ocrx_word' id='word_1_194' title='bbox 1246 3319 1283 3392; x_wconf 91' lang='lat' dir='ltr'><strong>in</strong></span> <span class='ocrx_word' id='word_1_195' title='bbox 1301 3319 1369 3396; x_wconf 88' lang='lat' dir='ltr'><strong>isto</strong></span> <span class='ocrx_word' id='word_1_196' title='bbox 1389 3320 1534 3393; x_wconf 88' lang='lat' dir='ltr'><strong>lnlerno</strong></span> <span class='ocrx_word' id='word_1_197' title='bbox 1551 3336 1664 3411; x_wconf 87' lang='lat' dir='ltr'><strong>opere</strong></span> <span class='ocrx_word' id='word_1_198' title='bbox 1683 3317 1754 3390; x_wconf 95' lang='lat' dir='ltr'><strong>im·</strong></span> 
     </span>
     <span class='ocr_line' id='line_1_23' title="bbox 584 3435 1753 3534; baseline 0.003 -27"><span class='ocrx_word' id='word_1_199' title='bbox 584 3436 755 3528; x_wconf 86' lang='lat' dir='ltr'><strong>perlecto,</strong></span> <span class='ocrx_word' id='word_1_200' title='bbox 782 3435 857 3510; x_wconf 93' lang='lat' dir='ltr'><strong>imo</strong></span> <span class='ocrx_word' id='word_1_201' title='bbox 882 3436 1016 3511; x_wconf 88' lang='lat' dir='ltr'><strong>ducam</strong></span> <span class='ocrx_word' id='word_1_202' title='bbox 1047 3448 1083 3514; x_wconf 86' lang='lat' dir='ltr'><strong>tc</strong></span> <span class='ocrx_word' id='word_1_203' title='bbox 1111 3458 1178 3531; x_wconf 90' lang='lat' dir='ltr'><strong>per</strong></span> <span class='ocrx_word' id='word_1_204' title='bbox 1207 3440 1323 3513; x_wconf 92' lang='lat' dir='ltr'><strong>altum</strong></span> <span class='ocrx_word' id='word_1_205' title='bbox 1357 3439 1630 3534; x_wconf 80' lang='lat' dir='ltr'><strong>Purgaton&#39;um,</strong></span> <span class='ocrx_word' id='word_1_206' title='bbox 1656 3438 1753 3511; x_wconf 92' lang='lat' dir='ltr'><strong>unde</strong></span> 
     </span>
     <span class='ocr_line' id='line_1_24' title="bbox 584 3554 1751 3649; baseline 0.003 -23"><span class='ocrx_word' id='word_1_207' title='bbox 584 3564 711 3647; x_wconf 88' lang='lat' dir='ltr'><strong>postea</strong></span> <span class='ocrx_word' id='word_1_208' title='bbox 735 3574 822 3628; x_wconf 93' lang='lat' dir='ltr'><strong>cum</strong></span> <span class='ocrx_word' id='word_1_209' title='bbox 847 3554 918 3629; x_wconf 86' lang='lat' dir='ltr'><strong>alio</strong></span> <span class='ocrx_word' id='word_1_210' title='bbox 942 3555 1037 3630; x_wconf 91' lang='lat' dir='ltr'><strong>duce</strong></span> <span class='ocrx_word' id='word_1_211' title='bbox 1061 3557 1235 3631; x_wconf 79' lang='lat' dir='ltr'><strong>ascendes</strong></span> <span class='ocrx_word' id='word_1_212' title='bbox 1253 3557 1469 3630; x_wconf 87' lang='lat' dir='ltr'><strong>altissimum</strong></span> <span class='ocrx_word' id='word_1_213' title='bbox 1488 3558 1637 3630; x_wconf 84' lang='lat' dir='ltr'><strong>coelum.</strong></span> <span class='ocrx_word' id='word_1_214' title='bbox 1654 3557 1751 3649; x_wconf 85' lang='lat' dir='ltr'><strong>Ergo</strong></span> 
     </span>
     <span class='ocr_line' id='line_1_25' title="bbox 585 3674 1752 3768; baseline 0.001 -21"><span class='ocrx_word' id='word_1_215' title='bbox 585 3674 680 3747; x_wconf 86' lang='lat' dir='ltr'><strong>hene</strong></span> <span class='ocrx_word' id='word_1_216' title='bbox 704 3675 847 3750; x_wconf 86' lang='lat' dir='ltr'><strong>traham</strong></span> <span class='ocrx_word' id='word_1_217' title='bbox 875 3686 911 3751; x_wconf 92' lang='lat' dir='ltr'><strong>te</strong></span> <span class='ocrx_word' id='word_1_218' title='bbox 935 3675 981 3749; x_wconf 89' lang='lat' dir='ltr'><strong>de</strong></span> <span class='ocrx_word' id='word_1_219' title='bbox 1006 3676 1161 3768; x_wconf 69' lang='lat' dir='ltr'><strong>lusorum</strong></span> <span class='ocrx_word' id='word_1_220' title='bbox 1180 3683 1217 3750; x_wconf 87' lang='lat' dir='ltr'><strong>et</strong></span> <span class='ocrx_word' id='word_1_221' title='bbox 1237 3695 1310 3749; x_wconf 93' lang='lat' dir='ltr'><strong>non</strong></span> <span class='ocrx_word' id='word_1_222' title='bbox 1334 3675 1513 3751; x_wconf 77' lang='lat' dir='ltr'><strong>dimittam</strong></span> <span class='ocrx_word' id='word_1_223' title='bbox 1531 3687 1567 3750; x_wconf 89' lang='lat' dir='ltr'><strong>te</strong></span> <span class='ocrx_word' id='word_1_224' title='bbox 1585 3675 1621 3748; x_wconf 94' lang='lat' dir='ltr'><strong>in</strong></span> <span class='ocrx_word' id='word_1_225' title='bbox 1638 3694 1752 3748; x_wconf 89' lang='lat' dir='ltr'><strong>eo.—</strong></span> 
     </span>
     <span class='ocr_line' id='line_1_26' title="bbox 588 3783 1751 3890; baseline 0.002 -25"><span class='ocrx_word' id='word_1_226' title='bbox 588 3787 675 3866; x_wconf 74' lang='lat' dir='ltr'><strong>Oori.</strong></span> <span class='ocrx_word' id='word_1_227' title='bbox 694 3795 757 3867; x_wconf 89' lang='lat' dir='ltr'><strong>llic</strong></span> <span class='ocrx_word' id='word_1_228' title='bbox 774 3800 883 3867; x_wconf 84' lang='lat' dir='ltr'><strong>autor</strong></span> <span class='ocrx_word' id='word_1_229' title='bbox 900 3793 1015 3888; x_wconf 90' lang='lat' dir='ltr'><strong>posita</strong></span> <span class='ocrx_word' id='word_1_230' title='bbox 1031 3793 1283 3870; x_wconf 84' lang='lat' dir='ltr'><strong>exhortatione</strong></span> <span class='ocrx_word' id='word_1_231' title='bbox 1296 3794 1445 3890; x_wconf 80' lang='lat' dir='ltr'><strong>Virgilii,</strong></span> <span class='ocrx_word' id='word_1_232' title='bbox 1457 3794 1558 3888; x_wconf 91' lang='lat' dir='ltr'><strong>ponit</strong></span> <span class='ocrx_word' id='word_1_233' title='bbox 1571 3783 1608 3885; x_wconf 76' lang='lat'><strong>(⁴)</strong></span> <span class='ocrx_word' id='word_1_234' title='bbox 1623 3811 1751 3867; x_wconf 77' lang='lat' dir='ltr'><strong>exces-</strong></span> 
     </span>
     <span class='ocr_line' id='line_1_27' title="bbox 585 3907 1750 4007; baseline -0.003 -20"><span class='ocrx_word' id='word_1_235' title='bbox 585 3935 668 3988; x_wconf 93' lang='lat' dir='ltr'><strong>sum</strong></span> <span class='ocrx_word' id='word_1_236' title='bbox 694 3915 773 3987; x_wconf 89' lang='lat' dir='ltr'><strong>cius</strong></span> <span class='ocrx_word' id='word_1_237' title='bbox 797 3914 941 3989; x_wconf 88' lang='lat' dir='ltr'><strong>dicens:</strong></span> <span class='ocrx_word' id='word_1_238' title='bbox 972 3907 1049 3987; x_wconf 77' lang='lat' dir='ltr'><strong>Cori</strong></span> <span class='ocrx_word' id='word_1_239' title='bbox 1072 3935 1134 3986; x_wconf 83' lang='lat' dir='ltr'><strong>sen</strong></span> <span class='ocrx_word' id='word_1_240' title='bbox 1158 3935 1217 4004; x_wconf 84' lang='lat' dir='ltr'><strong>ou,</strong></span> <span class='ocrx_word' id='word_1_241' title='bbox 1243 3914 1376 3988; x_wconf 89' lang='lat' dir='ltr'><strong>scilicet</strong></span> <span class='ocrx_word' id='word_1_242' title='bbox 1402 3913 1512 4007; x_wconf 86' lang='lat' dir='ltr'><strong>solus,</strong></span> <span class='ocrx_word' id='word_1_243' title='bbox 1538 3914 1616 3987; x_wconf 89' lang='lat' dir='ltr'><strong>sine</strong></span> <span class='ocrx_word' id='word_1_244' title='bbox 1641 3930 1750 4004; x_wconf 72' lang='lat' dir='ltr'><strong>mee</strong></span> 
     </span>
     <span class='ocr_line' id='line_1_28' title="bbox 584 4023 1749 4127; baseline 0.002 -22"><span class='ocrx_word' id='word_1_245' title='bbox 584 4036 678 4126; x_wconf 81' lang='lat' dir='ltr'><strong>quivi</strong></span> <span class='ocrx_word' id='word_1_246' title='bbox 696 4034 740 4105; x_wconf 88' lang='lat' dir='ltr'><strong>m’</strong></span> <span class='ocrx_word' id='word_1_247' title='bbox 752 4036 952 4127; x_wconf 68' lang='grc' dir='ltr'><em>αὺαηάοπα,</em></span> <span class='ocrx_word' id='word_1_248' title='bbox 969 4034 1016 4107; x_wconf 90' lang='lat' dir='ltr'><strong>ad</strong></span> <span class='ocrx_word' id='word_1_249' title='bbox 1032 4044 1171 4110; x_wconf 86' lang='lat' dir='ltr'><strong>certam</strong></span> <span class='ocrx_word' id='word_1_250' title='bbox 1190 4035 1331 4126; x_wconf 83' lang='lat' dir='ltr'><strong>horam,</strong></span> <span class='ocrx_word' id='word_1_251' title='bbox 1350 4037 1384 4106; x_wconf 85' lang='lat' dir='ltr'><strong>lo</strong></span> <span class='ocrx_word' id='word_1_252' title='bbox 1400 4034 1497 4107; x_wconf 86' lang='lat' dir='ltr'><strong>dolce</strong></span> <span class='ocrx_word' id='word_1_253' title='bbox 1511 4032 1639 4125; x_wconf 83' lang='lat' dir='ltr'><strong>padre,</strong></span> <span class='ocrx_word' id='word_1_254' title='bbox 1657 4042 1694 4107; x_wconf 91' lang='lat' dir='ltr'><strong>et</strong></span> <span class='ocrx_word' id='word_1_255' title='bbox 1711 4023 1749 4123; x_wconf 81' lang='lat'><strong>(⁵)</strong></span> 
     </span>
     <span class='ocr_line' id='line_1_29' title="bbox 585 4153 1750 4247; baseline -0.003 -22"><span class='ocrx_word' id='word_1_256' title='bbox 585 4172 751 4227; x_wconf 83' lang='lat' dir='ltr'><strong>recessus</strong></span> <span class='ocrx_word' id='word_1_257' title='bbox 768 4154 847 4228; x_wconf 86' lang='lat' dir='ltr'><strong>eius</strong></span> <span class='ocrx_word' id='word_1_258' title='bbox 864 4161 945 4228; x_wconf 85' lang='lat' dir='ltr'><strong>erat</strong></span> <span class='ocrx_word' id='word_1_259' title='bbox 962 4154 1050 4227; x_wconf 92' lang='lat' dir='ltr'><strong>mihi</strong></span> <span class='ocrx_word' id='word_1_260' title='bbox 1065 4172 1230 4247; x_wconf 81' lang='lat' dir='ltr'><strong>amarus,</strong></span> <span class='ocrx_word' id='word_1_261' title='bbox 1247 4153 1345 4227; x_wconf 90' lang='lat' dir='ltr'><strong>unde</strong></span> <span class='ocrx_word' id='word_1_262' title='bbox 1360 4153 1468 4226; x_wconf 90' lang='lat' dir='ltr'><strong>dicit:</strong></span> <span class='ocrx_word' id='word_1_263' title='bbox 1485 4159 1518 4225; x_wconf 83' lang='lat' dir='ltr'><strong>et</strong></span> <span class='ocrx_word' id='word_1_264' title='bbox 1531 4155 1567 4224; x_wconf 83' lang='lat' dir='ltr'><strong>io</strong></span> <span class='ocrx_word' id='word_1_265' title='bbox 1583 4155 1750 4240; x_wconf 67' lang='lat' dir='ltr'><strong>rimmrpo</strong></span> 
     </span>
     <span class='ocr_line' id='line_1_30' title="bbox 583 4263 1753 4376; baseline -0.003 -31"><span class='ocrx_word' id='word_1_266' title='bbox 583 4276 621 4345; x_wconf 84' lang='lat' dir='ltr'><strong>in</strong></span> <span class='ocrx_word' id='word_1_267' title='bbox 642 4276 752 4366; x_wconf 76' lang='lat' dir='ltr'><strong>soree,</strong></span> <span class='ocrx_word' id='word_1_268' title='bbox 777 4273 868 4376; x_wconf 83' lang='lat' dir='ltr'><strong>idest</strong></span> <span class='ocrx_word' id='word_1_269' title='bbox 883 4263 919 4365; x_wconf 74' lang='lat'><strong>(⁸)</strong></span> <span class='ocrx_word' id='word_1_270' title='bbox 948 4290 1123 4347; x_wconf 87' lang='lat' dir='ltr'><strong>remaneo</strong></span> <span class='ocrx_word' id='word_1_271' title='bbox 1148 4273 1185 4346; x_wconf 94' lang='lat' dir='ltr'><strong>in</strong></span> <span class='ocrx_word' id='word_1_272' title='bbox 1210 4271 1333 4365; x_wconf 80' lang='lat' dir='ltr'><strong>dublo,</strong></span> <span class='ocrx_word' id='word_1_273' title='bbox 1351 4279 1390 4346; x_wconf 89' lang='lat' dir='ltr'><strong>et</strong></span> <span class='ocrx_word' id='word_1_274' title='bbox 1405 4290 1492 4346; x_wconf 88' lang='lat' dir='ltr'><strong>ecce</strong></span> <span class='ocrx_word' id='word_1_275' title='bbox 1507 4270 1674 4363; x_wconf 89' lang='lat' dir='ltr'><strong>dubium,</strong></span> <span class='ocrx_word' id='word_1_276' title='bbox 1691 4272 1753 4342; x_wconf 79' lang='lat' dir='ltr'><strong>che</strong></span> 
     </span>
     <span class='ocr_line' id='line_1_31' title="bbox 584 4385 1753 4486; baseline -0.003 -22"><span class='ocrx_word' id='word_1_277' title='bbox 584 4385 614 4464; x_wconf 81' lang='lat' dir='ltr'><strong>si</strong></span> <span class='ocrx_word' id='word_1_278' title='bbox 638 4414 657 4464; x_wconf 85' lang='lat' dir='ltr'><strong>e</strong></span> <span class='ocrx_word' id='word_1_279' title='bbox 681 4413 728 4466; x_wconf 86' lang='lat' dir='ltr'><strong>no</strong></span> <span class='ocrx_word' id='word_1_280' title='bbox 752 4397 810 4465; x_wconf 83' lang='lat' dir='ltr'><strong>nel</strong></span> <span class='ocrx_word' id='word_1_281' title='bbox 832 4413 920 4485; x_wconf 87' lang='lat' dir='ltr'><strong>capo</strong></span> <span class='ocrx_word' id='word_1_282' title='bbox 944 4411 999 4466; x_wconf 83' lang='lat' dir='ltr'><strong>me</strong></span> <span class='ocrx_word' id='word_1_283' title='bbox 1024 4397 1195 4484; x_wconf 65' lang='lat' dir='ltr'><strong>mnemia,</strong></span> <span class='ocrx_word' id='word_1_284' title='bbox 1220 4392 1307 4486; x_wconf 87' lang='lat' dir='ltr'><strong>quia</strong></span> <span class='ocrx_word' id='word_1_285' title='bbox 1330 4392 1367 4464; x_wconf 94' lang='lat' dir='ltr'><strong>in</strong></span> <span class='ocrx_word' id='word_1_286' title='bbox 1392 4391 1580 4485; x_wconf 74' lang='lat' dir='ltr'><strong>phantasia</strong></span> <span class='ocrx_word' id='word_1_287' title='bbox 1597 4410 1682 4464; x_wconf 88' lang='lat' dir='ltr'><strong>mea</strong></span> <span class='ocrx_word' id='word_1_288' title='bbox 1698 4388 1753 4462; x_wconf 92' lang='lat' dir='ltr'><strong>di-</strong></span> 
     </span>
     <span class='ocr_line' id='line_1_32' title="bbox 585 4506 1748 4603; baseline -0.005 -20"><span class='ocrx_word' id='word_1_289' title='bbox 585 4511 736 4585; x_wconf 90' lang='lat' dir='ltr'><strong>cebam:</strong></span> <span class='ocrx_word' id='word_1_290' title='bbox 759 4512 808 4585; x_wconf 91' lang='lat' dir='ltr'><strong>ita</strong></span> <span class='ocrx_word' id='word_1_291' title='bbox 826 4512 972 4588; x_wconf 89' lang='lat' dir='ltr'><strong>intrabit</strong></span> <span class='ocrx_word' id='word_1_292' title='bbox 998 4533 1070 4586; x_wconf 90' lang='lat' dir='ltr'><strong>non</strong></span> <span class='ocrx_word' id='word_1_293' title='bbox 1095 4512 1254 4603; x_wconf 82' lang='lat' dir='ltr'><strong>intrabit,</strong></span> <span class='ocrx_word' id='word_1_294' title='bbox 1280 4513 1327 4584; x_wconf 91' lang='lat' dir='ltr'><strong>ita</strong></span> <span class='ocrx_word' id='word_1_295' title='bbox 1356 4511 1485 4586; x_wconf 91' lang='lat' dir='ltr'><strong>redibit</strong></span> <span class='ocrx_word' id='word_1_296' title='bbox 1511 4531 1583 4584; x_wconf 91' lang='lat' dir='ltr'><strong>non</strong></span> <span class='ocrx_word' id='word_1_297' title='bbox 1610 4506 1748 4582; x_wconf 88' lang='lat' dir='ltr'><strong>redibit.</strong></span> 
     </span>
    </p>
   </div>
   <div class='ocr_carea' id='block_1_3' title="bbox 587 4657 798 4664">
    <p class='ocr_par' dir='ltr' id='par_1_3' title="bbox 587 4657 798 4664">
     <span class='ocr_line' id='line_1_33' title="bbox 587 4657 798 4664; baseline 0 0"><span class='ocrx_word' id='word_1_298' title='bbox 587 4657 798 4664; x_wconf 74' lang='lat'>——-—-—-</span> 
     </span>
    </p>
   </div>
   <div class='ocr_carea' id='block_1_4' title="bbox 647 4726 1750 4946">
    <p class='ocr_par' dir='ltr' id='par_1_4' title="bbox 647 4726 1750 4946">
     <span class='ocr_line' id='line_1_34' title="bbox 647 4726 1733 4791; baseline -0.015 -2"><span class='ocrx_word' id='word_1_299' title='bbox 647 4729 675 4791; x_wconf 84' lang='lat' dir='ltr'><strong>l&#39;l</strong></span> <span class='ocrx_word' id='word_1_300' title='bbox 692 4730 721 4778; x_wconf 84' lang='lat' dir='ltr'><strong>E·</strong></span> <span class='ocrx_word' id='word_1_301' title='bbox 740 4729 902 4791; x_wconf 73' lang='lat' dir='ltr'><strong>imperfecto·</strong></span> <span class='ocrx_word' id='word_1_302' title='bbox 1331 4726 1360 4791; x_wconf 81' lang='lat'><strong>(¹)</strong></span> <span class='ocrx_word' id='word_1_303' title='bbox 1374 4729 1409 4787; x_wconf 76' lang='lat' dir='ltr'><strong>s„</strong></span> <span class='ocrx_word' id='word_1_304' title='bbox 1427 4729 1458 4778; x_wconf 69' lang='grc' dir='ltr'><strong>Β.</strong></span> <span class='ocrx_word' id='word_1_305' title='bbox 1472 4739 1489 4779; x_wconf 80' lang='lat' dir='ltr'><strong>s</strong></span> <span class='ocrx_word' id='word_1_306' title='bbox 1505 4731 1560 4788; x_wconf 79' lang='lat' dir='ltr'><strong>lu,</strong></span> <span class='ocrx_word' id='word_1_307' title='bbox 1577 4727 1668 4777; x_wconf 72' lang='lat' dir='ltr'><strong>tumr</strong></span> <span class='ocrx_word' id='word_1_308' title='bbox 1684 4736 1733 4774; x_wconf 78' lang='lat' dir='ltr'><strong>ms.</strong></span> 
     </span>
     <span class='ocr_line' id='line_1_35' title="bbox 647 4803 1750 4868; baseline -0.005 -13"><span class='ocrx_word' id='word_1_309' title='bbox 647 4803 674 4865; x_wconf 81' lang='lat'><strong>(⁸)</strong></span> <span class='ocrx_word' id='word_1_310' title='bbox 691 4805 716 4854; x_wconf 86' lang='lat' dir='ltr'><strong>S.</strong></span> <span class='ocrx_word' id='word_1_311' title='bbox 732 4819 747 4854; x_wconf 85' lang='lat' dir='ltr'><strong>c</strong></span> <span class='ocrx_word' id='word_1_312' title='bbox 764 4806 794 4855; x_wconf 87' lang='grc' dir='ltr'><strong>Ε.</strong></span> <span class='ocrx_word' id='word_1_313' title='bbox 809 4811 837 4857; x_wconf 84' lang='lat' dir='ltr'><strong>ct</strong></span> <span class='ocrx_word' id='word_1_314' title='bbox 852 4807 902 4856; x_wconf 87' lang='lat' dir='ltr'><strong>hoc</strong></span> <span class='ocrx_word' id='word_1_315' title='bbox 917 4807 985 4856; x_wconf 88' lang='lat' dir='ltr'><strong>dico.</strong></span> <span class='ocrx_word' id='word_1_316' title='bbox 1331 4805 1358 4866; x_wconf 76' lang='lat'><strong>(⁸)</strong></span> <span class='ocrx_word' id='word_1_317' title='bbox 1376 4810 1429 4861; x_wconf 81' lang='lat' dir='ltr'><strong>llo.</strong></span> <span class='ocrx_word' id='word_1_318' title='bbox 1447 4806 1521 4868; x_wconf 82' lang='lat' dir='ltr'><strong>ponit</strong></span> <span class='ocrx_word' id='word_1_319' title='bbox 1535 4813 1666 4854; x_wconf 65' lang='lat' dir='ltr'><strong>menum</strong></span> <span class='ocrx_word' id='word_1_320' title='bbox 1686 4803 1750 4852; x_wconf 79' lang='lat' dir='ltr'><strong>elus</strong></span> 
     </span>
     <span class='ocr_line' id='line_1_36' title="bbox 648 4880 1628 4946; baseline -0.003 -13"><span class='ocrx_word' id='word_1_321' title='bbox 648 4881 674 4942; x_wconf 83' lang='lat'><strong>(⁸)</strong></span> <span class='ocrx_word' id='word_1_322' title='bbox 692 4887 746 4941; x_wconf 79' lang='lat' dir='ltr'><strong>llo,</strong></span> <span class='ocrx_word' id='word_1_323' title='bbox 755 4882 813 4933; x_wconf 81' lang='lat' dir='ltr'><strong>ideo</strong></span> <span class='ocrx_word' id='word_1_324' title='bbox 824 4883 1019 4934; x_wconf 65' lang='lat' dir='ltr'><strong>ramum-B.</strong></span> <span class='ocrx_word' id='word_1_325' title='bbox 1028 4884 1262 4935; x_wconf 69' lang='lat' dir='ltr'><strong>ldcslctms.</strong></span> <span class='ocrx_word' id='word_1_326' title='bbox 1327 4881 1355 4946; x_wconf 74' lang='lat'><strong>(⁸)</strong></span> <span class='ocrx_word' id='word_1_327' title='bbox 1370 4882 1398 4934; x_wconf 78' lang='lat'><strong>8.</strong></span> <span class='ocrx_word' id='word_1_328' title='bbox 1414 4882 1481 4932; x_wconf 74' lang='lat' dir='ltr'><strong>ideal</strong></span> <span class='ocrx_word' id='word_1_329' title='bbox 1494 4881 1523 4931; x_wconf 72' lang='lat' dir='ltr'><strong>h</strong></span> <span class='ocrx_word' id='word_1_330' title='bbox 1536 4880 1628 4931; x_wconf 75' lang='lat' dir='ltr'><strong>dubic-</strong></span> 
     </span>
    </p>
   </div>
   <div class='ocr_carea' id='block_1_5' title="bbox 0 0 2083 6546">
    <p class='ocr_par' dir='ltr' id='par_1_5' title="bbox 0 0 2083 6546">
     <span class='ocr_line' id='line_1_37' title="bbox 0 0 2083 6546; baseline 0 0"><span class='ocrx_word' id='word_1_331' title='bbox 0 0 2083 6546; x_wconf 95' lang='lat' dir='ltr'><strong> </strong></span> 
     </span>
    </p>
   </div>
  </div>
 </body>
</html>
