4154 6546
453 757 522 822 520
844 767 1048 821 conuuxun
1073 768 1224 819 luxuum

451 917 532 985 ruta
557 918 595 984 et
621 917 746 984 tenens
774 918 960 1004 sceptrum
987 916 1137 984 exercet
1161 929 1269 984 suam
1287 910 1446 1004 amplam
1463 915 1624 1004 potesta·

450 1037 525 1106 tem
552 1050 662 1125 super
688 1031 915 1124 temporalia,
942 1030 1005 1104 sed
1031 1050 1143 1124 super
1173 1029 1340 1103 animum
1370 1035 1406 1104 et
1437 1030 1625 1104 conscien-

447 1150 538 1223 tiam
566 1148 737 1243 sapientis
771 1149 858 1222 nihil
883 1156 1017 1244 potcst3
1044 1148 1125 1222 ideo
1151 1147 1259 1222 dicit:
1287 1150 1344 1221 e't
1367 1151 1476 1221 valen
1500 1152 1537 1222 tn
1560 1169 1627 1221 sun

448 1289 587 1359 marra,
614 1266 705 1342 idest
732 1274 771 1342 el
798 1269 955 1342 rusticus
981 1268 1104 1341 volvat
1128 1268 1288 1364 ligonem
1311 1289 1422 1341 suum
1440 1288 1507 1363 pro
1525 1267 1627 1342 libito

447 1388 654 1482 voluntatis,
691 1387 796 1481 quasi
830 1387 948 1461 dicat:
979 1387 1102 1461 omnia
1136 1387 1268 1461 iaciant
1301 1387 1464 1462 cilicium
1499 1408 1624 1481 suum,

447 1513 485 1581 et
509 1507 646 1580 coelum
676 1511 713 1579 et
739 1507 907 1580 homines
934 1513 1078 1580 mutent
1103 1506 1201 1581 vices
1226 1528 1323 1599 suas,
1350 1507 1438 1601 quia
1462 1527 1533 1604 ego
1550 1528 1625 1581 non

448 1626 630 1700 mutabor.
657 1626 719 1699 Est
744 1627 844 1700 euim
883 1627 939 1700 vir
964 1626 1119 1720 sapiens,
1147 1632 1187 1699 ut
1212 1625 1298 1700 dicit
1323 1626 1475 1721 Seneca,
1499 1625 1625 1700 similis

448 1746 554 1840 mari,
576 1744 675 1839 quod
702 1766 774 1819 non
801 1753 920 1820 mutat
944 1765 1115 1840 saporem
1141 1745 1200 1820 vel
1225 1746 1399 1840 colorem,
1421 1752 1625 1839 quantum·

449 1885 612 1958 cumque
637 1864 910 1939 admisceantur
937 1865 1003 1938 sibi
1028 1865 1140 1956 lacuS,
1166 1863 1330 1956 flumina,
1358 1863 1486 1938 fontes.
1504 1863 1549 1936 Et
1567 1863 1625 1937 ul·

450 1984 540 2056 timo
569 1989 678 2057 autor
708 1982 931 2057 concludens
956 1982 1112 2057 ostendit
1138 1981 1324 2076 quomodo
1350 1981 1533 2078 Virgilius,
1559 1981 1623 2076 qui

450 2107 642 2175 notaverat
667 2102 792 2174 omnia
818 2102 931 2175 verba
958 2101 1151 2197 magnilica
1178 2120 1262 2194 quae
1280 2101 1356 2195 ipse
1374 2101 1519 2175 dixerat
1535 2122 1623 2176 cum

451 2240 510 2295 ser
540 2220 729 2315 Bruuetto,
761 2222 969 2316 gratulatus
1001 2221 1111 2294 luerit
1144 2241 1257 2314 supra
1290 2218 1405 2315 dictis,
1439 2220 1536 2296 unde
1571 2221 1626 2295 di·

450 2339 522 2412 cit:
559 2341 593 2411 lo
627 2342 696 2411 nnio
729 2345 895 2429 maestro,
930 2339 1064 2412 scilicet
1096 2338 1269 2434 Virgilius
1299 2339 1363 2433 qui
1394 2340 1626 2434 praecedebat

450 2477 522 2550 me,
553 2461 584 2530 si
610 2460 845 2530 concanora
879 2461 1026 2530 indietro
1059 2479 1100 2530 su
1133 2461 1169 2530 la
1194 2466 1280 2550 pota
1303 2461 1437 2550 desire,
1462 2459 1554 2533 idest
1578 2458 1626 2535 ad

450 2582 593 2670 partem
619 2574 791 2648 dextram
817 2576 905 2668 quia
932 2576 1005 2649 ibat
1029 2596 1096 2670 per
1121 2597 1298 2671 aggerem
1323 2576 1507 2670 dextrum,
1533 2585 1572 2651 et
1585 2569 1625 2668 (⁴)

451 2694 582 2768 dextre
606 2694 797 2767 audiverat
821 2695 918 2767 bena
944 2694 1058 2768 verba
1084 2716 1168 2788 quae
1186 2702 1294 2769 autor
1311 2696 1452 2770 dixerat
1469 2717 1624 2792 magua-

452 2812 599 2887 nimiter
616 2819 743 2886 contra
759 2813 947 2887 fortunam
964 2813 1159 2908 sinistram,
1179 2837 1198 2887 e
1218 2818 1488 2908 npumdommi,
1513 2818 1625 2892 oculo

451 2932 535 3005 laetc
560 2931 803 3026 applaudenti,
827 2936 889 3025 poi
914 2936 1020 3006 disse:
1047 2934 1110 3005 ben
1127 2938 1260 3007 asculta
1276 2937 1331 3008 cdl
1346 2939 1383 3008 la
1399 2945 1497 3027 neta,
1515 2936 1621 3030 quasi

450 3049 568 3144 dicat:
604 3071 677 3123 nou
707 3050 827 3123 dixisti
861 3051 997 3145 surd03
1025 3073 1160 3149 magna
1185 3053 1266 3127 laus
1291 3060 1346 3129 est
1370 3054 1439 3128 ista
1464 3061 1501 3129 et
1525 3055 1623 3131 bene

452 3171 577 3244 valens
602 3169 675 3243 eris
700 3169 728 3241 si
755 3169 884 3243 leceris
901 3171 981 3265 hoc,
1000 3178 1037 3244 et
1054 3192 1186 3246 verum
1203 3172 1298 3266 dicit,
1317 3172 1403 3266 quia
1420 3173 1625 3248 secundum

451 3288 717 3365 Pthnlomaeum
752 3292 890 3381 snpz'erts
923 3291 1157 3363 dominabitur
1188 3276 1319 3385 mnas,
1349 3291 1413 3366 sed
1443 3312 1531 3366 cum
1564 3314 1625 3368 sa·

450 3408 588 3503 pientes
614 3407 685 3480 sint
701 3407 909 3501 paucissimi
933 3416 969 3482 et
991 3408 1198 3504 insipientes
1215 3403 1399 3504 infiniti(²),
1417 3410 1499 3484 iden
1516 3411 1625 3505 pauci

450 3532 536 3599 sunt
561 3524 624 3618 qui
648 3525 785 3620 possint
811 3533 939 3601 contra
965 3528 1101 3601 coelum
1127 3535 1164 3602 et
1190 3535 1318 3603 contra
1342 3530 1541 3604 fortunam.

525 3641 578 3718 Ne*
593 3666 663 3735 per
687 3651 783 3717 tanto
808 3647 846 3717 di
871 3667 958 3719 men.
986 3648 1056 3720 lsta
1083 3653 1138 3721 est
1163 3655 1296 3741 quarta
1329 3670 1414 3743 pars
1442 3647 1626 3744 generalis

453 3772 490 3840 et
515 3763 655 3857 ultima,
681 3763 719 3835 iu
744 3784 818 3858 qua
842 3772 952 3839 autor
978 3766 1143 3839 nominat
1168 3767 1346 3862 quosdam
1372 3768 1530 3863 pollutos
1557 3768 1626 3842 isto

452 3884 649 3959 loedissimc
675 3883 762 3957 vitio
788 3883 824 3957 in
850 3885 1013 3980 generali
1039 3891 1077 3959 et
1101 3886 1256 3979 speciali.
1278 3886 1323 3964 Et
1347 3886 1467 3982 primu
1490 3887 1626 3982 petita

452 4026 512 4080 ser
536 4005 713 4076 Brunetto
741 4002 804 4095 qui
830 4010 916 4076 sunt
931 3994 966 4094 (Β)
995 4004 1267 4100 principaliores
1288 4005 1335 4080 de
1360 4006 1447 4100 istis,
1464 4005 1512 4081 de
1531 4026 1627 4100 quo·

452 4144 539 4197 rum
555 4140 670 4218 grege
695 4119 771 4215 ipse
797 4121 962 4196 exiverat
986 4130 1135 4218 propter
1156 4125 1255 4218 loqui
1276 4125 1402 4219 Danti3
1421 4125 1520 4200 unde
1536 4145 1626 4200 con-

452 4243 597 4318 tinuans
621 4239 718 4314 dicta
743 4238 914 4335 dicendis,
940 4240 1044 4318 dicit:
1068 4238 1121 4317 Ne*
1140 4265 1206 4335 per
1231 4251 1328 4317 tanto
1352 4247 1390 4317 di
1414 4265 1505 4336 men,
1531 4243 1626 4321 idest

452 4360 685 4436 nihilominus
710 4359 879 4452 quamvis
905 4360 1074 4456 Virgilius
1101 4361 1149 4435 ita
1176 4362 1388 4437 revolesset
1407 4362 1481 4438 *se
1507 4384 1530 4438 a
1562 4384 1626 4441 me

450 4488 490 4556 et
514 4480 563 4553 lta
588 4500 651 4554 me
675 4478 861 4554 curialiter
887 4470 1155 4576 tetigisset*(⁸)‚
1182 4503 1255 4556 nun
1275 4489 1397 4557 tamen
1414 4483 1530 4558 dimisi
1548 4486 1626 4579 pri-

451 4621 556 4673 mum
572 4597 673 4692 loqui
690 4617 776 4671 cum
795 4618 855 4672 ser
873 4598 1065 4693 Brnnetto,
1079 4599 1163 4674 ideo
1180 4600 1282 4674 dicit:
1295 4604 1478 4692 putando
1494 4607 1625 4678 comari

514 4770 540 4829 υ)
557 4770 587 4820 x.
604 4777 630 4821 er
647 4771 788 4822 auarum.
914 4769 941 4835 (¹1
958 4772 988 4822 u.
1006 4773 1098 4824 nanu
1114 4774 1173 4834 arun
1190 4774 1257 4825 eaeo.
1383 4773 1456 4836 (nx.
1474 4777 1534 4828 nnc
1676 4743 1686 4763 ⁹

511 4844 539 4907 (¹)
554 4845 591 4896 Le
607 4847 695 4909 parole
711 4846 751 4897 ira
768 4847 776 4897 i
792 4847 843 4899 due
860 4849 992 4900 asterisclxl
1008 4862 1056 4901 con
1071 4849 1184 4914 suppllle
1200 4850 1269 4914 dagli
1285 4852 1346 4902 allrl
1363 4857 1403 4902 tre
1417 4851 1513 4905 (edici.
