<?xml version="1.0" encoding="UTF-8"?>
<!DOCTYPE html PUBLIC "-//W3C//DTD XHTML 1.0 Transitional//EN"
    "http://www.w3.org/TR/xhtml1/DTD/xhtml1-transitional.dtd">
<html xmlns="http://www.w3.org/1999/xhtml" xml:lang="en" lang="en">
 <head>
  <title>
</title>
<meta http-equiv="Content-Type" content="text/html;charset=utf-8" />
  <meta name='ocr-system' content='tesseract 3.04.00' />
  <meta name='ocr-capabilities' content='ocr_page ocr_carea ocr_par ocr_line ocrx_word'/>
</head>
<body>
  <div class='ocr_page' id='page_1' title='image "./comentumsuperda00benvgoog_0586.png"; bbox 0 0 4154 6546; ppageno 0'>
   <div class='ocr_carea' id='block_1_1' title="bbox 654 802 1486 870">
    <p class='ocr_par' dir='ltr' id='par_1_1' title="bbox 654 802 1486 870">
     <span class='ocr_line' id='line_1_1' title="bbox 654 802 1486 870; baseline 0 -2"><span class='ocrx_word' id='word_1_1' title='bbox 654 814 792 868; x_wconf 80' lang='lat' dir='ltr'>usurus</span> <span class='ocrx_word' id='word_1_2' title='bbox 818 813 975 869; x_wconf 80' lang='lat' dir='ltr'>necinus</span> <span class='ocrx_word' id='word_1_3' title='bbox 1000 815 1146 870; x_wconf 78' lang='lat' dir='ltr'>saurus.</span> <span class='ocrx_word' id='word_1_4' title='bbox 1415 802 1486 869; x_wconf 77' lang='lat'>53¹1</span> 
     </span>
    </p>
   </div>
   <div class='ocr_carea' id='block_1_2' title="bbox 304 953 1596 3456">
    <p class='ocr_par' dir='ltr' id='par_1_2' title="bbox 304 953 1596 3456">
     <span class='ocr_line' id='line_1_2' title="bbox 309 953 1486 1057; baseline 0.001 -21"><span class='ocrx_word' id='word_1_5' title='bbox 309 967 459 1036; x_wconf 74' lang='lat' dir='ltr'>tommo</span> <span class='ocrx_word' id='word_1_6' title='bbox 477 971 535 1036; x_wconf 86' lang='lat' dir='ltr'>tuo</span> <span class='ocrx_word' id='word_1_7' title='bbox 561 985 585 1035; x_wconf 87' lang='lat' dir='ltr'>a</span> <span class='ocrx_word' id='word_1_8' title='bbox 608 966 710 1035; x_wconf 64' lang='lat' dir='ltr'>dnae</span> <span class='ocrx_word' id='word_1_9' title='bbox 729 963 785 1034; x_wconf 81' lang='lat' dir='ltr'>cti</span> <span class='ocrx_word' id='word_1_10' title='bbox 800 969 835 1034; x_wconf 86' lang='lat' dir='ltr'>tu</span> <span class='ocrx_word' id='word_1_11' title='bbox 852 965 924 1053; x_wconf 83' lang='lat' dir='ltr'>sie,·</span> <span class='ocrx_word' id='word_1_12' title='bbox 942 967 979 1034; x_wconf 95' lang='lat' dir='ltr'>et</span> <span class='ocrx_word' id='word_1_13' title='bbox 996 961 1157 1057; x_wconf 78' lang='lat' dir='ltr'><strong>assignat</strong></span> <span class='ocrx_word' id='word_1_14' title='bbox 1170 953 1207 1053; x_wconf 75' lang='lat'>(¹)</span> <span class='ocrx_word' id='word_1_15' title='bbox 1227 982 1378 1036; x_wconf 93' lang='lat' dir='ltr'>causam</span> <span class='ocrx_word' id='word_1_16' title='bbox 1400 962 1486 1056; x_wconf 90' lang='lat' dir='ltr'>quia</span> 
     </span>
     <span class='ocr_line' id='line_1_3' title="bbox 310 1081 1488 1175; baseline -0.003 -17"><span class='ocrx_word' id='word_1_17' title='bbox 310 1084 469 1158; x_wconf 80' lang='lat' dir='ltr'><strong>habeant</strong></span> <span class='ocrx_word' id='word_1_18' title='bbox 495 1103 625 1156; x_wconf 91' lang='lat' dir='ltr'>omnes</span> <span class='ocrx_word' id='word_1_19' title='bbox 659 1088 733 1156; x_wconf 87' lang='lat' dir='ltr'>tres</span> <span class='ocrx_word' id='word_1_20' title='bbox 767 1081 966 1155; x_wconf 78' lang='lat' dir='ltr'>maximam</span> <span class='ocrx_word' id='word_1_21' title='bbox 999 1081 1208 1156; x_wconf 86' lang='lat' dir='ltr'>aviditatem</span> <span class='ocrx_word' id='word_1_22' title='bbox 1244 1082 1380 1155; x_wconf 89' lang='lat' dir='ltr'>sciendi</span> <span class='ocrx_word' id='word_1_23' title='bbox 1406 1082 1488 1175; x_wconf 90' lang='lat' dir='ltr'>quis</span> 
     </span>
     <span class='ocr_line' id='line_1_4' title="bbox 309 1194 1488 1298; baseline -0.004 -19"><span class='ocrx_word' id='word_1_24' title='bbox 309 1211 415 1298; x_wconf 82' lang='lat' dir='ltr'>esset,</span> <span class='ocrx_word' id='word_1_25' title='bbox 437 1225 524 1278; x_wconf 92' lang='lat' dir='ltr'>cum</span> <span class='ocrx_word' id='word_1_26' title='bbox 549 1203 654 1278; x_wconf 88' lang='lat' dir='ltr'>dicit:</span> <span class='ocrx_word' id='word_1_27' title='bbox 681 1205 741 1274; x_wconf 84' lang='lat' dir='ltr'>obe</span> <span class='ocrx_word' id='word_1_28' title='bbox 765 1194 837 1274; x_wconf 82' lang='lat' dir='ltr'>cosi</span> <span class='ocrx_word' id='word_1_29' title='bbox 861 1205 991 1293; x_wconf 75' lang='lat' dir='ltr'>cicaro,</span> <span class='ocrx_word' id='word_1_30' title='bbox 1010 1223 1084 1276; x_wconf 92' lang='lat' dir='ltr'>nou</span> <span class='ocrx_word' id='word_1_31' title='bbox 1104 1222 1239 1276; x_wconf 88' lang='lat' dir='ltr'>curans</span> <span class='ocrx_word' id='word_1_32' title='bbox 1265 1202 1328 1275; x_wconf 92' lang='lat' dir='ltr'>tibi</span> <span class='ocrx_word' id='word_1_33' title='bbox 1354 1202 1401 1275; x_wconf 94' lang='lat' dir='ltr'>de</span> <span class='ocrx_word' id='word_1_34' title='bbox 1426 1223 1488 1276; x_wconf 90' lang='lat' dir='ltr'>ar-</span> 
     </span>
     <span class='ocr_line' id='line_1_5' title="bbox 308 1322 1486 1418; baseline -0.001 -21"><span class='ocrx_word' id='word_1_35' title='bbox 308 1324 399 1398; x_wconf 92' lang='lat' dir='ltr'>dore</span> <span class='ocrx_word' id='word_1_36' title='bbox 415 1324 665 1415; x_wconf 90' lang='lat' dir='ltr'>llammarum,</span> <span class='ocrx_word' id='word_1_37' title='bbox 684 1342 769 1416; x_wconf 80' lang='lat' dir='ltr'>quae</span> <span class='ocrx_word' id='word_1_38' title='bbox 786 1341 860 1396; x_wconf 94' lang='lat' dir='ltr'>non</span> <span class='ocrx_word' id='word_1_39' title='bbox 879 1322 1064 1418; x_wconf 87' lang='lat' dir='ltr'>attingunt</span> <span class='ocrx_word' id='word_1_40' title='bbox 1082 1330 1130 1415; x_wconf 89' lang='lat' dir='ltr'>te,</span> <span class='ocrx_word' id='word_1_41' title='bbox 1146 1326 1292 1418; x_wconf 71' lang='lat' dir='ltr'>[repitit</span> <span class='ocrx_word' id='word_1_42' title='bbox 1309 1326 1378 1395; x_wconf 77' lang='lat' dir='ltr'>aivi</span> <span class='ocrx_word' id='word_1_43' title='bbox 1388 1325 1486 1414; x_wconf 80' lang='lat' dir='ltr'>piedi</span> 
     </span>
     <span class='ocr_line' id='line_1_6' title="bbox 304 1442 1488 1549; baseline 0.001 -33"><span class='ocrx_word' id='word_1_44' title='bbox 304 1465 374 1537; x_wconf 86' lang='lat' dir='ltr'>per</span> <span class='ocrx_word' id='word_1_45' title='bbox 400 1447 590 1538; x_wconf 73' lang='lat' dir='ltr'>linsamo,</span> <span class='ocrx_word' id='word_1_46' title='bbox 608 1444 712 1537; x_wconf 86' lang='lat' dir='ltr'>quasi</span> <span class='ocrx_word' id='word_1_47' title='bbox 730 1442 842 1516; x_wconf 88' lang='lat' dir='ltr'>dicat:</span> <span class='ocrx_word' id='word_1_48' title='bbox 861 1443 946 1536; x_wconf 91' lang='lat' dir='ltr'>quia</span> <span class='ocrx_word' id='word_1_49' title='bbox 965 1449 1005 1515; x_wconf 93' lang='lat' dir='ltr'>tu</span> <span class='ocrx_word' id='word_1_50' title='bbox 1027 1464 1067 1549; x_wconf 84' lang='lat' dir='ltr'>es</span> <span class='ocrx_word' id='word_1_51' title='bbox 1087 1442 1194 1516; x_wconf 80' lang='lat' dir='ltr'>rivus</span> <span class='ocrx_word' id='word_1_52' title='bbox 1219 1449 1257 1517; x_wconf 90' lang='lat' dir='ltr'>et</span> <span class='ocrx_word' id='word_1_53' title='bbox 1280 1442 1358 1516; x_wconf 88' lang='lat' dir='ltr'>siue</span> <span class='ocrx_word' id='word_1_54' title='bbox 1378 1461 1488 1536; x_wconf 86' lang='lat' dir='ltr'>poena</span> 
     </span>
     <span class='ocr_line' id='line_1_7' title="bbox 309 1563 1487 1659; baseline -0.002 -21"><span class='ocrx_word' id='word_1_55' title='bbox 309 1565 432 1659; x_wconf 89' lang='lat' dir='ltr'>aliqua</span> <span class='ocrx_word' id='word_1_56' title='bbox 454 1584 589 1638; x_wconf 88' lang='lat' dir='ltr'>secure</span> <span class='ocrx_word' id='word_1_57' title='bbox 607 1563 708 1637; x_wconf 88' lang='lat' dir='ltr'>vadis</span> <span class='ocrx_word' id='word_1_58' title='bbox 735 1584 799 1656; x_wconf 88' lang='lat' dir='ltr'>per</span> <span class='ocrx_word' id='word_1_59' title='bbox 824 1583 1001 1658; x_wconf 80' lang='lat' dir='ltr'>aggerem</span> <span class='ocrx_word' id='word_1_60' title='bbox 1029 1564 1127 1639; x_wconf 93' lang='lat' dir='ltr'>lento</span> <span class='ocrx_word' id='word_1_61' title='bbox 1154 1585 1280 1658; x_wconf 76' lang='lat' dir='ltr'>passu,</span> <span class='ocrx_word' id='word_1_62' title='bbox 1303 1584 1369 1637; x_wconf 93' lang='lat' dir='ltr'>nos</span> <span class='ocrx_word' id='word_1_63' title='bbox 1395 1582 1487 1636; x_wconf 89' lang='lat' dir='ltr'>vero</span> 
     </span>
     <span class='ocr_line' id='line_1_8' title="bbox 311 1683 1488 1780; baseline -0.004 -21"><span class='ocrx_word' id='word_1_64' title='bbox 311 1685 449 1759; x_wconf 89' lang='lat' dir='ltr'>mortui</span> <span class='ocrx_word' id='word_1_65' title='bbox 475 1683 604 1780; x_wconf 80' lang='lat' dir='ltr'>trepidi</span> <span class='ocrx_word' id='word_1_66' title='bbox 622 1704 709 1758; x_wconf 86' lang='lat' dir='ltr'>cum</span> <span class='ocrx_word' id='word_1_67' title='bbox 729 1703 838 1777; x_wconf 83' lang='lat' dir='ltr'>poena</span> <span class='ocrx_word' id='word_1_68' title='bbox 855 1683 1041 1757; x_wconf 92' lang='lat' dir='ltr'>currimus</span> <span class='ocrx_word' id='word_1_69' title='bbox 1063 1683 1231 1757; x_wconf 81' lang='lat' dir='ltr'>celeriter</span> <span class='ocrx_word' id='word_1_70' title='bbox 1249 1703 1314 1777; x_wconf 94' lang='lat' dir='ltr'>per</span> <span class='ocrx_word' id='word_1_71' title='bbox 1335 1702 1488 1756; x_wconf 85' lang='lat' dir='ltr'>arenam</span> 
     </span>
     <span class='ocr_line' id='line_1_9' title="bbox 310 1795 1488 1899; baseline -0.003 -19"><span class='ocrx_word' id='word_1_72' title='bbox 310 1805 513 1897; x_wconf 83' lang='lat' dir='ltr'>ardentem,</span> <span class='ocrx_word' id='word_1_73' title='bbox 532 1804 709 1897; x_wconf 89' lang='lat' dir='ltr'>quianon</span> <span class='ocrx_word' id='word_1_74' title='bbox 730 1795 776 1877; x_wconf 82' lang='lat' dir='ltr'>&#39;es</span> <span class='ocrx_word' id='word_1_75' title='bbox 801 1802 957 1876; x_wconf 84' lang='lat' dir='ltr'>iniectus</span> <span class='ocrx_word' id='word_1_76' title='bbox 980 1803 1047 1878; x_wconf 87' lang='lat' dir='ltr'>ista</span> <span class='ocrx_word' id='word_1_77' title='bbox 1068 1803 1151 1877; x_wconf 94' lang='lat' dir='ltr'>labe</span> <span class='ocrx_word' id='word_1_78' title='bbox 1175 1803 1395 1899; x_wconf 87' lang='lat' dir='ltr'>turpissima,</span> <span class='ocrx_word' id='word_1_79' title='bbox 1414 1823 1488 1895; x_wconf 89' lang='lat' dir='ltr'>qua</span> 
     </span>
     <span class='ocr_line' id='line_1_10' title="bbox 312 1901 1489 2017; baseline -0.001 -20"><span class='ocrx_word' id='word_1_80' title='bbox 312 1945 395 2017; x_wconf 90' lang='lat' dir='ltr'>nos;</span> <span class='ocrx_word' id='word_1_81' title='bbox 422 1931 460 1997; x_wconf 94' lang='lat' dir='ltr'>et</span> <span class='ocrx_word' id='word_1_82' title='bbox 485 1925 555 1997; x_wconf 87' lang='lat' dir='ltr'>boc</span> <span class='ocrx_word' id='word_1_83' title='bbox 580 1923 681 1997; x_wconf 92' lang='lat' dir='ltr'>dico:</span> <span class='ocrx_word' id='word_1_84' title='bbox 706 1901 747 1994; x_wconf 60' lang='lat' dir='ltr'>se&#39;</span> <span class='ocrx_word' id='word_1_85' title='bbox 768 1925 910 1994; x_wconf 73' lang='lat' dir='ltr'>arberto</span> <span class='ocrx_word' id='word_1_86' title='bbox 931 1925 966 1994; x_wconf 88' lang='lat' dir='ltr'>d&#39;</span> <span class='ocrx_word' id='word_1_87' title='bbox 979 1931 1050 1995; x_wconf 84' lang='lat' dir='ltr'>esto</span> <span class='ocrx_word' id='word_1_88' title='bbox 1066 1926 1142 1995; x_wconf 84' lang='lat' dir='ltr'>loco</span> <span class='ocrx_word' id='word_1_89' title='bbox 1158 1927 1260 2014; x_wconf 82' lang='lat' dir='ltr'>sollo,</span> <span class='ocrx_word' id='word_1_90' title='bbox 1278 1922 1368 1997; x_wconf 89' lang='lat' dir='ltr'>idest</span> <span class='ocrx_word' id='word_1_91' title='bbox 1386 1923 1489 1996; x_wconf 93' lang='lat' dir='ltr'>istius</span> 
     </span>
     <span class='ocr_line' id='line_1_11' title="bbox 310 2035 1596 2139; baseline -0.002 -20"><span class='ocrx_word' id='word_1_92' title='bbox 310 2044 428 2120; x_wconf 90' lang='lat' dir='ltr'>sabuli</span> <span class='ocrx_word' id='word_1_93' title='bbox 455 2064 528 2117; x_wconf 93' lang='lat' dir='ltr'>nou</span> <span class='ocrx_word' id='word_1_94' title='bbox 553 2041 668 2135; x_wconf 90' lang='lat' dir='ltr'>solidi,</span> <span class='ocrx_word' id='word_1_95' title='bbox 686 2045 719 2115; x_wconf 84' lang='lat' dir='ltr'>el</span> <span class='ocrx_word' id='word_1_96' title='bbox 734 2046 833 2115; x_wconf 81' lang='lat' dir='ltr'>tristo</span> <span class='ocrx_word' id='word_1_97' title='bbox 854 2049 985 2134; x_wconf 80' lang='lat' dir='ltr'>ospello</span> <span class='ocrx_word' id='word_1_98' title='bbox 1002 2035 1053 2136; x_wconf 78' lang='lat'>(²),</span> <span class='ocrx_word' id='word_1_99' title='bbox 1078 2044 1215 2118; x_wconf 89' lang='lat' dir='ltr'>scilicet</span> <span class='ocrx_word' id='word_1_100' title='bbox 1239 2044 1342 2117; x_wconf 91' lang='lat' dir='ltr'>iumo</span> <span class='ocrx_word' id='word_1_101' title='bbox 1363 2044 1489 2139; x_wconf 87' lang='lat' dir='ltr'>caligi·</span> <span class='ocrx_word' id='word_1_102' title='bbox 1593 2040 1596 2045; x_wconf 87' lang='grc'><strong>’</strong></span> 
     </span>
     <span class='ocr_line' id='line_1_12' title="bbox 312 2162 1489 2259; baseline 0 -22"><span class='ocrx_word' id='word_1_103' title='bbox 312 2185 413 2257; x_wconf 90' lang='lat' dir='ltr'>noso,</span> <span class='ocrx_word' id='word_1_104' title='bbox 439 2164 503 2257; x_wconf 90' lang='lat' dir='ltr'>qui</span> <span class='ocrx_word' id='word_1_105' title='bbox 530 2162 691 2236; x_wconf 92' lang='lat' dir='ltr'>nascitur</span> <span class='ocrx_word' id='word_1_106' title='bbox 717 2182 764 2236; x_wconf 87' lang='lat' dir='ltr'>ex</span> <span class='ocrx_word' id='word_1_107' title='bbox 790 2163 858 2235; x_wconf 90' lang='lat' dir='ltr'>isto</span> <span class='ocrx_word' id='word_1_108' title='bbox 885 2163 979 2257; x_wconf 90' lang='lat' dir='ltr'>igne,</span> <span class='ocrx_word' id='word_1_109' title='bbox 1006 2184 1025 2234; x_wconf 85' lang='lat' dir='ltr'>e</span> <span class='ocrx_word' id='word_1_110' title='bbox 1049 2164 1175 2254; x_wconf 88' lang='lat' dir='ltr'>broilo,</span> <span class='ocrx_word' id='word_1_111' title='bbox 1197 2165 1289 2238; x_wconf 92' lang='lat' dir='ltr'>idest</span> <span class='ocrx_word' id='word_1_112' title='bbox 1314 2165 1489 2259; x_wconf 92' lang='lat' dir='ltr'>spoliatus</span> 
     </span>
     <span class='ocr_line' id='line_1_13' title="bbox 311 2280 1489 2376; baseline 0 -19"><span class='ocrx_word' id='word_1_113' title='bbox 311 2291 349 2358; x_wconf 91' lang='lat' dir='ltr'>et</span> <span class='ocrx_word' id='word_1_114' title='bbox 372 2283 551 2376; x_wconf 87' lang='lat' dir='ltr'>depilatus</span> <span class='ocrx_word' id='word_1_115' title='bbox 576 2280 713 2373; x_wconf 86' lang='lat' dir='ltr'>capillis</span> <span class='ocrx_word' id='word_1_116' title='bbox 738 2287 777 2355; x_wconf 93' lang='lat' dir='ltr'>et</span> <span class='ocrx_word' id='word_1_117' title='bbox 801 2280 927 2373; x_wconf 93' lang='lat' dir='ltr'>barba,</span> <span class='ocrx_word' id='word_1_118' title='bbox 950 2284 1059 2354; x_wconf 83' lang='lat' dir='ltr'>rende</span> <span class='ocrx_word' id='word_1_119' title='bbox 1082 2286 1118 2354; x_wconf 83' lang='lat' dir='ltr'>in</span> <span class='ocrx_word' id='word_1_120' title='bbox 1145 2286 1295 2374; x_wconf 81' lang='lat' dir='ltr'>despetto</span> <span class='ocrx_word' id='word_1_121' title='bbox 1311 2288 1407 2357; x_wconf 78' lang='lat' dir='ltr'>troie</span> <span class='ocrx_word' id='word_1_122' title='bbox 1423 2305 1489 2358; x_wconf 82' lang='lat' dir='ltr'>oo-</span> 
     </span>
     <span class='ocr_line' id='line_1_14' title="bbox 309 2399 1491 2494; baseline 0.003 -20"><span class='ocrx_word' id='word_1_123' title='bbox 309 2405 376 2474; x_wconf 82' lang='lat' dir='ltr'>strt</span> <span class='ocrx_word' id='word_1_124' title='bbox 396 2402 534 2493; x_wconf 71' lang='lat' dir='ltr'>propit.</span> <span class='ocrx_word' id='word_1_125' title='bbox 563 2401 638 2473; x_wconf 92' lang='lat' dir='ltr'>Hoc</span> <span class='ocrx_word' id='word_1_126' title='bbox 663 2420 730 2494; x_wconf 97' lang='lat' dir='ltr'>pro</span> <span class='ocrx_word' id='word_1_127' title='bbox 757 2406 857 2475; x_wconf 92' lang='lat' dir='ltr'>tanto</span> <span class='ocrx_word' id='word_1_128' title='bbox 882 2399 978 2493; x_wconf 86' lang='lat' dir='ltr'>dicit,</span> <span class='ocrx_word' id='word_1_129' title='bbox 1005 2401 1092 2494; x_wconf 90' lang='lat' dir='ltr'>quia</span> <span class='ocrx_word' id='word_1_130' title='bbox 1123 2402 1228 2475; x_wconf 89' lang='lat' dir='ltr'>locus</span> <span class='ocrx_word' id='word_1_131' title='bbox 1259 2403 1427 2477; x_wconf 87' lang='lat' dir='ltr'>desertus</span> <span class='ocrx_word' id='word_1_132' title='bbox 1452 2408 1491 2477; x_wconf 89' lang='lat' dir='ltr'>et</span> 
     </span>
     <span class='ocr_line' id='line_1_15' title="bbox 311 2509 1491 2616; baseline -0.001 -20"><span class='ocrx_word' id='word_1_133' title='bbox 311 2521 458 2596; x_wconf 89' lang='lat' dir='ltr'>babitus</span> <span class='ocrx_word' id='word_1_134' title='bbox 496 2520 747 2616; x_wconf 81' lang='lat' dir='ltr'>despectabilis</span> <span class='ocrx_word' id='word_1_135' title='bbox 761 2509 797 2611; x_wconf 70' lang='lat'>(³)</span> <span class='ocrx_word' id='word_1_136' title='bbox 832 2519 949 2593; x_wconf 91' lang='lat' dir='ltr'>solent</span> <span class='ocrx_word' id='word_1_137' title='bbox 982 2521 1136 2596; x_wconf 89' lang='lat' dir='ltr'>reddere</span> <span class='ocrx_word' id='word_1_138' title='bbox 1174 2523 1361 2597; x_wconf 90' lang='lat' dir='ltr'>bominem</span> <span class='ocrx_word' id='word_1_139' title='bbox 1399 2544 1491 2597; x_wconf 87' lang='lat' dir='ltr'>con-</span> 
     </span>
     <span class='ocr_line' id='line_1_16' title="bbox 313 2622 1508 2736; baseline -0.001 -19"><span class='ocrx_word' id='word_1_140' title='bbox 313 2641 565 2736; x_wconf 85' lang='lat' dir='ltr'>temptibilem.</span> <span class='ocrx_word' id='word_1_141' title='bbox 579 2679 629 2692; x_wconf 96' lang='lat'>—</span> <span class='ocrx_word' id='word_1_142' title='bbox 645 2642 769 2727; x_wconf 78' lang='lat' dir='ltr'>Oresti</span> <span class='ocrx_word' id='word_1_143' title='bbox 796 2639 861 2713; x_wconf 87' lang='lat' dir='ltr'>llic</span> <span class='ocrx_word' id='word_1_144' title='bbox 886 2640 1080 2734; x_wconf 75' lang='lat' dir='ltr'>praedictus</span> <span class='ocrx_word' id='word_1_145' title='bbox 1113 2641 1261 2736; x_wconf 91' lang='lat' dir='ltr'>spiritus</span> <span class='ocrx_word' id='word_1_146' title='bbox 1291 2650 1332 2715; x_wconf 91' lang='lat' dir='ltr'>ui</span> <span class='ocrx_word' id='word_1_147' title='bbox 1363 2622 1508 2718; x_wconf 59' lang='lat' dir='ltr'>reddat*</span> 
     </span>
     <span class='ocr_line' id='line_1_17' title="bbox 313 2759 1490 2858; baseline -0.002 -21"><span class='ocrx_word' id='word_1_148' title='bbox 313 2763 520 2837; x_wconf 85' lang='lat' dir='ltr'>auditorem</span> <span class='ocrx_word' id='word_1_149' title='bbox 546 2759 747 2835; x_wconf 91' lang='lat' dir='ltr'>avidiorem</span> <span class='ocrx_word' id='word_1_150' title='bbox 774 2759 820 2832; x_wconf 95' lang='lat' dir='ltr'>ad</span> <span class='ocrx_word' id='word_1_151' title='bbox 847 2760 1141 2854; x_wconf 90' lang='lat' dir='ltr'>respondendum</span> <span class='ocrx_word' id='word_1_152' title='bbox 1173 2762 1251 2856; x_wconf 92' lang='lat' dir='ltr'>sibi,</span> <span class='ocrx_word' id='word_1_153' title='bbox 1279 2783 1351 2836; x_wconf 93' lang='lat' dir='ltr'>nou</span> <span class='ocrx_word' id='word_1_154' title='bbox 1376 2783 1490 2858; x_wconf 84' lang='lat' dir='ltr'>erpe-</span> 
     </span>
     <span class='ocr_line' id='line_1_18' title="bbox 313 2868 1489 2978; baseline 0 -21"><span class='ocrx_word' id='word_1_155' title='bbox 313 2889 408 2957; x_wconf 91' lang='lat' dir='ltr'>ctata</span> <span class='ocrx_word' id='word_1_156' title='bbox 428 2880 662 2975; x_wconf 88' lang='lat' dir='ltr'>responsione</span> <span class='ocrx_word' id='word_1_157' title='bbox 677 2868 725 2973; x_wconf 71' lang='lat'>(⁸),</span> <span class='ocrx_word' id='word_1_158' title='bbox 744 2879 949 2954; x_wconf 80' lang='lat' dir='ltr'>manifestat</span> <span class='ocrx_word' id='word_1_159' title='bbox 967 2881 1034 2954; x_wconf 91' lang='lat' dir='ltr'>sibi</span> <span class='ocrx_word' id='word_1_160' title='bbox 1052 2882 1169 2956; x_wconf 87' lang='lat' dir='ltr'>socios</span> <span class='ocrx_word' id='word_1_161' title='bbox 1186 2888 1224 2957; x_wconf 90' lang='lat' dir='ltr'>et</span> <span class='ocrx_word' id='word_1_162' title='bbox 1240 2904 1297 2976; x_wconf 83' lang='lat' dir='ltr'>se3</span> <span class='ocrx_word' id='word_1_163' title='bbox 1314 2890 1352 2957; x_wconf 88' lang='lat' dir='ltr'>et</span> <span class='ocrx_word' id='word_1_164' title='bbox 1368 2883 1489 2978; x_wconf 95' lang='lat' dir='ltr'>primo</span> 
     </span>
     <span class='ocr_line' id='line_1_19' title="bbox 312 2998 1490 3095; baseline 0.003 -21"><span class='ocrx_word' id='word_1_165' title='bbox 312 3001 435 3095; x_wconf 87' lang='lat' dir='ltr'>incipit</span> <span class='ocrx_word' id='word_1_166' title='bbox 469 3021 491 3074; x_wconf 95' lang='lat' dir='ltr'>a</span> <span class='ocrx_word' id='word_1_167' title='bbox 521 2998 688 3095; x_wconf 83' lang='lat' dir='ltr'>digniori,</span> <span class='ocrx_word' id='word_1_168' title='bbox 714 2999 850 3073; x_wconf 92' lang='lat' dir='ltr'>scilicet</span> <span class='ocrx_word' id='word_1_169' title='bbox 883 3019 906 3073; x_wconf 93' lang='lat' dir='ltr'>a</span> <span class='ocrx_word' id='word_1_170' title='bbox 936 2998 1102 3074; x_wconf 89' lang='lat' dir='ltr'>Gnidone</span> <span class='ocrx_word' id='word_1_171' title='bbox 1133 3002 1287 3076; x_wconf 85' lang='lat' dir='ltr'>Guerra.</span> <span class='ocrx_word' id='word_1_172' title='bbox 1314 3003 1358 3075; x_wconf 87' lang='lat' dir='ltr'>Et</span> <span class='ocrx_word' id='word_1_173' title='bbox 1391 3003 1490 3078; x_wconf 89' lang='lat' dir='ltr'>circa</span> 
     </span>
     <span class='ocr_line' id='line_1_20' title="bbox 314 3119 1487 3216; baseline 0.002 -22"><span class='ocrx_word' id='word_1_174' title='bbox 314 3122 416 3195; x_wconf 93' lang='lat' dir='ltr'>istius</span> <span class='ocrx_word' id='word_1_175' title='bbox 441 3120 735 3216; x_wconf 86' lang='lat' dir='ltr'>descriptionem,</span> <span class='ocrx_word' id='word_1_176' title='bbox 753 3119 880 3212; x_wconf 89' lang='lat' dir='ltr'>lector,</span> <span class='ocrx_word' id='word_1_177' title='bbox 897 3126 953 3195; x_wconf 91' lang='lat' dir='ltr'>est</span> <span class='ocrx_word' id='word_1_178' title='bbox 969 3121 1175 3215; x_wconf 88' lang='lat' dir='ltr'>aliqualiter</span> <span class='ocrx_word' id='word_1_179' title='bbox 1201 3122 1487 3216; x_wconf 92' lang='lat' dir='ltr'>immorandum,</span> 
     </span>
     <span class='ocr_line' id='line_1_21' title="bbox 313 3238 1489 3336; baseline 0.003 -22"><span class='ocrx_word' id='word_1_180' title='bbox 313 3241 400 3335; x_wconf 86' lang='lat' dir='ltr'>quia</span> <span class='ocrx_word' id='word_1_181' title='bbox 427 3239 531 3313; x_wconf 92' lang='lat' dir='ltr'>multi</span> <span class='ocrx_word' id='word_1_182' title='bbox 558 3238 753 3331; x_wconf 90' lang='lat' dir='ltr'>mirantur,</span> <span class='ocrx_word' id='word_1_183' title='bbox 771 3239 886 3312; x_wconf 93' lang='lat' dir='ltr'>immo</span> <span class='ocrx_word' id='word_1_184' title='bbox 913 3238 1113 3313; x_wconf 90' lang='lat' dir='ltr'>truilautur</span> <span class='ocrx_word' id='word_1_185' title='bbox 1138 3240 1362 3335; x_wconf 83' lang='lat' dir='ltr'>ignoranter,</span> <span class='ocrx_word' id='word_1_186' title='bbox 1390 3242 1489 3336; x_wconf 91' lang='lat' dir='ltr'>quod</span> 
     </span>
     <span class='ocr_line' id='line_1_22' title="bbox 313 3359 1486 3456; baseline 0.001 -21"><span class='ocrx_word' id='word_1_187' title='bbox 313 3363 458 3454; x_wconf 86' lang='lat' dir='ltr'>bantes,</span> <span class='ocrx_word' id='word_1_188' title='bbox 484 3359 549 3453; x_wconf 91' lang='lat' dir='ltr'>qui</span> <span class='ocrx_word' id='word_1_189' title='bbox 575 3365 718 3453; x_wconf 89' lang='lat' dir='ltr'>poterat</span> <span class='ocrx_word' id='word_1_190' title='bbox 741 3359 951 3434; x_wconf 86' lang='lat' dir='ltr'>describere</span> <span class='ocrx_word' id='word_1_191' title='bbox 977 3361 1086 3434; x_wconf 92' lang='lat' dir='ltr'>istum</span> <span class='ocrx_word' id='word_1_192' title='bbox 1118 3361 1240 3435; x_wconf 89' lang='lat' dir='ltr'>virum</span> <span class='ocrx_word' id='word_1_193' title='bbox 1266 3363 1486 3456; x_wconf 82' lang='lat' dir='ltr'>praeclarum</span> 
     </span>
    </p>
   </div>
   <div class='ocr_carea' id='block_1_3' title="bbox 814 3470 828 3514">
    <p class='ocr_par' dir='ltr' id='par_1_3' title="bbox 814 3470 828 3514">
     <span class='ocr_line' id='line_1_23' title="bbox 814 3470 828 3514; baseline 0 -3"><span class='ocrx_word' id='word_1_194' title='bbox 814 3470 828 3514; x_wconf 82' lang='lat' dir='ltr'>ii</span> 
     </span>
    </p>
   </div>
   <div class='ocr_carea' id='block_1_4' title="bbox 185 3477 1490 3577">
    <p class='ocr_par' dir='ltr' id='par_1_4' title="bbox 185 3477 1490 3577">
     <span class='ocr_line' id='line_1_24' title="bbox 185 3477 1490 3577; baseline -0.001 -20"><span class='ocrx_word' id='word_1_195' title='bbox 185 3488 189 3494; x_wconf 83' lang='lat'>&#39;</span> <span class='ocrx_word' id='word_1_196' title='bbox 312 3503 335 3557; x_wconf 97' lang='lat' dir='ltr'>a</span> <span class='ocrx_word' id='word_1_197' title='bbox 361 3481 467 3556; x_wconf 86' lang='lat' dir='ltr'>claris</span> <span class='ocrx_word' id='word_1_198' title='bbox 492 3477 787 3574; x_wconf 88' lang='lat' dir='ltr'>progenitoribus</span> <span class='ocrx_word' id='word_1_199' title='bbox 802 3483 840 3570; x_wconf 80' lang='grc'><strong>1)</strong></span> <span class='ocrx_word' id='word_1_200' title='bbox 867 3478 946 3553; x_wconf 88' lang='lat' dir='ltr'>eius</span> <span class='ocrx_word' id='word_1_201' title='bbox 972 3487 1010 3554; x_wconf 91' lang='lat' dir='ltr'>et</span> <span class='ocrx_word' id='word_1_202' title='bbox 1035 3481 1142 3555; x_wconf 90' lang='lat' dir='ltr'>claris</span> <span class='ocrx_word' id='word_1_203' title='bbox 1171 3482 1292 3577; x_wconf 89' lang='lat' dir='ltr'>gestis,</span> <span class='ocrx_word' id='word_1_204' title='bbox 1319 3483 1490 3558; x_wconf 91' lang='lat' dir='ltr'>describit</span> 
     </span>
    </p>
   </div>
   <div class='ocr_carea' id='block_1_5' title="bbox 293 3598 1490 3939">
    <p class='ocr_par' dir='ltr' id='par_1_5' title="bbox 293 3598 1490 3939">
     <span class='ocr_line' id='line_1_25' title="bbox 293 3598 1489 3694; baseline 0 -17"><span class='ocrx_word' id='word_1_205' title='bbox 293 3623 400 3678; x_wconf 55' lang='lat' dir='ltr'>&gt;eum</span> <span class='ocrx_word' id='word_1_206' title='bbox 434 3601 482 3674; x_wconf 89' lang='lat' dir='ltr'>ab</span> <span class='ocrx_word' id='word_1_207' title='bbox 519 3620 592 3673; x_wconf 91' lang='lat' dir='ltr'>una</span> <span class='ocrx_word' id='word_1_208' title='bbox 623 3598 759 3673; x_wconf 85' lang='lat' dir='ltr'>semina</span> <span class='ocrx_word' id='word_1_209' title='bbox 787 3599 871 3673; x_wconf 84' lang='lat' dir='ltr'>avia</span> <span class='ocrx_word' id='word_1_210' title='bbox 902 3620 980 3694; x_wconf 93' lang='lat' dir='ltr'>sua,</span> <span class='ocrx_word' id='word_1_211' title='bbox 1012 3599 1132 3676; x_wconf 91' lang='lat' dir='ltr'>donna</span> <span class='ocrx_word' id='word_1_212' title='bbox 1165 3601 1382 3678; x_wconf 90' lang='lat' dir='ltr'>Gualdrada.</span> <span class='ocrx_word' id='word_1_213' title='bbox 1418 3603 1489 3677; x_wconf 89' lang='lat' dir='ltr'>Sed</span> 
     </span>
     <span class='ocr_line' id='line_1_26' title="bbox 312 3718 1490 3815; baseline -0.001 -18"><span class='ocrx_word' id='word_1_214' title='bbox 312 3729 413 3797; x_wconf 88' lang='lat' dir='ltr'>oerte</span> <span class='ocrx_word' id='word_1_215' title='bbox 437 3725 547 3794; x_wconf 91' lang='lat' dir='ltr'>autor</span> <span class='ocrx_word' id='word_1_216' title='bbox 578 3718 662 3792; x_wconf 91' lang='lat' dir='ltr'>iecit</span> <span class='ocrx_word' id='word_1_217' title='bbox 691 3718 803 3792; x_wconf 88' lang='lat' dir='ltr'>talem</span> <span class='ocrx_word' id='word_1_218' title='bbox 837 3718 1118 3815; x_wconf 89' lang='lat' dir='ltr'>descriptionem</span> <span class='ocrx_word' id='word_1_219' title='bbox 1151 3727 1227 3796; x_wconf 89' lang='lat' dir='ltr'>tam</span> <span class='ocrx_word' id='word_1_220' title='bbox 1260 3723 1490 3798; x_wconf 88' lang='lat' dir='ltr'>laudabiliter</span> 
     </span>
     <span class='ocr_line' id='line_1_27' title="bbox 313 3829 1488 3939; baseline 0.002 -24"><span class='ocrx_word' id='word_1_221' title='bbox 313 3863 425 3937; x_wconf 91' lang='lat' dir='ltr'>quam</span> <span class='ocrx_word' id='word_1_222' title='bbox 451 3839 663 3936; x_wconf 90' lang='lat' dir='ltr'>prudenter,</span> <span class='ocrx_word' id='word_1_223' title='bbox 690 3845 733 3912; x_wconf 90' lang='lat' dir='ltr'>ut</span> <span class='ocrx_word' id='word_1_224' title='bbox 746 3829 784 3931; x_wconf 81' lang='lat'>(⁶)</span> <span class='ocrx_word' id='word_1_225' title='bbox 815 3839 873 3913; x_wconf 89' lang='lat' dir='ltr'>bic</span> <span class='ocrx_word' id='word_1_226' title='bbox 906 3840 1078 3934; x_wconf 88' lang='lat' dir='ltr'>implicite</span> <span class='ocrx_word' id='word_1_227' title='bbox 1111 3849 1279 3938; x_wconf 88' lang='lat' dir='ltr'>tangeret</span> <span class='ocrx_word' id='word_1_228' title='bbox 1308 3844 1488 3939; x_wconf 89' lang='lat' dir='ltr'>originem</span> 
     </span>
    </p>
   </div>
   <div class='ocr_carea' id='block_1_6' title="bbox 187 3958 1490 4054">
    <p class='ocr_par' dir='ltr' id='par_1_6' title="bbox 187 3958 1490 4054">
     <span class='ocr_line' id='line_1_28' title="bbox 187 3958 1490 4054; baseline 0.002 -20"><span class='ocrx_word' id='word_1_229' title='bbox 187 3965 189 3969; x_wconf 80' lang='grc'>’</span> <span class='ocrx_word' id='word_1_230' title='bbox 312 3962 465 4035; x_wconf 86' lang='lat' dir='ltr'>lamosae</span> <span class='ocrx_word' id='word_1_231' title='bbox 489 3959 609 4054; x_wconf 86' lang='lat' dir='ltr'>stirpis</span> <span class='ocrx_word' id='word_1_232' title='bbox 635 3959 750 4052; x_wconf 90' lang='lat' dir='ltr'>istius,</span> <span class='ocrx_word' id='word_1_233' title='bbox 769 3965 807 4034; x_wconf 92' lang='lat' dir='ltr'>et</span> <span class='ocrx_word' id='word_1_234' title='bbox 823 3966 865 4033; x_wconf 87' lang='lat' dir='ltr'>ut</span> <span class='ocrx_word' id='word_1_235' title='bbox 887 3958 993 4035; x_wconf 91' lang='lat' dir='ltr'>daret</span> <span class='ocrx_word' id='word_1_236' title='bbox 1010 3961 1181 4035; x_wconf 83' lang='lat' dir='ltr'>meritam</span> <span class='ocrx_word' id='word_1_237' title='bbox 1199 3962 1334 4037; x_wconf 90' lang='lat' dir='ltr'>lamam</span> <span class='ocrx_word' id='word_1_238' title='bbox 1354 3970 1391 4037; x_wconf 87' lang='lat' dir='ltr'>et</span> <span class='ocrx_word' id='word_1_239' title='bbox 1408 3966 1490 4037; x_wconf 92' lang='lat' dir='ltr'>lau·</span> 
     </span>
    </p>
   </div>
   <div class='ocr_carea' id='block_1_7' title="bbox 313 4079 1491 4416">
    <p class='ocr_par' dir='ltr' id='par_1_7' title="bbox 313 4079 1491 4416">
     <span class='ocr_line' id='line_1_29' title="bbox 313 4079 1491 4180; baseline 0.002 -24"><span class='ocrx_word' id='word_1_240' title='bbox 313 4083 398 4156; x_wconf 93' lang='lat' dir='ltr'>dem</span> <span class='ocrx_word' id='word_1_241' title='bbox 423 4081 509 4155; x_wconf 90' lang='lat' dir='ltr'>huic</span> <span class='ocrx_word' id='word_1_242' title='bbox 540 4079 684 4153; x_wconf 93' lang='lat' dir='ltr'>mulieri</span> <span class='ocrx_word' id='word_1_243' title='bbox 714 4079 945 4174; x_wconf 85' lang='lat' dir='ltr'>dignissimae.</span> <span class='ocrx_word' id='word_1_244' title='bbox 977 4080 1030 4154; x_wconf 82' lang='lat' dir='ltr'>Ad</span> <span class='ocrx_word' id='word_1_245' title='bbox 1060 4082 1165 4156; x_wconf 90' lang='lat' dir='ltr'>cuius</span> <span class='ocrx_word' id='word_1_246' title='bbox 1197 4083 1250 4156; x_wconf 94' lang='lat' dir='ltr'>rei</span> <span class='ocrx_word' id='word_1_247' title='bbox 1285 4084 1491 4180; x_wconf 89' lang='lat' dir='ltr'>intelligen-</span> 
     </span>
     <span class='ocr_line' id='line_1_30' title="bbox 315 4198 1490 4292; baseline 0.005 -17"><span class='ocrx_word' id='word_1_248' title='bbox 315 4201 401 4276; x_wconf 92' lang='lat' dir='ltr'>tiam</span> <span class='ocrx_word' id='word_1_249' title='bbox 429 4206 484 4274; x_wconf 89' lang='lat' dir='ltr'>esl</span> <span class='ocrx_word' id='word_1_250' title='bbox 509 4198 710 4291; x_wconf 88' lang='lat' dir='ltr'>sciendum,</span> <span class='ocrx_word' id='word_1_251' title='bbox 737 4199 836 4292; x_wconf 89' lang='lat' dir='ltr'>quod</span> <span class='ocrx_word' id='word_1_252' title='bbox 861 4200 946 4273; x_wconf 86' lang='lat' dir='ltr'>Otto</span> <span class='ocrx_word' id='word_1_253' title='bbox 972 4201 1028 4292; x_wconf 85' lang='lat' dir='ltr'>lV,</span> <span class='ocrx_word' id='word_1_254' title='bbox 1055 4221 1140 4275; x_wconf 93' lang='lat' dir='ltr'>cum</span> <span class='ocrx_word' id='word_1_255' title='bbox 1168 4202 1325 4277; x_wconf 87' lang='lat' dir='ltr'>venisset</span> <span class='ocrx_word' id='word_1_256' title='bbox 1351 4205 1387 4278; x_wconf 93' lang='lat' dir='ltr'>in</span> <span class='ocrx_word' id='word_1_257' title='bbox 1417 4206 1490 4281; x_wconf 93' lang='lat' dir='ltr'>lta·</span> 
     </span>
     <span class='ocr_line' id='line_1_31' title="bbox 313 4319 1487 4416; baseline 0.003 -20"><span class='ocrx_word' id='word_1_258' title='bbox 313 4323 412 4416; x_wconf 96' lang='lat' dir='ltr'>liam,</span> <span class='ocrx_word' id='word_1_259' title='bbox 439 4321 503 4396; x_wconf 90' lang='lat' dir='ltr'>ivit</span> <span class='ocrx_word' id='word_1_260' title='bbox 528 4319 713 4395; x_wconf 85' lang='lat' dir='ltr'>visitatum</span> <span class='ocrx_word' id='word_1_261' title='bbox 739 4319 961 4393; x_wconf 86' lang='lat' dir='ltr'>Florentiam</span> <span class='ocrx_word' id='word_1_262' title='bbox 984 4326 1174 4414; x_wconf 87' lang='lat' dir='ltr'>tamquam</span> <span class='ocrx_word' id='word_1_263' title='bbox 1194 4323 1487 4400; x_wconf 84' lang='lat' dir='ltr'>florentissimam</span> 
     </span>
    </p>
   </div>
   <div class='ocr_carea' id='block_1_8' title="bbox 312 4534 1491 4993">
    <p class='ocr_par' dir='ltr' id='par_1_8' title="bbox 312 4534 1491 4915">
     <span class='ocr_line' id='line_1_32' title="bbox 374 4534 1491 4609; baseline 0.004 -17"><span class='ocrx_word' id='word_1_264' title='bbox 374 4542 401 4604; x_wconf 79' lang='lat'>(¹)</span> <span class='ocrx_word' id='word_1_265' title='bbox 419 4542 450 4592; x_wconf 85' lang='lat' dir='ltr'>ii.</span> <span class='ocrx_word' id='word_1_266' title='bbox 475 4546 502 4591; x_wconf 88' lang='lat' dir='ltr'>et</span> <span class='ocrx_word' id='word_1_267' title='bbox 523 4541 633 4605; x_wconf 77' lang='lat' dir='ltr'>assignat</span> <span class='ocrx_word' id='word_1_268' title='bbox 658 4554 763 4591; x_wconf 85' lang='lat' dir='ltr'>causam</span> <span class='ocrx_word' id='word_1_269' title='bbox 783 4553 865 4605; x_wconf 79' lang='lat' dir='ltr'>quare</span> <span class='ocrx_word' id='word_1_270' title='bbox 888 4534 1124 4601; x_wconf 60' lang='lat' dir='ltr'>bamma-rra,</span> <span class='ocrx_word' id='word_1_271' title='bbox 1138 4548 1165 4593; x_wconf 89' lang='lat' dir='ltr'>et</span> <span class='ocrx_word' id='word_1_272' title='bbox 1193 4542 1283 4593; x_wconf 78' lang='lat' dir='ltr'>asserit</span> <span class='ocrx_word' id='word_1_273' title='bbox 1305 4557 1409 4594; x_wconf 77' lang='lat' dir='ltr'>cruam</span> <span class='ocrx_word' id='word_1_274' title='bbox 1430 4546 1491 4609; x_wconf 78' lang='lat' dir='ltr'>quie</span> 
     </span>
     <span class='ocr_line' id='line_1_33' title="bbox 312 4619 1490 4760; baseline 0.003 -15"><span class='ocrx_word' id='word_1_275' title='bbox 312 4619 465 4757; x_wconf 47' lang='lat' dir='ltr'>mimo</span> <span class='ocrx_word' id='word_1_276' title='bbox 481 4709 496 4746; x_wconf 89' lang='lat' dir='ltr'>e</span> <span class='ocrx_word' id='word_1_277' title='bbox 513 4694 544 4744; x_wconf 81' lang='lat' dir='ltr'>R</span> <span class='ocrx_word' id='word_1_278' title='bbox 560 4700 664 4758; x_wconf 78' lang='lat' dir='ltr'>ospello,</span> <span class='ocrx_word' id='word_1_279' title='bbox 681 4695 741 4758; x_wconf 78' lang='lat' dir='ltr'>quis</span> <span class='ocrx_word' id='word_1_280' title='bbox 757 4699 796 4746; x_wconf 88' lang='lat' dir='ltr'>est</span> <span class='ocrx_word' id='word_1_281' title='bbox 813 4695 848 4745; x_wconf 80' lang='lat' dir='ltr'>ita</span> <span class='ocrx_word' id='word_1_282' title='bbox 865 4700 956 4747; x_wconf 85' lang='lat' dir='ltr'>coctus</span> <span class='ocrx_word' id='word_1_283' title='bbox 970 4696 1037 4759; x_wconf 76' lang='lat' dir='ltr'>igne,</span> <span class='ocrx_word' id='word_1_284' title='bbox 1055 4696 1105 4757; x_wconf 86' lang='lat' dir='ltr'>rel,</span> <span class='ocrx_word' id='word_1_285' title='bbox 1121 4695 1162 4746; x_wconf 80' lang='lat' dir='ltr'>e&#39;l</span> <span class='ocrx_word' id='word_1_286' title='bbox 1177 4696 1255 4746; x_wconf 78' lang='lat' dir='ltr'>tincto</span> <span class='ocrx_word' id='word_1_287' title='bbox 1270 4702 1373 4760; x_wconf 67' lang='lat' dir='ltr'>mutto,</span> <span class='ocrx_word' id='word_1_288' title='bbox 1390 4697 1490 4749; x_wconf 81' lang='lat' dir='ltr'>scilieet</span> 
     </span>
     <span class='ocr_line' id='line_1_34' title="bbox 312 4770 1489 4915; baseline 0.005 -17"><span class='ocrx_word' id='word_1_289' title='bbox 312 4770 399 4909; x_wconf 44' lang='lat' dir='ltr'>lump..)</span> <span class='ocrx_word' id='word_1_290' title='bbox 418 4848 448 4899; x_wconf 75' lang='lat' dir='ltr'>R</span> <span class='ocrx_word' id='word_1_291' title='bbox 464 4849 644 4912; x_wconf 76' lang='lat' dir='ltr'>despectibilis.</span> <span class='ocrx_word' id='word_1_292' title='bbox 932 4850 959 4914; x_wconf 76' lang='lat'>(⁸)</span> <span class='ocrx_word' id='word_1_293' title='bbox 974 4851 1005 4902; x_wconf 84' lang='lat' dir='ltr'>li.</span> <span class='ocrx_word' id='word_1_294' title='bbox 1021 4851 1188 4915; x_wconf 74' lang='lat' dir='ltr'>responsione</span> <span class='ocrx_word' id='word_1_295' title='bbox 1205 4853 1318 4903; x_wconf 81' lang='lat' dir='ltr'>auctoris</span> <span class='ocrx_word' id='word_1_296' title='bbox 1333 4851 1489 4904; x_wconf 76' lang='lat' dir='ltr'>menilbstat.</span> 
     </span>
    </p>

    <p class='ocr_par' dir='ltr' id='par_1_9' title="bbox 373 4925 1383 4993">
     <span class='ocr_line' id='line_1_35' title="bbox 373 4925 1383 4993; baseline 0.003 -17"><span class='ocrx_word' id='word_1_297' title='bbox 373 4926 400 4988; x_wconf 80' lang='lat'>(⁸)</span> <span class='ocrx_word' id='word_1_298' title='bbox 417 4925 448 4976; x_wconf 87' lang='grc'>11.</span> <span class='ocrx_word' id='word_1_299' title='bbox 464 4925 680 4990; x_wconf 77' lang='lat' dir='ltr'>progenitoribus,</span> <span class='ocrx_word' id='word_1_300' title='bbox 695 4931 723 4977; x_wconf 83' lang='lat' dir='ltr'>et</span> <span class='ocrx_word' id='word_1_301' title='bbox 738 4927 796 4977; x_wconf 86' lang='lat' dir='ltr'>eius</span> <span class='ocrx_word' id='word_1_302' title='bbox 810 4927 897 4978; x_wconf 80' lang='lat' dir='ltr'>elaris.</span> <span class='ocrx_word' id='word_1_303' title='bbox 930 4927 957 4990; x_wconf 82' lang='lat'>(⁸)</span> <span class='ocrx_word' id='word_1_304' title='bbox 975 4931 1030 4988; x_wconf 81' lang='lat' dir='ltr'>ite,</span> <span class='ocrx_word' id='word_1_305' title='bbox 1047 4932 1073 4977; x_wconf 89' lang='lat' dir='ltr'>et</span> <span class='ocrx_word' id='word_1_306' title='bbox 1089 4927 1133 4978; x_wconf 88' lang='lat' dir='ltr'>bic</span> <span class='ocrx_word' id='word_1_307' title='bbox 1150 4926 1276 4992; x_wconf 82' lang='lat' dir='ltr'>implicite</span> <span class='ocrx_word' id='word_1_308' title='bbox 1292 4928 1383 4993; x_wconf 72' lang='lat' dir='ltr'>tangit.</span> 
     </span>
    </p>
   </div>
   <div class='ocr_carea' id='block_1_9' title="bbox 0 0 2090 6546">
    <p class='ocr_par' dir='ltr' id='par_1_10' title="bbox 0 0 2090 6546">
     <span class='ocr_line' id='line_1_36' title="bbox 0 0 2090 6546; baseline 0 0"><span class='ocrx_word' id='word_1_309' title='bbox 0 0 2090 6546; x_wconf 95' lang='lat' dir='ltr'> </span> 
     </span>
    </p>
   </div>
  </div>
 </body>
</html>
