4154 6546
863 768 1002 827 CAN'HJS
1025 770 1194 838 QUINTUS·
1543 764 1613 828 ult

446 925 504 994 ost
528 917 730 991 secundum
756 915 915 1009 signum,
938 921 976 988 ct
1000 912 1219 987 subdimus
1237 916 1294 984 sot
1314 933 1363 985 scs
1381 921 1505 1005 punto,
1523 915 1614 991 idest
1636 956 1640 960 *

446 1037 541 1111 illius
565 1036 726 1126 lecturo,
749 1026 894 1126 stannci
915 1035 974 1106 cte
994 1036 1027 1104 ci
1043 1036 1151 1121 mnus,
1168 1031 1255 1124 qnia
1279 1031 1415 1107 scilicet
1438 1053 1613 1107 reveren·

446 1156 497 1229 tin
520 1161 560 1229 ct
588 1152 809 1228 vcronmdm
841 1152 943 1246 prius
974 1151 1157 1225 detinebat
1188 1168 1266 1242 nos,
1297 1150 1361 1224 ssd
1392 1151 1459 1225 iste
1487 1171 1614 1245 passus

447 1273 531 1349 iocit
548 1291 615 1346 nos
630 1271 735 1363 sonui
751 1270 962 1362 exemplum
979 1267 1140 1341 duorum
1158 1267 1334 1341 nobilium
1354 1279 1614 1345 amantum.—

452 1392 609 1478 ouoesdo.
635 1387 701 1461 llio
724 1386 915 1460 anciscu
940 1385 1096 1478 explicat
1118 1383 1221 1457 illum
1239 1392 1416 1478 punctum
1438 1393 1475 1460 st
1491 1393 1613 1459 oston-

447 1509 499 1582 dlt
522 1506 708 1600 quomodo
732 1511 772 1578 ot
785 1503 932 1599 quando
948 1511 1130 1578 venerunt
1146 1503 1193 1577 ud
1210 1503 1316 1596 lucta,
1335 1505 1476 1578 dicens:
1494 1508 1612 1595 pocot,

449 1627 584 1700 scilicet
607 1625 753 1714 Paulus,
770 1625 830 1695 cte
844 1625 918 1694 mai
932 1625 982 1695 do
998 1642 1053 1693 mc
1067 1641 1140 1692 non
1153 1624 1205 1712 sa
1221 1624 1345 1712 diviso
1361 1623 1448 1715 quin
1468 1643 1612 1717 semper

449 1746 520 1819 crit
544 1745 701 1818 sociatus
715 1737 751 1832 (¹)
783 1760 932 1816 monum
962 1741 999 1813 in
1030 1741 1157 1814 doloro
1184 1741 1279 1814 sicut
1307 1742 1376 1814 iuit
1403 1743 1441 1815 in
1471 1762 1610 1834 amore,

450 1884 506 1935 me
527 1855 614 1936 band
637 1865 674 1935 tc
700 1864 807 1935 bocca
840 1869 922 1935 totto
951 1866 1132 1949 monte,
1160 1861 1296 1936 scidmt
1325 1880 1371 1936 on
1402 1863 1542 1956 pudone
1576 1875 1612 1938 ot

451 1983 593 2074 timone,
618 1989 716 2073 tuno,
741 1981 876 2055 scilicet
899 1981 1040 2074 quoodo
1057 1980 1200 2068 tepicmo
1223 1981 1251 2050 it
1272 1980 1399 2052 didon
1417 1984 1504 2072 mo,
1522 1982 1611 2056 idest

449 2102 614 2197 somnam
640 2100 830 2192 sidentem,
855 2116 948 2172 esser
972 2098 1094 2170 bacato
1119 2099 1168 2169 da
1183 2104 1321 2170 cotnnto
1336 2108 1487 2191 omnum,
1505 2100 1609 2192 idest,

446 2219 679 2294 almuciloto
704 2218 769 2312 qui
792 2217 862 2290 init
883 2223 960 2289 tum
986 2216 1124 2310 probus
1153 2215 1266 2290 milos.
1297 2218 1341 2290 lit
1364 2219 1504 2293 subdit:
1538 2223 1611 2291 dn-

450 2340 563 2427 tcotto,
589 2338 668 2410 vult
691 2336 815 2411 dicero
839 2335 999 2409 breviter
1016 2333 1115 2426 quod
1131 2333 1224 2407 siout
1239 2334 1425 2411 Galeottus
1441 2336 1508 2412 luit
1524 2357 1612 2410 con-

449 2458 589 2532 ciliator
604 2448 640 2547 (¹)
668 2456 731 2550 qui
756 2453 944 2549 conjunxit
969 2453 1066 2547 ipsos
1090 2451 1183 2526 dnos
1206 2454 1326 2526 simul.
1344 2454 1435 2528 llicit
1458 2474 1561 2550 crgo:
1587 2460 1614 2527 n

450 2577 540 2648 libro
564 2597 583 2648 c
607 2577 660 2647 cin
684 2578 719 2646 lo
742 2576 880 2661 sciisse,
905 2571 997 2645 idest
1021 2577 1058 2643 et
1081 2577 1190 2644 autor
1214 2571 1366 2665 libriin
1394 2576 1547 2645 Galeotto
1560 2565 1610 2664 (³),

449 2695 538 2769 idost
571 2697 665 2786 lcno,
690 2700 728 2767 et
757 2691 877 2767 addit:
910 2692 987 2781 quel
1012 2694 1140 2781 piorno
1164 2687 1227 2782 pisi
1256 2712 1329 2763 non
1359 2694 1395 2764 vi
1424 2694 1612 2782 leppemmo

450 2816 582 2902 anund,
607 2813 694 2907 quia
718 2812 777 2885 illn
802 2811 861 2884 dio
885 2829 958 2882 non
978 2808 1165 2883 redierunt
1181 2811 1336 2904 amplius
1360 2810 1407 2884 nd
1433 2812 1610 2885 loctumm

451 2933 643 3020 incoatum,
660 2930 747 3023 quia
766 2928 998 3003 intenderunt
1022 2928 1069 3000 ad
1093 2928 1201 3000 aliam
1228 2928 1405 3004 lecturam
1426 2950 1510 3022 quae
1528 2930 1609 3004 lecit

450 3049 611 3123 oblivisci
627 3049 722 3123 illius
739 3049 888 3122 locturae
904 3047 1243 3141 primm-Mende.
1258 3048 1322 3121 illc
1334 3058 1442 3123 autor
1459 3049 1608 3143 imponit

451 3166 560 3242 finem
586 3166 670 3241 buic
695 3165 857 3242 mutorioe
882 3172 920 3240 ot
944 3165 1058 3258 tangit
1075 3164 1245 3239 ellectum
1263 3165 1434 3237 ultimum
1459 3174 1533 3240 inm
1561 3189 1607 3240 ox

450 3293 554 3380 parte
578 3286 723 3360 illorum
748 3285 942 3378 spirituum
968 3303 1080 3374 quam
1107 3282 1175 3354 sui.
1193 3283 1237 3354 Et
1252 3282 1336 3356 dicit
1351 3287 1536 3376 quomodo
1554 3289 1609 3361 isti

448 3411 613 3479 amantes
637 3410 743 3480 erant
765 3402 888 3478 afflicti
912 3402 1049 3497 puriter
1072 3420 1202 3474 amore
1226 3408 1264 3475 et
1291 3401 1428 3496 doloro,
1454 3412 1490 3478 ot
1516 3406 1610 3500 ipss

448 3533 524 3599 met
548 3522 740 3616 rospondot
764 3522 816 3596 eis
841 3521 877 3594 in
902 3521 1008 3593 simili
1033 3519 1179 3595 allecto.
1205 3521 1306 3596 Unde
1332 3522 1435 3597 dicit:
1468 3528 1608 3617 l'oltro,

446 3641 580 3716 scilicet
603 3641 697 3715 alius
721 3641 867 3734 spiritus
892 3639 1006 3731 Pauli,
1028 3643 1205 3730 psbopcvo
1227 3633 1472 3730 didonium
1498 3645 1612 3719 olbnso

447 3763 546 3833 cb’io
571 3763 673 3832 vomi
696 3781 797 3831 merto
821 3751 851 3830 si
874 3761 1009 3830 com'io
1026 3762 1183 3848 morisco,
1206 3760 1309 3853 quasi
1329 3760 1445 3837 dicat:
1472 3762 1608 3836 incurri

509 4013 537 4076 (¹)
554 4013 585 4063 li.
600 4013 685 4063 socins
699 4025 774 4062 msns
789 4012 816 4060 in
832 4010 931 4061 dolore.

509 4090 536 4153 (¹)
552 4089 613 4140 llus
629 4094 716 4138 omts
734 4087 836 4137 lszlouc
857 4085 899 4136 dol
920 4091 1009 4137 nostro
1031 4092 1098 4137 testo
1118 4089 1138 4136 si
1159 4088 1285 4151 snppliscc
1302 4102 1350 4139 oon
1366 4089 1452 4153 quella
1467 4092 1534 4155 degli
1550 4093 1610 4143 nitri

449 4163 537 4215 codici.
552 4164 592 4224 lt..
601 4163 627 4214 S.
636 4176 651 4212 s
661 4167 716 4222 tls,
725 4161 1048 4212 coucilistoretmsdictor
1058 4162 1155 4213 amoris
1164 4164 1231 4213 intsr
1240 4163 1610 4227 Lsnzilottumcsnincvnsm,

448 4241 483 4288 its
494 4239 571 4289 Llitns
579 4240 626 4290 istc
635 4239 663 4289 in
672 4252 725 4302 qno
732 4237 853 4302 legebam
866 4237 916 4287 init
928 4238 1053 4289 mediator
1063 4244 1090 4288 ct
1101 4237 1255 4289 concilistor
1262 4241 1305 4303 qui
1317 4241 1456 4292 noninmxlt

509 4314 536 4376 (¹)
550 4313 601 4376 Qui
615 4312 635 4363 ll
650 4319 740 4364 nostro
760 4316 826 4362 tosto
844 4312 876 4361 bn
893 4313 919 4361 in
934 4313 1064 4374 margine:
1082 4329 1096 4359 n
1110 4311 1221 4362 Gnkottc
1238 4314 1269 4376 so
1282 4315 1303 4363 ii
1315 4314 1409 4372 libros
1422 4317 1463 4364 cit
1476 4317 1499 4364 to
1513 4321 1605 4364 scrissc

448 4392 487 4441 lts
497 4388 573 4440 debut
580 4390 628 4440 ists
638 4402 727 4440 vorsus
735 4388 853 4452 intelllgi.
864 4388 985 4450 Prinoeps
994 4388 1128 4439 Gslnottus
1137 4391 1239 4452 scripsit
1247 4391 1338 4453 gallico
1349 4391 1480 4441 bistorlsm
1492 4405 1609 4442 smornm

446 4466 583 4516 Lsncilnttl
597 4470 625 4515 st
641 4465 769 4519 Gincvrn:
784 4469 886 4515 etcum
906 4464 1001 4514 Psulns
1020 4471 1046 4513 ct
1067 4465 1203 4514 Frsnoincs
1222 4466 1317 4515 librum
1337 4468 1413 4516 illum
1429 4467 1611 4517 oblectamenti

445 4540 659 4605 grstislogcrsut,
668 4541 721 4603 ipss
731 4539 790 4597 iibri
800 4539 929 4589 lectlocos
939 4539 964 4588 in
974 4539 1206 4601 concupiscentiam
1215 4540 1325 4591 libidinis
1334 4542 1461 4601 excitavit,
1471 4555 1551 4606 φιιτε
1558 4542 1609 4592 luit

445 4616 491 4666 ilic
509 4616 575 4667 libcr
593 4616 720 4680 gslsnttus
735 4616 776 4665 vel
791 4614 919 4678 (longinus
934 4615 975 4665 sol
992 4614 1091 4664 rotinus
1110 4615 1178 4664 inter
1197 4628 1250 4673 cos,
1265 4622 1292 4666 ct
1310 4622 1350 4667 cst
1369 4617 1496 4681 galeottus
1515 4631 1609 4668 nomen

446 4692 512 4754 spud
530 4691 655 4756 qnosdm
671 4692 813 4756 lnporum
826 4693 894 4742 idom
909 4691 979 4755 quod
993 4689 1052 4740 leno
1069 4694 1096 4740 et
1111 4704 1230 4740 amorum
1245 4693 1402 4756 compositor
1415 4694 1544 4756 importst.
1560 4693 1610 4743 llic

446 4768 524 4818 sttsm
542 4767 661 4831 princeps
678 4767 805 4830 gillotius
817 4766 868 4817 init
878 4766 1110 4831 rescrsgslsottus,
1121 4772 1147 4817 ct
1163 4767 1268 4818 illorum
1278 4769 1310 4818 dc
1324 4770 1417 4833 qulbus
1430 4770 1530 4833 scripsit
1543 4782 1609 4818 con-

449 4841 551 4892 ellittor
565 4845 593 4891 el
608 4841 676 4893 lolio.
688 4860 702 4889 n
792 4865 795 4875 ·
