3990 6540
912 741 1050 797 caurus
1076 740 1245 799 cernuus
1592 731 1660 803 301

498 885 570 957 iam
598 885 696 958 venit
720 886 757 958 in
782 905 998 960 succursum
1017 897 1196 962 nostrum.
1210 886 1254 958 Et
1272 888 1349 962 vult
1365 888 1525 962 breviter
1541 888 1664 962 dicere

494 1005 663 1100 Virgilius
688 1005 734 1079 ad
760 1007 1032 1080 excusationem
1059 1027 1189 1079 suam:
1209 1007 1264 1081 isti
1282 1006 1466 1080 daemones
1483 1026 1664 1101 praesum-

495 1131 646 1217 pserunt
662 1125 837 1220 impedire
848 1118 883 1218 (¹)
899 1125 1081 1199 Christum
1101 1145 1148 1198 ne
1167 1126 1319 1198 intraret
1336 1125 1520 1199 internum
1541 1144 1607 1219 per
1622 1117 1659 1216 (²)

494 1243 745 1317 liberationem
772 1245 935 1338 Patrum,
962 1254 1100 1338 quanto
1126 1244 1253 1316 lortius
1278 1250 1429 1336 possunt
1446 1254 1663 1337 presumere

493 1363 667 1455 impedire
693 1368 779 1436 nost
806 1364 868 1436 scd
895 1364 987 1438 sicut
1013 1363 1098 1435 nibil
1125 1363 1359 1457 proiecerunt
1385 1369 1483 1456 tunc,
1514 1362 1564 1436 ita
1596 1384 1664 1436 neo

494 1503 601 1574 nunc,
628 1482 713 1575 quia
740 1483 957 1556 intrabimus
981 1483 1117 1555 virtute
1142 1482 1272 1555 divina.
1299 1483 1343 1555 Et
1368 1481 1419 1555 sic
1450 1473 1583 1574 videl³l
1616 1504 1660 1556 ex

493 1602 594 1676 dictis
619 1611 736 1676 cessat
760 1603 915 1677 obiectio
941 1623 1051 1696 quam
1079 1603 1195 1675 solent
1220 1601 1367 1694 quidam
1390 1601 1522 1694 lacere,
1546 1622 1663 1695 quare

494 1722 679 1796 daemcnes
705 1743 777 1796 non
804 1722 1025 1815 recipiebant
1049 1721 1201 1797 Dantem
1228 1720 1382 1795 libenter
1408 1727 1448 1793 ut
1473 1721 1663 1795 lucraren-

496 1847 555 1912 tur
581 1840 678 1914 illam
705 1841 897 1915 animam?
923 1840 1009 1934 quia
1034 1846 1143 1913 autor
1174 1846 1325 1914 venerat
1359 1840 1463 1913 vivus
1493 1840 1538 1913 ad
1574 1841 1662 1914 libe-

495 1960 650 2032 randum
676 1981 717 2033 se
744 1966 780 2033 et
806 1960 894 2033 alios
919 1960 966 2032 ab
992 1959 1061 2032 isto
1086 1959 1243 2050 Inferna,
1262 1959 1448 2034 moraliter
1468 1960 1660 2053 loquendo.

494 2079 538 2149 Et
563 2086 648 2152 nota
674 2079 771 2172 qnod
798 2079 1024 2173 appellamus
1049 2078 1237 2151 lniernum
1259 2077 1436 2150 moralem
1455 2084 1589 2151 statum
1607 2079 1662 2151 vi-

494 2199 641 2291 tiorum,
668 2199 754 2292 quia
782 2198 947 2272 bomines
973 2197 1163 2271 moraliter
1196 2196 1379 2290 loquendo
1409 2204 1494 2269 sunt
1524 2199 1660 2270 mortui

492 2319 527 2391 in
545 2340 601 2411 ec,
619 2320 750 2392 sicula
768 2319 874 2391 simili
894 2317 1048 2391 dicimus
1065 2317 1203 2389 bellum
1221 2316 1337 2408 civile,
1351 2316 1438 2409 quia
1455 2317 1502 2390 de
1518 2317 1657 2391 civibus

492 2438 559 2510 luit
589 2444 624 2511 et
655 2437 749 2510 inter
778 2437 875 2510 cives
904 2441 1062 2530 gestum,
1090 2441 1213 2508 tamen
1246 2455 1287 2508 re
1321 2455 1409 2507 vcra
1441 2435 1509 2507 luit
1539 2435 1660 2530 potius

493 2557 646 2631 incivile.
661 2563 755 2628 -Ε
769 2547 840 2646 old.
868 2555 932 2630 Hic
958 2554 1086 2628 ultimo
1103 2554 1272 2649 Virgilius
1297 2555 1343 2627 ad
1369 2554 1658 2628 exhortationem

493 2676 633 2749 autoris
658 2674 752 2766 dicit,
779 2674 877 2767 quod
903 2674 976 2747 iam
1001 2673 1313 2767 appropinquabat
1344 2674 1402 2747 ille
1432 2673 1496 2766 qui
1526 2679 1580 2747 est
1606 2673 1662 2745 in-

492 2795 731 2867 troducturus
748 2813 810 2866 eos
827 2794 864 2865 in
881 2793 1082 2885 civitatem3
1099 2793 1195 2866 unde
1212 2793 1312 2867 dicit:
1329 2799 1360 2865 Ε
1375 2797 1437 2884 tol,
1455 2794 1545 2866 idest
1564 2813 1661 2865 unus

494 2913 573 2985 talis
599 2919 674 2986 tam
700 2923 838 3006 potem,
858 2915 917 2984 cire
940 2934 1005 3005 per
1030 2915 1078 2984 lui
1101 2934 1145 2984 ne
1166 2915 1218 3004 fia
1242 2916 1278 2985 lo
1304 2921 1401 2984 terra
1418 2920 1555 3004 apertu,
1573 2913 1660 3006 quia

494 3032 628 3105 scilicet
648 3031 787 3125 aperiet
801 3032 904 3105 nobis
917 3037 1060 3125 portam
1076 3052 1187 3104 manu
1201 3052 1280 3122 sua,
1294 3022 1355 3121 yid
1366 3034 1526 3104 docende
1543 3034 1661 3113 l’ertu,

496 3152 599 3246 quasi
625 3151 743 3225 dicat:
770 3151 841 3224 iam
869 3151 967 3224 venit
992 3170 1058 3244 per
1091 3151 1275 3225 lnlernum
1307 3151 1480 3224 continuo
1511 3151 1662 3224 descen·

493 3270 622 3363 dendo,
649 3273 685 3342 dt
708 3260 779 3361 pud
803 3273 852 3342 do
876 3273 931 3360 lei,
957 3270 1047 3343 idest
1071 3271 1118 3343 ab
1145 3270 1203 3343 illa
1229 3277 1332 3365 porta
1359 3271 1462 3363 citra,
1475 3274 1660 3362 passando

491 3409 556 3479 per
581 3391 606 3460 li
629 3391 741 3460 cerem
762 3409 871 3460 senza
894 3397 1026 3478 scorta,
1043 3389 1128 3481 quia
1145 3389 1280 3463 scilicet
1297 3390 1394 3463 venit
1415 3391 1513 3463 solus
1533 3397 1570 3464 et
1587 3411 1659 3463 non

492 3506 628 3603 indiget
653 3513 783 3600 scorta,
809 3507 903 3581 sicut
928 3513 979 3579 tu.
1007 3508 1051 3579 Et
1075 3508 1133 3582 bic
1159 3515 1238 3581 erat
1255 3508 1468 3601 Mercurius,
1494 3515 1536 3580 ut
1560 3509 1659 3583 clare

492 3626 705 3700 ostendetur
731 3626 766 3698 in
792 3626 956 3718 sequenti
984 3626 1152 3721 capitulo.
1643 3650 1649 3657 ·

555 3866 582 3929 (¹)
598 3865 628 3917 li.
644 3868 769 3931 impedire
787 3868 925 3919 Dominum
942 3868 1031 3918 lesum
1048 3867 1185 3919 Christum.
1280 3870 1306 3931 (¹)
1324 3871 1354 3920 Ε,
1371 3885 1419 3934 pro
1435 3871 1593 3922 fimum

554 3941 582 4006 ι’)
598 3943 629 3994 E.
646 3943 704 3993 ride
720 3944 789 4007 quod
805 3958 837 3994 ex
853 3943 934 3994 dictis.
