4154 6546
578 792 625 864 ³8
977 808 1180 863 correurnu
1204 808 1355 861 rnrnnur

574 958 613 1027 is
639 974 681 1026 ss
709 975 774 1026 oon
804 954 912 1046 puelle
940 956 1046 1043 stelle,
1076 952 1168 1026 idest
1195 952 1249 1026 sol
1277 951 1498 1026 ascendebat
1525 967 1613 1026 eum
1644 955 1750 1049 signo

574 1073 710 1167 anese,
736 1072 835 1167 quod
859 1071 1005 1168 signum
1026 1076 1169 1145 conset
1182 1088 1232 1145 ex
1252 1071 1419 1165 paens
1434 1072 1556 1146 eene.
1578 1073 1623 1146 nt
1646 1073 1748 1147 usos:
1865 1052 1869 1057 ’

575 1196 625 1266 ct'
638 1214 729 1266 εναη
752 1214 819 1265 eoo
843 1195 891 1265 lui
915 1194 1056 1283 quoodo
1081 1194 1222 1263 tamor
1249 1194 1381 1281 duno,
1406 1190 1497 1266 idest
1522 1193 1621 1266 Deus
1644 1192 1751 1266 boni·

576 1319 652 1386 tete
677 1320 714 1386 et
737 1312 961 1408 benignitate
985 1330 1066 1404 sue,
1085 1330 1197 1383 nosse
1220 1313 1270 1384 do
1288 1313 1412 1402 primo
1428 1315 1536 1401 queue
1551 1332 1629 1385 oose
1652 1308 1749 1403 telle,

578 1431 713 1505 sdlioet
736 1432 849 1504 coelos
874 1437 911 1504 et
940 1431 1073 1524 stellas,
1104 1436 1141 1504 et
1168 1429 1445 1504 universitatem
1477 1437 1749 1505 creaturarum.
1836 1427 1840 1433 “

579 1553 624 1625 nt
654 1551 740 1625 dicit
768 1558 938 1625 notanter
971 1572 1096 1642 mosee,
1128 1550 1330 1624 nonenim
1363 1550 1465 1644 prius
1495 1551 1751 1643 movebuntur,

580 1670 750 1764 quamvis
775 1670 999 1743 eontrarium
1030 1677 1142 1764 ponnt
1170 1669 1419 1763 Philosophus,
1446 1671 1513 1763 qui
1543 1664 1624 1744 vult
1651 1662 1752 1763 quod

581 1796 705 1863 motus
737 1796 775 1862 et
809 1788 968 1861 mundns
999 1789 1044 1861 sit
1071 1795 1243 1862 eternus
1275 1781 1400 1860 Sioctd.
1431 1789 1497 1862 llio
1525 1808 1572 1863 ex
1600 1789 1753 1883 disposi-

581 1912 680 1985 tione
713 1909 886 2013 temporis
916 1916 1025 1984 autor
1055 1909 1178 2004 arguit
1209 1909 1344 1982 bonam
1378 1929 1481 2003 spem
1516 1930 1628 2002 qnam
1664 1924 1754 1984 oon·-

580 2031 736 2126 cipiebnt
763 2031 810 2104 de
839 2022 963 2124 lentie,
987 2028 1080 2103 idest
1116 2027 1264 2101 luxuria
1293 2027 1489 2121 vinoenda3
1514 2029 1612 2103 unde
1647 2028 1752 2103 dicit:

580 2143 610 2222 si
639 2153 699 2222 cloe
729 2153 832 2223 l’ora
863 2153 920 2223 del
943 2156 1067 2240 tempo,
1092 2147 1183 2220 idest
1209 2165 1330 2239 mnne,
1354 2167 1374 2218 e
1398 2151 1435 2220 la
1458 2150 1556 2220 dolce
1583 2151 1754 2239 mpetu,

581 2269 673 2342 idest
707 2269 918 2343 delectabile
951 2275 1098 2360 tempus
1135 2266 1244 2358 veris,
1279 2266 1324 2337 m'
1340 2284 1406 2337 ero
1437 2270 1584 2356 copone
1612 2284 1640 2339 o
1669 2269 1755 2340 uem

581 2406 728 2480 sperne
752 2392 789 2462 lo
812 2389 943 2479 poJetto
962 2389 1052 2478 pelle
1076 2387 1114 2457 di
1137 2388 1251 2476 quella
1272 2386 1384 2477 fiero3
1408 2385 1514 2478 quasi
1538 2386 1659 2460 dieat:
1687 2385 1755 2460 dn·

583 2508 671 2580 bant
687 2502 723 2598 (¹)
743 2508 831 2579 mihi
848 2525 1000 2580 eausam
1019 2503 1115 2578 bene
1135 2503 1302 2597 sperandi
1319 2502 1581 2579 detractionem
1598 2495 1635 2596 (¹)
1654 2505 1755 2599 pellis

585 2626 680 2698 illius
712 2627 813 2718 ierae,
845 2625 936 2697 idest
969 2621 1209 2695 mortificandi
1234 2628 1272 2695 et
1294 2622 1531 2717 extinguendi
1555 2624 1755 2717 luxuriant,

587 2760 672 2837 que
702 2750 774 2817 stet
802 2744 839 2815 in
869 2744 975 2836 pelle,
1000 2748 1043 2813 ut
1068 2741 1147 2834 jum
1177 2746 1362 2814 ostensum
1395 2748 1459 2814 est
1486 2740 1530 2815 Et
1553 2742 1648 2817 bene
1671 2741 1757 2815 dlolt

587 2866 740 2957 putenm
764 2883 853 2936 nam
878 2862 1074 2934 mulierem
1092 2851 1225 2955 vagum
1244 2860 1406 2933 solemus
1426 2861 1609 2955 appellare
1631 2862 1755 2957 gajern

588 2984 805 3079 vulgariter:
827 2987 865 3055 et
883 2981 953 3054 hnc
969 2980 1081 3053 etiem
1098 2979 1215 3051 innuit
1227 2969 1262 3072 (³)
1282 2978 1381 3072 quod
1397 2985 1506 3053 autor
1522 2980 1695 3073 loqunun
1708 2981 1758 3056 de

589 3103 749 3196 luxurie,
774 3122 847 3174 non
872 3099 918 3173 de
943 3099 1165 3195 vanegloria.
1185 3098 1291 3186 Quod
1314 3105 1440 3173 antem
1466 3100 1557 3174 horn
1583 3100 1758 3194 temporis

587 3228 734 3318 prestet
767 3219 832 3293 sihi
867 3219 1062 3292 materiam
1094 3218 1261 3312 sperandi
1296 3218 1486 3293 victorium
1519 3219 1626 3293 diotre
1657 3219 1758 3312 serre,

587 3343 673 3418 sntis
692 3345 792 3435 patet
807 3360 854 3413 ex
866 3338 1078 3432 jamdictis,
1095 3338 1181 3430 quia
1194 3327 1229 3430 (⁴)
1251 3339 1375 3412 anime
1394 3345 1483 3412 tuno
1502 3340 1621 3434 magis
1637 3339 1758 3414 sonita

587 3469 624 3537 et
641 3462 759 3535 soluta
775 3465 894 3553 potest
918 3457 1057 3531 lucilius
1081 3475 1317 3551 rompeseere
1338 3457 1651 3552 eoncupiscenties
1674 3474 1759 3530 eer-

588 3581 655 3673 nis,
673 3586 712 3654 et
728 3576 927 3652 munnere
944 3576 1144 3670 passiones3
1158 3576 1221 3648 sed
1237 3575 1439 3650 seeundum
1454 3568 1491 3667 (³)
1515 3596 1588 3650 non
1608 3584 1759 3671 appetet

589 3716 732 3775 verum.
751 3697 852 3771 Unde
869 3701 924 3769 est
941 3696 998 3769 hic
1015 3685 1053 3785 (θ)
1075 3696 1228 3768 solerter
1245 3694 1511 3769 advertendum
1527 3696 1628 3788 quod
1649 3704 1759 3769 autor

590 3819 734 3895 videtur
759 3835 931 3910 expresse
955 3811 1077 3888 dicere
1102 3814 1255 3906 lalsum3
1281 3814 1365 3887 dicit
1389 3814 1488 3888 enirn
1513 3815 1613 3908 quod
1644 3815 1760 3889 dulcis

590 3937 773 4033 dispositio
788 3926 824 4029 (l)
838 3934 1013 4029 temporis
1030 3933 1134 4007 verni
1150 3933 1260 4006 dnbnt
1285 3933 1352 4007 sibi
1368 3954 1470 4028 spem
1491 3934 1677 4009 vinoendre
1700 3932 1761 4008 lu·

591 4059 721 4151 surius,
738 4062 776 4129 et
791 4060 916 4129 temen
935 4044 971 4145 (²)
990 4053 1135 4127 videtur
1151 4058 1270 4126 totum
1287 4055 1514 4127 eontrarium
1538 4053 1585 4128 ad
1610 4068 1760 4129 sensum

592 4183 630 4251 et
649 4174 924 4270 experientiam,
936 4173 1024 4267 quia
1041 4172 1175 4246 scilieet
1185 4171 1401 4246 adveniente
1412 4192 1502 4247 vere
1514 4166 1681 4266 omnium
1699 4192 1762 4249 re-

653 4439 684 4503 (¹)
701 4440 730 4490 n
747 4441 823 4490 debet
838 4441 911 4490 milti.
1252 4438 1280 4498 (³)
1296 4437 1328 4488 lt.
1344 4439 1567 4489 detmullnnun.

654 4516 682 4578 (¹)
700 4517 729 4565 E.
746 4517 829 4565 innuit
845 4522 979 4568 eorunm
994 4514 1027 4567 de
1044 4515 1147 4567 lururln
1161 4520 1189 4566 et
1204 4526 1257 4566 non
1273 4515 1305 4565 de
1321 4516 1470 4580 rugini·
1486 4515 1648 4566 intellexisse

654 4593 681 4652 (⁸)
699 4592 728 4640 F„
745 4593 805 4655 quis
821 4595 907 4644 omnis
923 4599 987 4644 tuno
1002 4595 1085 4657 nssgis
1100 4594 1185 4644 sobrie
1200 4597 1227 4642 et
1243 4592 1327 4644 soluts
1344 4597 1452 4655 possum
1466 4592 1575 4644 notius.

655 4667 682 4726 (¹)
700 4668 729 4715 F„
746 4668 888 4716 seeundum
905 4669 955 4718 hoo
972 4683 1031 4719 non.

655 4741 681 4801 (⁸)
697 4741 723 4790 S.
740 4743 783 4791 hic
799 4742 1032 4793 sdrertendnm.·-
1042 4742 1072 4793 E
1089 4743 1131 4795 hie
1147 4744 1277 4796 subtiliter
1294 4746 1489 4796 advertendum.

657 4817 683 4877 (¹)
700 4817 730 4866 E.
747 4817 878 4879 dispositio
893 4818 961 4867 veris
976 4817 1060 4868 debet.
1255 4818 1282 4881 (¹3
1298 4821 1329 4870 ll.
1343 4825 1372 4871 et
1386 4827 1450 4872 tuno
1465 4821 1576 4872 ridetur.

659 4892 685 4952 l'l
702 4892 727 4943 S.
745 4892 864 4942 snimslis
881 4892 1024 4943 rationalis.
1035 4920 1064 4931 -
1075 4893 1105 4943 E
1121 4894 1248 4960 animalis,
1265 4901 1292 4946 et
1308 4897 1383 4948 bruta
1398 4903 1426 4948 et
1440 4897 1519 4948 elin
1533 4896 1692 4962 muln
