3990 6540
827 803 965 860 CANTUS
991 805 1157 861 DEClMUS.
1234 824 1238 831 ·
1502 796 1574 863 359

407 949 652 1042 dextrorsum,
670 970 689 1021 e
707 951 838 1040 yimmo
854 953 953 1022 trever
970 955 1005 1022 lo
1022 971 1157 1041 ntezm,
1175 951 1265 1025 idest
1291 973 1420 1026 versus
1441 974 1575 1048 eorpus

406 1070 559 1145 civitatis
575 1070 671 1143 intra
691 1069 873 1164 medium3
894 1072 949 1145 vel
964 1064 1002 1162 (¹)
1028 1071 1143 1167 tangit
1164 1072 1274 1166 viam,
1287 1078 1575 1167 permanenter,

405 1190 496 1264 idest
520 1208 588 1284 per
612 1211 728 1263 unum
754 1191 868 1264 alium
899 1191 1028 1266 callem
1060 1191 1238 1286 strictum,
1270 1194 1355 1264 clt'a
1384 1214 1457 1266 una
1488 1198 1577 1266 valle

402 1311 494 1404 sede,
519 1309 610 1385 idest
635 1311 698 1405 qui
724 1311 822 1385 callis
847 1311 929 1386 ferit
958 1317 996 1386 et
1031 1310 1202 1385 terminat
1230 1310 1277 1385 ad
1303 1333 1416 1386 unam
1442 1312 1574 1387 vallem

407 1429 574 1524 rubeam,
593 1430 766 1525 foetidam‚
785 1431 928 1526 plenam
947 1431 1135 1528 sanguine.
1155 1431 1256 1507 Unde
1273 1431 1377 1505 dicit:
1395 1434 1467 1525 cte,
1485 1432 1576 1506 idest

406 1569 490 1644 quae
523 1550 637 1645 vallis,
664 1556 767 1647 facea
800 1555 937 1644 spinter
965 1572 1029 1625 suo
1060 1555 1171 1642 lerze,
1202 1551 1293 1627 idest
1326 1573 1436 1625 suum
1467 1553 1575 1626 foeto-

406 1689 485 1743 rem
499 1693 509 1762 3
524 1669 547 1715 *
571 1671 743 1767 legginm
764 1670 874 1764 enim,
892 1672 1095 1765 appellatur
1115 1672 1224 1747 foetor
1245 1672 1440 1747 continuus
1458 1672 1575 1767 qualis

409 1796 464 1863 est
481 1790 589 1863 foetor
607 1791 696 1865 hirei
714 1791 773 1865 vel
788 1791 957 1884 carceris,
985 1790 1066 1865 ideo
1085 1792 1179 1866 hene
1204 1791 1376 1886 competit
1402 1792 1460 1865 hic
1473 1791 1496 1837 *
1511 1784 1573 1883 (²):

405 1911 491 2000 infin
515 1899 551 1982 tt
575 1931 630 2000 su,
656 1910 790 1985 scilieet
815 1911 852 1983 in
877 1911 968 1984 ealle
994 1910 1056 1983 uhi
1083 1931 1243 2005 eramus²
1271 1921 1309 1987 et
1332 1910 1577 1986 descendeba-

407 2050 491 2101 mus
516 2049 645 2103 versus
670 2031 814 2123 vallem,
841 2030 887 2103 de
912 2051 987 2123 qua
1012 2035 1137 2124 postea
1162 2030 1314 2104 dicetur.

1472 2196 1576 2205 —-—-

469 2290 500 2427 ὃς
513 2287 766 2418 ffissffli
783 2368 829 2415 tta
844 2364 879 2417 ed
893 2364 1000 2416 lenem
1015 2368 1115 2429 quun>
1128 2367 1146 2415 ὸ
1159 2378 1294 2429 campreto
1306 2363 1578 2419 frundun-temone
