4154 6546
888 788 1027 841 caurus
1052 786 1181 841 nouos.
1546 774 1615 839 317

449 934 615 1008 homines
627 931 799 1024 affabiles,
812 937 964 1024 astutos,
983 931 1193 1024 rhetoricos,
1212 930 1349 1005 activos
1359 925 1411 1025 (¹),
1424 929 1617 1025 industres,

449 1052 628 1145 sollicitos,
642 1051 769 1143 quales
781 1056 881 1124 recte
893 1057 979 1123 sunt
992 1050 1097 1124 hodie
1110 1050 1307 1142 florentini,
1322 1061 1358 1126 et
1374 1050 1505 1124 dicitur
1519 1052 1616 1125 Deus

450 1178 712 1263 mercatorum,
741 1189 902 1263 quorum
933 1169 1079 1263 proprie
1094 1160 1130 1261 (²)
1158 1175 1317 1242 estesse
1342 1170 1554 1261 eloquentes
1579 1177 1616 1243 et

449 1310 610 1386 sagaces,
635 1298 672 1364 et
703 1289 790 1383 quia
823 1289 860 1362 in
894 1288 1078 1363 mercibus
1110 1287 1389 1362 committuntur
1415 1286 1561 1360 inlinitae
1576 1279 1616 1378 (³)

450 1410 607 1503 fraudes,
638 1409 714 1482 imo
739 1427 973 1501 unaquaeqne
1001 1418 1077 1480 ars
1095 1408 1204 1481 habet
1236 1428 1345 1480 suum
1376 1405 1614 1495 Mercurium3

449 1530 531 1604 ideo
560 1527 825 1624 elegantissime
857 1524 959 1621 lingit
990 1526 1160 1622 Virgilius
1185 1547 1225 1601 se
1250 1548 1323 1600 non
1348 1545 1454 1620 posse
1478 1525 1615 1598 intrare

449 1649 632 1722 civitatem
658 1648 803 1741 plenam
829 1645 1012 1719 fraudium
1039 1647 1117 1719 sine
1140 1645 1332 1738 Mercurio,
1353 1644 1444 1718 idest
1460 1643 1616 1718 inlluen-

450 1767 498 1840 tia
524 1765 743 1841 mercuriali.
769 1765 874 1838 Nunc
898 1764 944 1837 ad
966 1764 1189 1858 propositum
1210 1771 1319 1837 autor
1336 1765 1461 1836 volens
1480 1761 1615 1836 descri-

449 1885 538 1959 bere
562 1873 761 1959 adventum
782 1882 951 1958 llercurii
968 1880 1071 1978 lingit
1087 1902 1127 1956 se
1144 1883 1263 1976 primo
1279 1882 1408 1955 andire
1425 1881 1614 1975 strepitum

450 2024 638 2099 magnum,
656 2010 693 2077 et
712 2001 873 2076 breviter
899 2003 977 2074 vult
1001 2000 1136 2094 dicere,
1154 2000 1253 2095 qnod
1270 2001 1358 2074 dum
1378 2001 1562 2075 daemones
1578 1989 1615 2091 (⁴)

449 2113 495 2196 et'
511 2122 616 2194 luriae
632 2142 718 2195 cnm
735 2122 882 2195 Medusa
899 2121 948 2194 ita
965 2121 1197 2216 insurgerent
1218 2120 1264 2193 ad
1280 2120 1498 2194 obstandum
1516 2121 1549 2194 ei
1564 2111 1615 2212 (⁵),

449 2262 496 2316 ne
509 2242 674 2336 intraret,
684 2241 886 2316 Mercurius
899 2261 945 2314 ex
958 2240 1028 2314 alia
1043 2246 1146 2334 parte
1159 2239 1328 2314 veniebat
1339 2261 1406 2334 pro
1419 2240 1615 2334 aperiendo

448 2360 525 2453 sibi,
544 2360 642 2455 quod
662 2360 842 2434 indicabat
868 2380 964 2432 unus
982 2358 1150 2433 terribilis
1167 2379 1289 2452 sonus,
1308 2358 1393 2451 qnia
1410 2368 1495 2434 ante
1510 2359 1612 2431 illum

449 2477 559 2553 fiebat
583 2479 781 2553 contractio
798 2479 893 2553 aeris
911 2478 1044 2553 taciens
1065 2499 1241 2572 magnum
1267 2486 1460 2572 terrorem,
1478 2479 1571 2552 sicut
1591 2501 1613 2555 a

449 2598 555 2671 simili
584 2598 666 2672 lacit
699 2604 832 2672 ventus
864 2598 1089 2691 impetuosus
1114 2603 1240 2670 contra
1266 2598 1432 2670 llammas
1457 2597 1614 2671 incensae

447 2718 568 2811 sylvae.
595 2716 729 2790 Ordina
753 2717 805 2790 sic
829 2716 985 2809 literam,
1010 2723 1043 2789 et
1065 2737 1113 2788 nn
1126 2718 1290 2809 {recusso
1306 2718 1393 2788 d'nn
1409 2737 1510 2807 mon,
1528 2716 1613 2808 quia

447 2834 648 2909 Mercurius
674 2834 822 2909 veniens
847 2856 913 2929 per
930 2836 1036 2909 otum
1054 2835 1186 2908 vallem
1207 2854 1293 2907 cum
1311 2854 1445 2930 magna
1462 2835 1497 2907 vi
1515 2835 1614 2910 lran-

447 2954 557 3049 gebat
581 2973 729 3048 aquam,
755 2954 848 3028 sicut
872 2954 956 3027 lacit
981 2955 1099 3049 gallea
1124 2953 1271 3046 quaudo
1288 2952 1465 3027 violenter
1482 2954 1614 3048 trangit

446 3092 594 3165 aquam,
607 3075 690 3164 pico
714 3075 753 3145 di
775 3080 954 3165 spnoento,
972 3072 1059 3164 quia
1076 3071 1255 3146 inserebat
1270 3092 1444 3166 pavorem
1462 3073 1615 3146 andien-

447 3191 562 3285 tlhus3
588 3198 626 3265 et
649 3191 735 3266 andi
760 3192 789 3265 si
816 3199 896 3266 erat
922 3212 1055 3286 magna
1082 3191 1263 3276 violentia,
1275 3213 1343 3284 per
1358 3195 1414 3264 cui
1432 3200 1615 3266 cannono

383 3340 389 3349 ’
448 3312 613 3384 ambedue
637 3315 668 3384 le
691 3313 836 3402 monde,
862 3311 997 3385 scilicet
1022 3310 1117 3383 illius
1142 3311 1254 3404 vallis,
1275 3302 1336 3401 pid
1361 3315 1461 3385 venio
1484 3335 1525 3386 su
1545 3335 1613 3406 per

447 3432 479 3501 le
504 3429 635 3502 turbide
660 3433 762 3521 onde,
789 3427 879 3504 idest
903 3450 970 3524 per
986 3450 1101 3521 aquas
1116 3420 1152 3522 (⁶)
1172 3435 1296 3523 turpes
1312 3429 1406 3503 illins
1423 3431 1551 3527 Stygis.
1569 3431 1613 3504 Et

449 3545 507 3620 hic
532 3551 618 3620 nola
643 3547 741 3640 quod
767 3568 832 3641 per
858 3548 968 3621 istum
993 3554 1118 3622 actum
1143 3555 1252 3622 antor
1277 3548 1411 3645 figurat
1436 3571 1609 3646 magnam

447 3665 621 3739 virtutem
639 3672 676 3739 et
692 3667 891 3760 potentiam
905 3627 1115 3740 mirabilenl
1126 3667 1356 3762 eloquentiae,
1374 3690 1457 3761 qnae
1474 3670 1611 3763 rumpit

447 3784 569 3858 omnia
595 3784 774 3858 obstantia
791 3785 869 3879 sihi,
888 3786 962 3859 imo
979 3786 1174 3881 aliquando
1191 3787 1324 3882 frangit
1340 3787 1433 3860 iram
1451 3788 1611 3861 hostium

447 3911 688 3998 armatorum,
705 3904 800 3979 sicut
820 3905 985 3979 Valerius
1003 3913 1129 3980 narrat
1150 3906 1196 3980 de
1216 3906 1370 3980 Antonio
1382 3896 1418 3998 (⁷)
1438 3908 1613 4000 eloquen-

448 4022 586 4096 tissimo
611 4031 771 4117 oratore,
797 4024 861 4118 qui
885 4025 953 4097 luit
976 4046 1069 4098 avus
1093 4026 1237 4099 Antonii
1262 4027 1325 4118 qni
1345 4026 1412 4099 luit
1428 4047 1515 4100 oum
1533 4028 1612 4102 oae-

449 4161 543 4216 sare.
561 4143 652 4217 Nam
670 4155 848 4237 tempore,
866 4165 940 4237 quo
957 4144 1090 4218 Marius
1107 4145 1190 4219 tecit
1211 4166 1362 4241 magnas
1382 4146 1613 4221 crudelitates

447 4260 484 4334 in
503 4262 595 4336 urbe
612 4270 739 4338 contra
759 4264 897 4338 nobiles
916 4265 1087 4339 satellites
1104 4266 1218 4358 illarii,
1236 4265 1381 4339 iverunt
1396 4266 1442 4340 ad
1459 4266 1610 4340 domum

447 4379 602 4474 Antonii,
629 4390 671 4454 nt
695 4384 919 4458 trucidarent
944 4404 1043 4477 eum,
1070 4404 1163 4477 quos
1192 4404 1320 4458 omnes
1353 4385 1529 4459 Antonius
1563 4386 1611 4460 ita

509 4640 538 4703 (¹)
554 4640 584 4689 Β.
601 4646 698 4692 ncntos.
1025 4641 1052 4703 l‘)
1070 4646 1123 4702 tlt,
1141 4641 1278 4704 proprium
1293 4648 1341 4692 est.

507 4715 535 4776 l'l
554 4715 581 4766 S.
596 4719 696 4768 multe.
1028 4718 1055 4779 (⁸)
1071 4717 1102 4767 B.
1118 4717 1248 4768 demones
1264 4731 1325 4767 cum
1341 4719 1456 4772 lleduu.

508 4791 536 4854 (¹)
555 4796 608 4854 llo,
625 4794 664 4844 eis
682 4809 715 4846 ne
731 4797 865 4848 intrarent.
1028 4794 1056 4857 (⁸)
1072 4793 1097 4844 S.
1114 4807 1193 4857 muns
1209 4794 1330 4846 turbidas.

508 4867 535 4929 (’)
556 4869 586 4920 ll.
602 4870 718 4923 Antonio
734 4874 944 4937 eloquentissimo
960 4878 1064 4923 oratore
1079 4871 1125 4934 qni
1141 4869 1190 4921 luit
1206 4884 1265 4920 rum
1281 4871 1387 4923 Caute.
