<?xml version="1.0" encoding="UTF-8"?>
<!DOCTYPE html PUBLIC "-//W3C//DTD XHTML 1.0 Transitional//EN"
    "http://www.w3.org/TR/xhtml1/DTD/xhtml1-transitional.dtd">
<html xmlns="http://www.w3.org/1999/xhtml" xml:lang="en" lang="en">
 <head>
  <title>
</title>
<meta http-equiv="Content-Type" content="text/html;charset=utf-8" />
  <meta name='ocr-system' content='tesseract 3.04.00' />
  <meta name='ocr-capabilities' content='ocr_page ocr_carea ocr_par ocr_line ocrx_word'/>
</head>
<body>
  <div class='ocr_page' id='page_1' title='image "./comentumsuperda00benvgoog_0342.png"; bbox 0 0 4154 6546; ppageno 0'>
   <div class='ocr_carea' id='block_1_1' title="bbox 579 782 1350 864">
    <p class='ocr_par' dir='ltr' id='par_1_1' title="bbox 579 782 1350 864">
     <span class='ocr_line' id='line_1_1' title="bbox 579 782 1350 864; baseline -0.008 -13"><span class='ocrx_word' id='word_1_1' title='bbox 579 782 650 855; x_wconf 81' lang='lat'><strong>292</strong></span> <span class='ocrx_word' id='word_1_2' title='bbox 816 858 820 864; x_wconf 53' lang='grc'><em>,</em></span> <span class='ocrx_word' id='word_1_3' title='bbox 971 790 1175 847; x_wconf 83' lang='lat' dir='ltr'><strong>counnruu</strong></span> <span class='ocrx_word' id='word_1_4' title='bbox 1200 792 1350 845; x_wconf 77' lang='lat' dir='ltr'><strong>monam</strong></span> 
     </span>
    </p>
   </div>
   <div class='ocr_carea' id='block_1_2' title="bbox 577 935 1745 1034">
    <p class='ocr_par' dir='ltr' id='par_1_2' title="bbox 577 935 1745 1034">
     <span class='ocr_line' id='line_1_2' title="bbox 577 935 1745 1034; baseline -0.002 -23"><span class='ocrx_word' id='word_1_5' title='bbox 577 938 768 1034; x_wconf 89' lang='lat' dir='ltr'><strong>desperati,</strong></span> <span class='ocrx_word' id='word_1_6' title='bbox 794 937 1005 1031; x_wconf 81' lang='lat' dir='ltr'>blasphemi,</span> <span class='ocrx_word' id='word_1_7' title='bbox 1023 938 1223 1032; x_wconf 79' lang='lat' dir='ltr'><strong>sodomitae,</strong></span> <span class='ocrx_word' id='word_1_8' title='bbox 1241 937 1411 1031; x_wconf 89' lang='lat' dir='ltr'><strong>usurarii,</strong></span> <span class='ocrx_word' id='word_1_9' title='bbox 1429 935 1661 1029; x_wconf 76' lang='lat' dir='ltr'><strong>fraudulenti,</strong></span> <span class='ocrx_word' id='word_1_10' title='bbox 1680 937 1745 1010; x_wconf 88' lang='lat' dir='ltr'><strong>lal-</strong></span> 
     </span>
    </p>
   </div>
   <div class='ocr_carea' id='block_1_3' title="bbox 567 1055 1836 4372">
    <p class='ocr_par' dir='ltr' id='par_1_3' title="bbox 567 1055 1836 4372">
     <span class='ocr_line' id='line_1_3' title="bbox 577 1055 1745 1151; baseline -0.002 -21"><span class='ocrx_word' id='word_1_11' title='bbox 577 1058 674 1150; x_wconf 90' lang='lat' dir='ltr'><strong>sarii,</strong></span> <span class='ocrx_word' id='word_1_12' title='bbox 701 1056 912 1151; x_wconf 85' lang='lat' dir='ltr'><strong>proditores.</strong></span> <span class='ocrx_word' id='word_1_13' title='bbox 939 1056 1024 1130; x_wconf 91' lang='lat' dir='ltr'><strong>Ideo</strong></span> <span class='ocrx_word' id='word_1_14' title='bbox 1041 1056 1259 1133; x_wconf 88' lang='lat' dir='ltr'><strong>benedicit:</strong></span> <span class='ocrx_word' id='word_1_15' title='bbox 1277 1059 1452 1147; x_wconf 79' lang='lat' dir='ltr'><strong>coipruut</strong></span> <span class='ocrx_word' id='word_1_16' title='bbox 1470 1058 1637 1148; x_wconf 76' lang='lat' dir='ltr'><strong>ctttudini,</strong></span> <span class='ocrx_word' id='word_1_17' title='bbox 1655 1055 1745 1131; x_wconf 85' lang='lat' dir='ltr'><strong>idest</strong></span> 
     </span>
     <span class='ocr_line' id='line_1_4' title="bbox 576 1175 1746 1270; baseline -0.002 -20"><span class='ocrx_word' id='word_1_18' title='bbox 576 1175 761 1251; x_wconf 86' lang='lat' dir='ltr'><strong>sceleratis</strong></span> <span class='ocrx_word' id='word_1_19' title='bbox 786 1175 849 1268; x_wconf 89' lang='lat' dir='ltr'><strong>qui</strong></span> <span class='ocrx_word' id='word_1_20' title='bbox 866 1175 1028 1270; x_wconf 83' lang='lat' dir='ltr'><strong>graviter</strong></span> <span class='ocrx_word' id='word_1_21' title='bbox 1043 1186 1299 1270; x_wconf 85' lang='lat' dir='ltr'><strong>peccaverunt,</strong></span> <span class='ocrx_word' id='word_1_22' title='bbox 1317 1176 1367 1249; x_wconf 87' lang='lat' dir='ltr'><strong>ita</strong></span> <span class='ocrx_word' id='word_1_23' title='bbox 1384 1176 1482 1270; x_wconf 87' lang='lat' dir='ltr'><strong>quod</strong></span> <span class='ocrx_word' id='word_1_24' title='bbox 1503 1175 1643 1270; x_wconf 90' lang='lat' dir='ltr'><strong>pondus</strong></span> <span class='ocrx_word' id='word_1_25' title='bbox 1660 1195 1746 1269; x_wconf 88' lang='lat' dir='ltr'><strong>pec·</strong></span> 
     </span>
     <span class='ocr_line' id='line_1_5' title="bbox 576 1293 1745 1389; baseline -0.002 -21"><span class='ocrx_word' id='word_1_26' title='bbox 576 1303 745 1369; x_wconf 82' lang='lat' dir='ltr'><strong>catorum</strong></span> <span class='ocrx_word' id='word_1_27' title='bbox 761 1293 935 1369; x_wconf 77' lang='lat' dir='ltr'><strong>demersit</strong></span> <span class='ocrx_word' id='word_1_28' title='bbox 950 1313 1014 1368; x_wconf 85' lang='lat' dir='ltr'><strong>eos</strong></span> <span class='ocrx_word' id='word_1_29' title='bbox 1031 1294 1068 1367; x_wconf 95' lang='lat' dir='ltr'><strong>in</strong></span> <span class='ocrx_word' id='word_1_30' title='bbox 1086 1295 1319 1389; x_wconf 82' lang='lat' dir='ltr'><strong>profundum,</strong></span> <span class='ocrx_word' id='word_1_31' title='bbox 1336 1298 1393 1368; x_wconf 83' lang='lat' dir='ltr'><strong>aot</strong></span> <span class='ocrx_word' id='word_1_32' title='bbox 1405 1317 1501 1386; x_wconf 76' lang='lat' dir='ltr'><strong>pron</strong></span> <span class='ocrx_word' id='word_1_33' title='bbox 1517 1297 1642 1386; x_wconf 81' lang='lat' dir='ltr'><strong>stuata,</strong></span> <span class='ocrx_word' id='word_1_34' title='bbox 1655 1294 1745 1369; x_wconf 84' lang='lat' dir='ltr'><strong>idest</strong></span> 
     </span>
     <span class='ocr_line' id='line_1_6' title="bbox 575 1413 1745 1509; baseline 0.002 -23"><span class='ocrx_word' id='word_1_35' title='bbox 575 1413 752 1504; x_wconf 83' lang='lat' dir='ltr'><strong>exercitu,</strong></span> <span class='ocrx_word' id='word_1_36' title='bbox 778 1413 865 1505; x_wconf 89' lang='lat' dir='ltr'><strong>quia</strong></span> <span class='ocrx_word' id='word_1_37' title='bbox 894 1413 952 1487; x_wconf 89' lang='lat' dir='ltr'><strong>hic</strong></span> <span class='ocrx_word' id='word_1_38' title='bbox 981 1419 1036 1487; x_wconf 86' lang='lat' dir='ltr'><strong>est</strong></span> <span class='ocrx_word' id='word_1_39' title='bbox 1070 1414 1265 1491; x_wconf 88' lang='lat' dir='ltr'><strong>multitudo</strong></span> <span class='ocrx_word' id='word_1_40' title='bbox 1298 1435 1495 1490; x_wconf 88' lang='lat' dir='ltr'><strong>numerosa</strong></span> <span class='ocrx_word' id='word_1_41' title='bbox 1526 1435 1591 1509; x_wconf 88' lang='lat' dir='ltr'><strong>per</strong></span> <span class='ocrx_word' id='word_1_42' title='bbox 1625 1415 1745 1488; x_wconf 91' lang='lat' dir='ltr'><strong>varias</strong></span> 
     </span>
     <span class='ocr_line' id='line_1_7' title="bbox 575 1527 1744 1629; baseline -0.002 -20"><span class='ocrx_word' id='word_1_43' title='bbox 575 1532 670 1609; x_wconf 81' lang='lat' dir='ltr'><strong>acies</strong></span> <span class='ocrx_word' id='word_1_44' title='bbox 696 1532 873 1610; x_wconf 77' lang='lat' dir='ltr'><strong>ordinata.</strong></span> <span class='ocrx_word' id='word_1_45' title='bbox 899 1533 961 1605; x_wconf 88' lang='lat' dir='ltr'><strong>Est</strong></span> <span class='ocrx_word' id='word_1_46' title='bbox 986 1532 1084 1606; x_wconf 89' lang='lat' dir='ltr'><strong>enim</strong></span> <span class='ocrx_word' id='word_1_47' title='bbox 1105 1533 1171 1607; x_wconf 91' lang='lat' dir='ltr'><strong>ista</strong></span> <span class='ocrx_word' id='word_1_48' title='bbox 1192 1534 1318 1608; x_wconf 86' lang='lat' dir='ltr'><strong>civitas</strong></span> <span class='ocrx_word' id='word_1_49' title='bbox 1335 1535 1510 1629; x_wconf 90' lang='lat' dir='ltr'><strong>populosa</strong></span> <span class='ocrx_word' id='word_1_50' title='bbox 1526 1527 1562 1626; x_wconf 78' lang='lat'><strong>(¹)</strong></span> <span class='ocrx_word' id='word_1_51' title='bbox 1581 1530 1617 1608; x_wconf 82' lang='lat' dir='ltr'><strong>et</strong></span> <span class='ocrx_word' id='word_1_52' title='bbox 1637 1535 1744 1629; x_wconf 89' lang='lat' dir='ltr'><strong>plena</strong></span> 
     </span>
     <span class='ocr_line' id='line_1_8' title="bbox 575 1651 1745 1747; baseline -0.001 -22"><span class='ocrx_word' id='word_1_53' title='bbox 575 1652 744 1747; x_wconf 80' lang='lat' dir='ltr'><strong>gentibus</strong></span> <span class='ocrx_word' id='word_1_54' title='bbox 770 1653 880 1728; x_wconf 84' lang='lat' dir='ltr'><strong>totius</strong></span> <span class='ocrx_word' id='word_1_55' title='bbox 906 1652 1031 1726; x_wconf 93' lang='lat' dir='ltr'><strong>mundi</strong></span> <span class='ocrx_word' id='word_1_56' title='bbox 1057 1672 1142 1745; x_wconf 85' lang='lat' dir='ltr'><strong>qnae</strong></span> <span class='ocrx_word' id='word_1_57' title='bbox 1166 1653 1328 1726; x_wconf 89' lang='lat' dir='ltr'><strong>habitant</strong></span> <span class='ocrx_word' id='word_1_58' title='bbox 1353 1654 1391 1728; x_wconf 91' lang='lat' dir='ltr'><strong>in</strong></span> <span class='ocrx_word' id='word_1_59' title='bbox 1414 1653 1566 1727; x_wconf 89' lang='lat' dir='ltr'><strong>diversis</strong></span> <span class='ocrx_word' id='word_1_60' title='bbox 1588 1651 1685 1745; x_wconf 91' lang='lat' dir='ltr'><strong>vicis,</strong></span> <span class='ocrx_word' id='word_1_61' title='bbox 1705 1659 1745 1725; x_wconf 92' lang='lat' dir='ltr'><strong>ut</strong></span> 
     </span>
     <span class='ocr_line' id='line_1_9' title="bbox 575 1770 1743 1866; baseline -0.001 -23"><span class='ocrx_word' id='word_1_62' title='bbox 575 1771 709 1863; x_wconf 89' lang='lat' dir='ltr'><strong>patebit</strong></span> <span class='ocrx_word' id='word_1_63' title='bbox 726 1771 763 1845; x_wconf 90' lang='lat' dir='ltr'><strong>in</strong></span> <span class='ocrx_word' id='word_1_64' title='bbox 779 1777 1070 1866; x_wconf 80' lang='lat' dir='ltr'><strong>processu—Et</strong></span> <span class='ocrx_word' id='word_1_65' title='bbox 1083 1775 1129 1844; x_wconf 83' lang='lat' dir='ltr'><strong>io.</strong></span> <span class='ocrx_word' id='word_1_66' title='bbox 1148 1772 1213 1845; x_wconf 88' lang='lat' dir='ltr'><strong>llic</strong></span> <span class='ocrx_word' id='word_1_67' title='bbox 1229 1783 1338 1848; x_wconf 90' lang='lat' dir='ltr'><strong>autor</strong></span> <span class='ocrx_word' id='word_1_68' title='bbox 1355 1771 1454 1866; x_wconf 89' lang='lat' dir='ltr'><strong>ponit</strong></span> <span class='ocrx_word' id='word_1_69' title='bbox 1472 1770 1743 1866; x_wconf 83' lang='lat' dir='ltr'><strong>responsionem</strong></span> 
     </span>
     <span class='ocr_line' id='line_1_10' title="bbox 578 1889 1747 1987; baseline -0.002 -23"><span class='ocrx_word' id='word_1_70' title='bbox 578 1911 683 1964; x_wconf 91' lang='lat' dir='ltr'><strong>suam</strong></span> <span class='ocrx_word' id='word_1_71' title='bbox 710 1890 757 1963; x_wconf 89' lang='lat' dir='ltr'><strong>ad</strong></span> <span class='ocrx_word' id='word_1_72' title='bbox 781 1891 984 1987; x_wconf 83' lang='lat' dir='ltr'><strong>Virgilium,</strong></span> <span class='ocrx_word' id='word_1_73' title='bbox 1011 1891 1146 1985; x_wconf 90' lang='lat' dir='ltr'><strong>inqua</strong></span> <span class='ocrx_word' id='word_1_74' title='bbox 1172 1892 1364 1986; x_wconf 85' lang='lat' dir='ltr'><strong>profitetur</strong></span> <span class='ocrx_word' id='word_1_75' title='bbox 1389 1912 1429 1966; x_wconf 89' lang='lat' dir='ltr'><strong>se</strong></span> <span class='ocrx_word' id='word_1_76' title='bbox 1454 1891 1527 1964; x_wconf 92' lang='lat' dir='ltr'><strong>iam</strong></span> <span class='ocrx_word' id='word_1_77' title='bbox 1554 1889 1680 1964; x_wconf 89' lang='lat' dir='ltr'><strong>videre</strong></span> <span class='ocrx_word' id='word_1_78' title='bbox 1697 1889 1747 1964; x_wconf 93' lang='lat' dir='ltr'><strong>si-</strong></span> 
     </span>
     <span class='ocr_line' id='line_1_11' title="bbox 574 2009 1745 2105; baseline -0.002 -23"><span class='ocrx_word' id='word_1_79' title='bbox 574 2030 647 2103; x_wconf 83' lang='lat' dir='ltr'><strong>gna</strong></span> <span class='ocrx_word' id='word_1_80' title='bbox 665 2009 924 2102; x_wconf 81' lang='lat' dir='ltr'><strong>praetendentia</strong></span> <span class='ocrx_word' id='word_1_81' title='bbox 941 2010 1067 2105; x_wconf 89' lang='lat' dir='ltr'><strong>ipsam.</strong></span> <span class='ocrx_word' id='word_1_82' title='bbox 1086 2010 1188 2086; x_wconf 85' lang='lat' dir='ltr'>Unde</span> <span class='ocrx_word' id='word_1_83' title='bbox 1203 2010 1310 2087; x_wconf 86' lang='lat' dir='ltr'><strong>dicit:</strong></span> <span class='ocrx_word' id='word_1_84' title='bbox 1328 2016 1373 2082; x_wconf 82' lang='lat' dir='ltr'><strong>nt</strong></span> <span class='ocrx_word' id='word_1_85' title='bbox 1386 2013 1434 2101; x_wconf 80' lang='lat' dir='ltr'><strong>te,</strong></span> <span class='ocrx_word' id='word_1_86' title='bbox 1452 2009 1542 2083; x_wconf 88' lang='lat' dir='ltr'><strong>idest</strong></span> <span class='ocrx_word' id='word_1_87' title='bbox 1559 2028 1629 2103; x_wconf 82' lang='lat' dir='ltr'><strong>ego</strong></span> <span class='ocrx_word' id='word_1_88' title='bbox 1647 2009 1745 2081; x_wconf 87' lang='lat' dir='ltr'><strong>Dan-</strong></span> 
     </span>
     <span class='ocr_line' id='line_1_12' title="bbox 574 2121 1836 2230; baseline 0.002 -30"><span class='ocrx_word' id='word_1_89' title='bbox 574 2135 628 2202; x_wconf 84' lang='lat' dir='ltr'><strong>tes</strong></span> <span class='ocrx_word' id='word_1_90' title='bbox 652 2128 746 2202; x_wconf 87' lang='lat' dir='ltr'><strong>dixi:</strong></span> <span class='ocrx_word' id='word_1_91' title='bbox 773 2134 940 2220; x_wconf 71' lang='lat' dir='ltr'><strong>Marsua,</strong></span> <span class='ocrx_word' id='word_1_92' title='bbox 965 2129 1067 2223; x_wconf 81' lang='lat' dir='ltr'><strong>idest,</strong></span> <span class='ocrx_word' id='word_1_93' title='bbox 1092 2151 1116 2204; x_wconf 92' lang='lat' dir='ltr'><strong>o</strong></span> <span class='ocrx_word' id='word_1_94' title='bbox 1141 2130 1276 2225; x_wconf 88' lang='lat' dir='ltr'><strong>Virgili,</strong></span> <span class='ocrx_word' id='word_1_95' title='bbox 1306 2130 1481 2226; x_wconf 83' lang='lat' dir='ltr'><strong>magister</strong></span> <span class='ocrx_word' id='word_1_96' title='bbox 1506 2130 1556 2202; x_wconf 95' lang='lat' dir='ltr'><strong>mi</strong></span> <span class='ocrx_word' id='word_1_97' title='bbox 1571 2121 1622 2221; x_wconf 79' lang='lat'><strong>(¹),</strong></span> <span class='ocrx_word' id='word_1_98' title='bbox 1654 2148 1742 2202; x_wconf 83' lang='lat' dir='ltr'><strong>vere</strong></span> <span class='ocrx_word' id='word_1_99' title='bbox 1829 2218 1836 2230; x_wconf 36' lang='lat'><strong>·</strong></span> 
     </span>
     <span class='ocr_line' id='line_1_13' title="bbox 575 2240 1742 2343; baseline 0.001 -22"><span class='ocrx_word' id='word_1_100' title='bbox 575 2247 707 2321; x_wconf 89' lang='lat' dir='ltr'><strong>videris</strong></span> <span class='ocrx_word' id='word_1_101' title='bbox 734 2249 821 2321; x_wconf 85' lang='lat' dir='ltr'><strong>mini</strong></span> <span class='ocrx_word' id='word_1_102' title='bbox 846 2249 969 2324; x_wconf 89' lang='lat' dir='ltr'><strong>dicere</strong></span> <span class='ocrx_word' id='word_1_103' title='bbox 993 2270 1123 2327; x_wconf 81' lang='lat' dir='ltr'><strong>vcmm</strong></span> <span class='ocrx_word' id='word_1_104' title='bbox 1141 2241 1191 2343; x_wconf 80' lang='lat'><strong>(³),</strong></span> <span class='ocrx_word' id='word_1_105' title='bbox 1216 2240 1277 2340; x_wconf 71' lang='lat' dir='ltr'><strong>pat</strong></span> <span class='ocrx_word' id='word_1_106' title='bbox 1300 2257 1407 2338; x_wconf 83' lang='lat' dir='ltr'><strong>certo,</strong></span> <span class='ocrx_word' id='word_1_107' title='bbox 1432 2249 1523 2324; x_wconf 78' lang='lat' dir='ltr'><strong>idest</strong></span> <span class='ocrx_word' id='word_1_108' title='bbox 1547 2255 1648 2323; x_wconf 90' lang='lat' dir='ltr'><strong>certe</strong></span> <span class='ocrx_word' id='word_1_109' title='bbox 1665 2248 1742 2322; x_wconf 90' lang='lat' dir='ltr'><strong>sine</strong></span> 
     </span>
     <span class='ocr_line' id='line_1_14' title="bbox 576 2366 1742 2463; baseline 0.001 -25"><span class='ocrx_word' id='word_1_110' title='bbox 576 2366 699 2459; x_wconf 89' lang='lat' dir='ltr'><strong>dubio,</strong></span> <span class='ocrx_word' id='word_1_111' title='bbox 724 2388 843 2458; x_wconf 70' lang='lat' dir='ltr'><strong>caan,</strong></span> <span class='ocrx_word' id='word_1_112' title='bbox 869 2368 960 2442; x_wconf 89' lang='lat' dir='ltr'><strong>idest</strong></span> <span class='ocrx_word' id='word_1_113' title='bbox 984 2369 1204 2444; x_wconf 81' lang='lat' dir='ltr'><strong>discernuat</strong></span> <span class='ocrx_word' id='word_1_114' title='bbox 1224 2368 1505 2463; x_wconf 80' lang='lat' dir='ltr'><strong>comprehendo,</strong></span> <span class='ocrx_word' id='word_1_115' title='bbox 1531 2372 1562 2441; x_wconf 84' lang='lat' dir='ltr'><strong>te</strong></span> <span class='ocrx_word' id='word_1_116' title='bbox 1585 2390 1646 2441; x_wconf 83' lang='lat' dir='ltr'><strong>sue</strong></span> <span class='ocrx_word' id='word_1_117' title='bbox 1669 2389 1742 2439; x_wconf 81' lang='lat' dir='ltr'><strong>nte-</strong></span> 
     </span>
     <span class='ocr_line' id='line_1_15' title="bbox 576 2475 1740 2583; baseline 0.003 -26"><span class='ocrx_word' id='word_1_118' title='bbox 576 2488 678 2558; x_wconf 73' lang='lat' dir='ltr'><strong>solite</strong></span> <span class='ocrx_word' id='word_1_119' title='bbox 693 2475 742 2577; x_wconf 54' lang='grc' dir='ltr'><strong>(ἢ.</strong></span> <span class='ocrx_word' id='word_1_120' title='bbox 769 2489 812 2564; x_wconf 87' lang='lat' dir='ltr'><strong>Et</strong></span> <span class='ocrx_word' id='word_1_121' title='bbox 836 2488 895 2561; x_wconf 90' lang='lat' dir='ltr'><strong>hic</strong></span> <span class='ocrx_word' id='word_1_122' title='bbox 919 2499 1004 2563; x_wconf 86' lang='lat' dir='ltr'><strong>nota</strong></span> <span class='ocrx_word' id='word_1_123' title='bbox 1029 2488 1127 2583; x_wconf 86' lang='lat' dir='ltr'><strong>quod</strong></span> <span class='ocrx_word' id='word_1_124' title='bbox 1153 2489 1229 2562; x_wconf 84' lang='lat' dir='ltr'><strong>istae</strong></span> <span class='ocrx_word' id='word_1_125' title='bbox 1258 2488 1425 2563; x_wconf 65' lang='lat' dir='ltr'><strong>Ecclesia}</strong></span> <span class='ocrx_word' id='word_1_126' title='bbox 1457 2495 1542 2562; x_wconf 90' lang='lat' dir='ltr'><strong>sunt</strong></span> <span class='ocrx_word' id='word_1_127' title='bbox 1573 2488 1740 2582; x_wconf 87' lang='lat' dir='ltr'><strong>sepulcra</strong></span> 
     </span>
     <span class='ocr_line' id='line_1_16' title="bbox 576 2606 1738 2701; baseline 0 -22"><span class='ocrx_word' id='word_1_128' title='bbox 576 2606 833 2680; x_wconf 73' lang='lat' dir='ltr'><strong>haereticorum</strong></span> <span class='ocrx_word' id='word_1_129' title='bbox 860 2608 922 2701; x_wconf 92' lang='lat' dir='ltr'><strong>qui</strong></span> <span class='ocrx_word' id='word_1_130' title='bbox 940 2607 1144 2701; x_wconf 89' lang='lat' dir='ltr'><strong>puniuntur</strong></span> <span class='ocrx_word' id='word_1_131' title='bbox 1159 2608 1262 2681; x_wconf 82' lang='lat' dir='ltr'><strong>iuxta</strong></span> <span class='ocrx_word' id='word_1_132' title='bbox 1279 2607 1415 2681; x_wconf 86' lang='lat' dir='ltr'><strong>moenia</strong></span> <span class='ocrx_word' id='word_1_133' title='bbox 1432 2627 1627 2680; x_wconf 89' lang='lat' dir='ltr'><strong>murorum</strong></span> <span class='ocrx_word' id='word_1_134' title='bbox 1644 2606 1738 2682; x_wconf 91' lang='lat' dir='ltr'><strong>intra</strong></span> 
     </span>
     <span class='ocr_line' id='line_1_17' title="bbox 576 2722 1740 2818; baseline 0.002 -20"><span class='ocrx_word' id='word_1_135' title='bbox 576 2722 769 2801; x_wconf 86' lang='lat' dir='ltr'><strong>civitatem.</strong></span> <span class='ocrx_word' id='word_1_136' title='bbox 796 2726 897 2801; x_wconf 84' lang='lat' dir='ltr'><strong>Sicut</strong></span> <span class='ocrx_word' id='word_1_137' title='bbox 920 2726 1019 2800; x_wconf 83' lang='lat' dir='ltr'><strong>enim</strong></span> <span class='ocrx_word' id='word_1_138' title='bbox 1043 2725 1173 2802; x_wconf 88' lang='lat' dir='ltr'><strong>accidit</strong></span> <span class='ocrx_word' id='word_1_139' title='bbox 1196 2726 1234 2799; x_wconf 95' lang='lat' dir='ltr'><strong>in</strong></span> <span class='ocrx_word' id='word_1_140' title='bbox 1260 2725 1398 2799; x_wconf 89' lang='lat' dir='ltr'><strong>mundo</strong></span> <span class='ocrx_word' id='word_1_141' title='bbox 1424 2726 1502 2818; x_wconf 89' lang='lat' dir='ltr'><strong>isto,</strong></span> <span class='ocrx_word' id='word_1_142' title='bbox 1520 2724 1619 2818; x_wconf 84' lang='lat' dir='ltr'><strong>qnod</strong></span> <span class='ocrx_word' id='word_1_143' title='bbox 1633 2745 1740 2800; x_wconf 84' lang='lat' dir='ltr'><strong>acce—</strong></span> 
     </span>
     <span class='ocr_line' id='line_1_18' title="bbox 574 2842 1740 2941; baseline 0.004 -27"><span class='ocrx_word' id='word_1_144' title='bbox 574 2842 701 2919; x_wconf 86' lang='lat' dir='ltr'><strong>dentes</strong></span> <span class='ocrx_word' id='word_1_145' title='bbox 726 2845 772 2918; x_wconf 92' lang='lat' dir='ltr'><strong>ad</strong></span> <span class='ocrx_word' id='word_1_146' title='bbox 797 2845 958 2940; x_wconf 88' lang='lat' dir='ltr'><strong>aliquam</strong></span> <span class='ocrx_word' id='word_1_147' title='bbox 984 2855 1122 2922; x_wconf 84' lang='lat' dir='ltr'><strong>terram</strong></span> <span class='ocrx_word' id='word_1_148' title='bbox 1153 2845 1272 2940; x_wconf 89' lang='lat' dir='ltr'><strong>primo</strong></span> <span class='ocrx_word' id='word_1_149' title='bbox 1293 2846 1410 2921; x_wconf 90' lang='lat' dir='ltr'><strong>solent</strong></span> <span class='ocrx_word' id='word_1_150' title='bbox 1435 2845 1560 2920; x_wconf 88' lang='lat' dir='ltr'><strong>videre</strong></span> <span class='ocrx_word' id='word_1_151' title='bbox 1584 2865 1607 2920; x_wconf 90' lang='lat' dir='ltr'><strong>a</strong></span> <span class='ocrx_word' id='word_1_152' title='bbox 1632 2847 1740 2941; x_wconf 83' lang='lat' dir='ltr'><strong>longe</strong></span> 
     </span>
     <span class='ocr_line' id='line_1_19' title="bbox 573 2965 1741 3060; baseline 0.003 -25"><span class='ocrx_word' id='word_1_153' title='bbox 573 2965 707 3057; x_wconf 87' lang='lat' dir='ltr'><strong>templa</strong></span> <span class='ocrx_word' id='word_1_154' title='bbox 725 2985 808 3057; x_wconf 84' lang='lat' dir='ltr'><strong>quae</strong></span> <span class='ocrx_word' id='word_1_155' title='bbox 825 2966 1071 3040; x_wconf 89' lang='lat' dir='ltr'><strong>communiter</strong></span> <span class='ocrx_word' id='word_1_156' title='bbox 1089 2971 1173 3039; x_wconf 89' lang='lat' dir='ltr'><strong>sunt</strong></span> <span class='ocrx_word' id='word_1_157' title='bbox 1189 2967 1262 3040; x_wconf 87' lang='lat' dir='ltr'><strong>alta</strong></span> <span class='ocrx_word' id='word_1_158' title='bbox 1279 2976 1317 3043; x_wconf 91' lang='lat' dir='ltr'><strong>et</strong></span> <span class='ocrx_word' id='word_1_159' title='bbox 1335 2966 1557 3060; x_wconf 84' lang='lat' dir='ltr'><strong>apparentia,</strong></span> <span class='ocrx_word' id='word_1_160' title='bbox 1576 2965 1625 3041; x_wconf 89' lang='lat' dir='ltr'><strong>ita</strong></span> <span class='ocrx_word' id='word_1_161' title='bbox 1644 2984 1741 3039; x_wconf 87' lang='lat' dir='ltr'><strong>nunc</strong></span> 
     </span>
     <span class='ocr_line' id='line_1_20' title="bbox 571 3083 1739 3178; baseline -0.002 -21"><span class='ocrx_word' id='word_1_162' title='bbox 571 3083 628 3157; x_wconf 88' lang='lat' dir='ltr'><strong>isti</strong></span> <span class='ocrx_word' id='word_1_163' title='bbox 653 3084 867 3159; x_wconf 88' lang='lat' dir='ltr'><strong>accedentes</strong></span> <span class='ocrx_word' id='word_1_164' title='bbox 891 3085 937 3159; x_wconf 91' lang='lat' dir='ltr'><strong>ad</strong></span> <span class='ocrx_word' id='word_1_165' title='bbox 963 3085 1069 3159; x_wconf 89' lang='lat' dir='ltr'><strong>istam</strong></span> <span class='ocrx_word' id='word_1_166' title='bbox 1096 3085 1278 3160; x_wconf 87' lang='lat' dir='ltr'><strong>civitatem</strong></span> <span class='ocrx_word' id='word_1_167' title='bbox 1303 3085 1517 3162; x_wconf 81' lang='lat' dir='ltr'><strong>infernalem</strong></span> <span class='ocrx_word' id='word_1_168' title='bbox 1545 3084 1662 3178; x_wconf 91' lang='lat' dir='ltr'><strong>primo</strong></span> <span class='ocrx_word' id='word_1_169' title='bbox 1684 3083 1739 3156; x_wconf 91' lang='lat' dir='ltr'><strong>vi-</strong></span> 
     </span>
     <span class='ocr_line' id='line_1_21' title="bbox 571 3201 1736 3299; baseline -0.004 -19"><span class='ocrx_word' id='word_1_170' title='bbox 571 3201 657 3280; x_wconf 85' lang='lat' dir='ltr'><strong>dent</strong></span> <span class='ocrx_word' id='word_1_171' title='bbox 679 3204 823 3296; x_wconf 83' lang='lat' dir='ltr'><strong>templa,</strong></span> <span class='ocrx_word' id='word_1_172' title='bbox 842 3203 931 3278; x_wconf 81' lang='lat' dir='ltr'><strong>idest</strong></span> <span class='ocrx_word' id='word_1_173' title='bbox 947 3205 1116 3298; x_wconf 88' lang='lat' dir='ltr'><strong>sepulcra</strong></span> <span class='ocrx_word' id='word_1_174' title='bbox 1132 3202 1402 3297; x_wconf 72' lang='lat' dir='ltr'><strong>hereticorum,</strong></span> <span class='ocrx_word' id='word_1_175' title='bbox 1421 3223 1505 3299; x_wconf 85' lang='lat' dir='ltr'><strong>quae</strong></span> <span class='ocrx_word' id='word_1_176' title='bbox 1521 3203 1567 3277; x_wconf 90' lang='lat' dir='ltr'><strong>ad</strong></span> <span class='ocrx_word' id='word_1_177' title='bbox 1586 3203 1736 3277; x_wconf 86' lang='lat' dir='ltr'><strong>modum</strong></span> 
     </span>
     <span class='ocr_line' id='line_1_22' title="bbox 573 3323 1739 3419; baseline 0.001 -24"><span class='ocrx_word' id='word_1_178' title='bbox 573 3323 794 3416; x_wconf 86' lang='lat' dir='ltr'><strong>templorum</strong></span> <span class='ocrx_word' id='word_1_179' title='bbox 820 3325 1044 3419; x_wconf 86' lang='lat' dir='ltr'><strong>apparebant</strong></span> <span class='ocrx_word' id='word_1_180' title='bbox 1069 3324 1106 3397; x_wconf 92' lang='lat' dir='ltr'><strong>in</strong></span> <span class='ocrx_word' id='word_1_181' title='bbox 1130 3345 1230 3419; x_wconf 86' lang='lat' dir='ltr'><strong>aere,</strong></span> <span class='ocrx_word' id='word_1_182' title='bbox 1248 3324 1333 3419; x_wconf 89' lang='lat' dir='ltr'><strong>quia</strong></span> <span class='ocrx_word' id='word_1_183' title='bbox 1358 3344 1489 3399; x_wconf 90' lang='lat' dir='ltr'><strong>eorum</strong></span> <span class='ocrx_word' id='word_1_184' title='bbox 1510 3324 1739 3418; x_wconf 85' lang='lat' dir='ltr'><strong>coopertoria</strong></span> 
     </span>
     <span class='ocr_line' id='line_1_23' title="bbox 573 3442 1738 3537; baseline 0.004 -24"><span class='ocrx_word' id='word_1_185' title='bbox 573 3449 658 3514; x_wconf 90' lang='lat' dir='ltr'><strong>sunt</strong></span> <span class='ocrx_word' id='word_1_186' title='bbox 684 3462 858 3536; x_wconf 88' lang='lat' dir='ltr'><strong>suspensa</strong></span> <span class='ocrx_word' id='word_1_187' title='bbox 884 3443 920 3516; x_wconf 94' lang='lat' dir='ltr'><strong>in</strong></span> <span class='ocrx_word' id='word_1_188' title='bbox 945 3444 1030 3537; x_wconf 90' lang='lat' dir='ltr'><strong>alto,</strong></span> <span class='ocrx_word' id='word_1_189' title='bbox 1055 3449 1092 3517; x_wconf 89' lang='lat' dir='ltr'><strong>et</strong></span> <span class='ocrx_word' id='word_1_190' title='bbox 1117 3442 1287 3517; x_wconf 89' lang='lat' dir='ltr'><strong>videntur</strong></span> <span class='ocrx_word' id='word_1_191' title='bbox 1311 3442 1349 3517; x_wconf 93' lang='lat' dir='ltr'><strong>in</strong></span> <span class='ocrx_word' id='word_1_192' title='bbox 1374 3443 1492 3517; x_wconf 88' lang='lat' dir='ltr'><strong>lorma</strong></span> <span class='ocrx_word' id='word_1_193' title='bbox 1518 3444 1622 3536; x_wconf 90' lang='lat' dir='ltr'><strong>quasi</strong></span> <span class='ocrx_word' id='word_1_194' title='bbox 1643 3450 1738 3518; x_wconf 89' lang='lat' dir='ltr'><strong>tecta</strong></span> 
     </span>
     <span class='ocr_line' id='line_1_24' title="bbox 574 3561 1738 3657; baseline 0.001 -24"><span class='ocrx_word' id='word_1_195' title='bbox 574 3561 820 3635; x_wconf 86' lang='lat' dir='ltr'><strong>Ecclesiarum</strong></span> <span class='ocrx_word' id='word_1_196' title='bbox 837 3569 945 3636; x_wconf 87' lang='lat' dir='ltr'><strong>acuta</strong></span> <span class='ocrx_word' id='word_1_197' title='bbox 971 3562 1007 3636; x_wconf 93' lang='lat' dir='ltr'><strong>in</strong></span> <span class='ocrx_word' id='word_1_198' title='bbox 1034 3562 1164 3637; x_wconf 88' lang='lat' dir='ltr'><strong>medio.</strong></span> <span class='ocrx_word' id='word_1_199' title='bbox 1187 3564 1278 3636; x_wconf 90' lang='lat' dir='ltr'><strong>Nota</strong></span> <span class='ocrx_word' id='word_1_200' title='bbox 1295 3562 1404 3637; x_wconf 89' lang='lat' dir='ltr'><strong>etiam</strong></span> <span class='ocrx_word' id='word_1_201' title='bbox 1421 3563 1521 3657; x_wconf 86' lang='lat' dir='ltr'><strong>quod</strong></span> <span class='ocrx_word' id='word_1_202' title='bbox 1537 3570 1647 3638; x_wconf 89' lang='lat' dir='ltr'><strong>antor</strong></span> <span class='ocrx_word' id='word_1_203' title='bbox 1664 3562 1738 3634; x_wconf 92' lang='lat' dir='ltr'><strong>uti-</strong></span> 
     </span>
     <span class='ocr_line' id='line_1_25' title="bbox 572 3672 1735 3773; baseline 0 -21"><span class='ocrx_word' id='word_1_204' title='bbox 572 3685 634 3753; x_wconf 90' lang='lat' dir='ltr'><strong>tur</strong></span> <span class='ocrx_word' id='word_1_205' title='bbox 659 3681 839 3755; x_wconf 88' lang='lat' dir='ltr'><strong>vocabulo</strong></span> <span class='ocrx_word' id='word_1_206' title='bbox 864 3682 1073 3756; x_wconf 86' lang='lat' dir='ltr'><strong>saracenico</strong></span> <span class='ocrx_word' id='word_1_207' title='bbox 1089 3672 1144 3773; x_wconf 77' lang='lat' dir='ltr'><strong>(⁵l3</strong></span> <span class='ocrx_word' id='word_1_208' title='bbox 1171 3702 1256 3754; x_wconf 91' lang='lat' dir='ltr'><strong>nam</strong></span> <span class='ocrx_word' id='word_1_209' title='bbox 1281 3680 1450 3755; x_wconf 73' lang='lat' dir='ltr'><strong>Enniana</strong></span> <span class='ocrx_word' id='word_1_210' title='bbox 1475 3681 1735 3755; x_wconf 68' lang='lat' dir='ltr'><strong>haereticorum</strong></span> 
     </span>
     <span class='ocr_line' id='line_1_26' title="bbox 570 3798 1736 3894; baseline -0.001 -21"><span class='ocrx_word' id='word_1_211' title='bbox 570 3819 641 3874; x_wconf 90' lang='lat' dir='ltr'><strong>non</strong></span> <span class='ocrx_word' id='word_1_212' title='bbox 656 3806 806 3893; x_wconf 90' lang='lat' dir='ltr'><strong>possunt</strong></span> <span class='ocrx_word' id='word_1_213' title='bbox 820 3800 888 3874; x_wconf 92' lang='lat' dir='ltr'><strong>dici</strong></span> <span class='ocrx_word' id='word_1_214' title='bbox 902 3801 1080 3875; x_wconf 66' lang='lat' dir='ltr'><strong>Ecclesiae.</strong></span> <span class='ocrx_word' id='word_1_215' title='bbox 1095 3798 1199 3874; x_wconf 85' lang='lat' dir='ltr'><strong>Ponit</strong></span> <span class='ocrx_word' id='word_1_216' title='bbox 1211 3798 1321 3874; x_wconf 87' lang='lat' dir='ltr'><strong>etiam</strong></span> <span class='ocrx_word' id='word_1_217' title='bbox 1340 3799 1416 3894; x_wconf 87' lang='lat' dir='ltr'><strong>ipsa</strong></span> <span class='ocrx_word' id='word_1_218' title='bbox 1432 3800 1599 3894; x_wconf 85' lang='lat' dir='ltr'><strong>sepulcra</strong></span> <span class='ocrx_word' id='word_1_219' title='bbox 1616 3800 1736 3874; x_wconf 85' lang='lat' dir='ltr'><strong>haere-</strong></span> 
     </span>
     <span class='ocr_line' id='line_1_27' title="bbox 570 3918 1735 4013; baseline 0 -22"><span class='ocrx_word' id='word_1_220' title='bbox 570 3919 727 3992; x_wconf 91' lang='lat' dir='ltr'><strong>ticorum</strong></span> <span class='ocrx_word' id='word_1_221' title='bbox 754 3920 856 3993; x_wconf 80' lang='lat' dir='ltr'><strong>iuxta</strong></span> <span class='ocrx_word' id='word_1_222' title='bbox 882 3926 1049 3994; x_wconf 86' lang='lat' dir='ltr'><strong>extrema</strong></span> <span class='ocrx_word' id='word_1_223' title='bbox 1074 3919 1229 4013; x_wconf 87' lang='lat' dir='ltr'><strong>seposita</strong></span> <span class='ocrx_word' id='word_1_224' title='bbox 1255 3938 1278 3993; x_wconf 94' lang='lat' dir='ltr'><strong>a</strong></span> <span class='ocrx_word' id='word_1_225' title='bbox 1301 3925 1378 3993; x_wconf 88' lang='lat' dir='ltr'><strong>toto</strong></span> <span class='ocrx_word' id='word_1_226' title='bbox 1400 3938 1555 4013; x_wconf 86' lang='lat' dir='ltr'><strong>corpore</strong></span> <span class='ocrx_word' id='word_1_227' title='bbox 1571 3918 1735 4010; x_wconf 84' lang='lat' dir='ltr'><strong>civitatis,</strong></span> 
     </span>
     <span class='ocr_line' id='line_1_28' title="bbox 570 4027 1737 4132; baseline 0.001 -24"><span class='ocrx_word' id='word_1_228' title='bbox 570 4036 656 4127; x_wconf 84' lang='lat' dir='ltr'><strong>quia</strong></span> <span class='ocrx_word' id='word_1_229' title='bbox 673 4039 936 4113; x_wconf 78' lang='lat' dir='ltr'><strong>conventiculae</strong></span> <span class='ocrx_word' id='word_1_230' title='bbox 955 4038 1214 4112; x_wconf 84' lang='lat' dir='ltr'><strong>haereticorum</strong></span> <span class='ocrx_word' id='word_1_231' title='bbox 1234 4043 1319 4111; x_wconf 91' lang='lat' dir='ltr'><strong>sunt</strong></span> <span class='ocrx_word' id='word_1_232' title='bbox 1335 4039 1438 4132; x_wconf 83' lang='lat' dir='ltr'><strong>tales,</strong></span> <span class='ocrx_word' id='word_1_233' title='bbox 1450 4037 1549 4131; x_wconf 88' lang='lat' dir='ltr'><strong>quod</strong></span> <span class='ocrx_word' id='word_1_234' title='bbox 1565 4027 1601 4130; x_wconf 75' lang='lat'><strong>(⁶)</strong></span> <span class='ocrx_word' id='word_1_235' title='bbox 1620 4036 1737 4113; x_wconf 84' lang='lat' dir='ltr'><strong>vitant</strong></span> 
     </span>
     <span class='ocr_line' id='line_1_29' title="bbox 568 4157 1739 4252; baseline 0.002 -23"><span class='ocrx_word' id='word_1_236' title='bbox 568 4157 751 4232; x_wconf 87' lang='lat' dir='ltr'><strong>consortia</strong></span> <span class='ocrx_word' id='word_1_237' title='bbox 776 4157 946 4231; x_wconf 89' lang='lat' dir='ltr'><strong>aliorum.</strong></span> <span class='ocrx_word' id='word_1_238' title='bbox 972 4158 1016 4230; x_wconf 86' lang='lat' dir='ltr'><strong>Et</strong></span> <span class='ocrx_word' id='word_1_239' title='bbox 1043 4157 1156 4252; x_wconf 81' lang='lat' dir='ltr'><strong>tangit</strong></span> <span class='ocrx_word' id='word_1_240' title='bbox 1187 4157 1345 4231; x_wconf 79' lang='lat' dir='ltr'><strong>sormam</strong></span> <span class='ocrx_word' id='word_1_241' title='bbox 1378 4177 1496 4251; x_wconf 83' lang='lat' dir='ltr'><strong>poenae</strong></span> <span class='ocrx_word' id='word_1_242' title='bbox 1527 4157 1683 4232; x_wconf 80' lang='lat' dir='ltr'><strong>istmum</strong></span> <span class='ocrx_word' id='word_1_243' title='bbox 1717 4179 1739 4231; x_wconf 91' lang='lat' dir='ltr'><strong>a</strong></span> 
     </span>
     <span class='ocr_line' id='line_1_30' title="bbox 567 4277 1738 4372; baseline 0.001 -23"><span class='ocrx_word' id='word_1_244' title='bbox 567 4297 642 4369; x_wconf 82' lang='lat' dir='ltr'><strong>qua</strong></span> <span class='ocrx_word' id='word_1_245' title='bbox 658 4277 877 4372; x_wconf 88' lang='lat' dir='ltr'><strong>procedebat</strong></span> <span class='ocrx_word' id='word_1_246' title='bbox 894 4277 952 4351; x_wconf 91' lang='lat' dir='ltr'><strong>ille</strong></span> <span class='ocrx_word' id='word_1_247' title='bbox 969 4277 1083 4370; x_wconf 91' lang='lat' dir='ltr'><strong>dolor,</strong></span> <span class='ocrx_word' id='word_1_248' title='bbox 1102 4277 1189 4370; x_wconf 89' lang='lat' dir='ltr'><strong>quia</strong></span> <span class='ocrx_word' id='word_1_249' title='bbox 1206 4277 1341 4351; x_wconf 89' lang='lat' dir='ltr'><strong>scilicet</strong></span> <span class='ocrx_word' id='word_1_250' title='bbox 1365 4277 1569 4372; x_wconf 93' lang='lat' dir='ltr'><strong>puniuntur</strong></span> <span class='ocrx_word' id='word_1_251' title='bbox 1586 4277 1624 4351; x_wconf 94' lang='lat' dir='ltr'><strong>in</strong></span> <span class='ocrx_word' id='word_1_252' title='bbox 1642 4277 1738 4372; x_wconf 80' lang='lat' dir='ltr'><strong>igne,</strong></span> 
     </span>
    </p>
   </div>
   <div class='ocr_carea' id='block_1_4' title="bbox 567 4395 1840 4490">
    <p class='ocr_par' dir='ltr' id='par_1_4' title="bbox 567 4395 1840 4490">
     <span class='ocr_line' id='line_1_31' title="bbox 567 4395 1840 4490; baseline -0.002 -20"><span class='ocrx_word' id='word_1_253' title='bbox 567 4395 666 4471; x_wconf 89' lang='lat' dir='ltr'><strong>unde</strong></span> <span class='ocrx_word' id='word_1_254' title='bbox 690 4397 797 4471; x_wconf 88' lang='lat' dir='ltr'><strong>dicit:</strong></span> <span class='ocrx_word' id='word_1_255' title='bbox 825 4399 1001 4486; x_wconf 73' lang='lat' dir='ltr'><strong>compto</strong></span> <span class='ocrx_word' id='word_1_256' title='bbox 1025 4417 1120 4468; x_wconf 84' lang='lat' dir='ltr'><strong>come</strong></span> <span class='ocrx_word' id='word_1_257' title='bbox 1142 4400 1259 4490; x_wconf 76' lang='lat' dir='ltr'><strong>[osser</strong></span> <span class='ocrx_word' id='word_1_258' title='bbox 1282 4399 1386 4469; x_wconf 79' lang='lat' dir='ltr'><strong>ascita</strong></span> <span class='ocrx_word' id='word_1_259' title='bbox 1409 4398 1448 4469; x_wconf 76' lang='lat' dir='ltr'><strong>a·</strong></span> <span class='ocrx_word' id='word_1_260' title='bbox 1468 4398 1586 4488; x_wconf 76' lang='lat' dir='ltr'><strong>suono,</strong></span> <span class='ocrx_word' id='word_1_261' title='bbox 1603 4396 1736 4470; x_wconf 87' lang='lat' dir='ltr'><strong>sicuta</strong></span> <span class='ocrx_word' id='word_1_262' title='bbox 1835 4437 1840 4447; x_wconf 89' lang='lat'><em>-</em></span> 
     </span>
    </p>
   </div>
   <div class='ocr_carea' id='block_1_5' title="bbox 568 4514 1735 4611">
    <p class='ocr_par' dir='ltr' id='par_1_5' title="bbox 568 4514 1735 4611">
     <span class='ocr_line' id='line_1_32' title="bbox 568 4514 1735 4611; baseline 0.003 -26"><span class='ocrx_word' id='word_1_263' title='bbox 568 4514 673 4590; x_wconf 90' lang='lat' dir='ltr'><strong>simili</strong></span> <span class='ocrx_word' id='word_1_264' title='bbox 699 4517 949 4592; x_wconf 83' lang='lat' dir='ltr'><strong>videmus&#39;hic</strong></span> <span class='ocrx_word' id='word_1_265' title='bbox 974 4517 1121 4611; x_wconf 89' lang='lat' dir='ltr'><strong>qnando</strong></span> <span class='ocrx_word' id='word_1_266' title='bbox 1155 4515 1259 4590; x_wconf 84' lang='lat' dir='ltr'><strong>laben</strong></span> <span class='ocrx_word' id='word_1_267' title='bbox 1283 4515 1372 4611; x_wconf 80' lang='lat' dir='ltr'><strong>ignit</strong></span> <span class='ocrx_word' id='word_1_268' title='bbox 1397 4516 1492 4591; x_wconf 89' lang='lat' dir='ltr'><strong>bene</strong></span> <span class='ocrx_word' id='word_1_269' title='bbox 1516 4536 1635 4589; x_wconf 93' lang='lat' dir='ltr'><strong>unum</strong></span> <span class='ocrx_word' id='word_1_270' title='bbox 1662 4515 1735 4588; x_wconf 86' lang='lat' dir='ltr'><strong>ler-</strong></span> 
     </span>
    </p>
   </div>
   <div class='ocr_carea' id='block_1_6' title="bbox 626 4734 1685 4954">
    <p class='ocr_par' dir='ltr' id='par_1_6' title="bbox 626 4734 1685 4954">
     <span class='ocr_line' id='line_1_33' title="bbox 626 4734 1409 4800; baseline -0.006 -8"><span class='ocrx_word' id='word_1_271' title='bbox 626 4735 654 4796; x_wconf 83' lang='lat'><strong>(¹)</strong></span> <span class='ocrx_word' id='word_1_272' title='bbox 674 4735 699 4784; x_wconf 90' lang='lat' dir='ltr'><strong>S.</strong></span> <span class='ocrx_word' id='word_1_273' title='bbox 717 4737 846 4800; x_wconf 82' lang='lat' dir='ltr'><strong>populata.</strong></span> <span class='ocrx_word' id='word_1_274' title='bbox 1157 4736 1184 4798; x_wconf 82' lang='lat'><strong>(¹)</strong></span> <span class='ocrx_word' id='word_1_275' title='bbox 1199 4734 1225 4786; x_wconf 84' lang='lat' dir='ltr'><strong>S.</strong></span> <span class='ocrx_word' id='word_1_276' title='bbox 1243 4737 1288 4796; x_wconf 90' lang='lat' dir='ltr'><strong>ml,</strong></span> <span class='ocrx_word' id='word_1_277' title='bbox 1306 4735 1409 4787; x_wconf 77' lang='lat' dir='ltr'><strong>rideris.</strong></span> 
     </span>
     <span class='ocr_line' id='line_1_34' title="bbox 627 4809 1685 4879; baseline -0.009 -11"><span class='ocrx_word' id='word_1_278' title='bbox 627 4810 654 4873; x_wconf 81' lang='lat'><strong>(⁸)</strong></span> <span class='ocrx_word' id='word_1_279' title='bbox 672 4815 725 4870; x_wconf 70' lang='lat'><strong>¹¹⁶,</strong></span> <span class='ocrx_word' id='word_1_280' title='bbox 742 4826 842 4875; x_wconf 75' lang='lat' dir='ltr'><strong>verum,</strong></span> <span class='ocrx_word' id='word_1_281' title='bbox 859 4816 927 4879; x_wconf 74' lang='lat' dir='ltr'><strong>qula,</strong></span> <span class='ocrx_word' id='word_1_282' title='bbox 942 4816 987 4879; x_wconf 72' lang='lat' dir='ltr'><strong>oid</strong></span> <span class='ocrx_word' id='word_1_283' title='bbox 1001 4821 1073 4866; x_wconf 78' lang='lat' dir='ltr'><strong>carto.</strong></span> <span class='ocrx_word' id='word_1_284' title='bbox 1158 4813 1184 4874; x_wconf 80' lang='lat'><strong>(⁸)</strong></span> <span class='ocrx_word' id='word_1_285' title='bbox 1201 4816 1256 4872; x_wconf 80' lang='lat' dir='ltr'><strong>llo,</strong></span> <span class='ocrx_word' id='word_1_286' title='bbox 1272 4814 1396 4869; x_wconf 67' lang='lat' dir='ltr'><strong>milita,</strong></span> <span class='ocrx_word' id='word_1_287' title='bbox 1413 4812 1479 4863; x_wconf 76' lang='lat' dir='ltr'><strong>idest</strong></span> <span class='ocrx_word' id='word_1_288' title='bbox 1494 4811 1625 4864; x_wconf 72' lang='lat' dir='ltr'><strong>ecclesian</strong></span> <span class='ocrx_word' id='word_1_289' title='bbox 1642 4809 1685 4859; x_wconf 78' lang='lat' dir='ltr'><strong>Bt.</strong></span> 
     </span>
     <span class='ocr_line' id='line_1_35' title="bbox 629 4886 1413 4954; baseline -0.011 -4"><span class='ocrx_word' id='word_1_290' title='bbox 629 4887 656 4949; x_wconf 81' lang='lat'><strong>(⁸)</strong></span> <span class='ocrx_word' id='word_1_291' title='bbox 672 4886 703 4938; x_wconf 85' lang='lat' dir='ltr'><strong>E.</strong></span> <span class='ocrx_word' id='word_1_292' title='bbox 720 4901 851 4943; x_wconf 75' lang='lat' dir='ltr'><strong>saracene.</strong></span> <span class='ocrx_word' id='word_1_293' title='bbox 1156 4888 1183 4952; x_wconf 80' lang='lat'><strong>(⁸)</strong></span> <span class='ocrx_word' id='word_1_294' title='bbox 1199 4889 1231 4939; x_wconf 82' lang='lat' dir='ltr'><strong>B.</strong></span> <span class='ocrx_word' id='word_1_295' title='bbox 1247 4889 1307 4954; x_wconf 84' lang='lat' dir='ltr'><strong>qntr</strong></span> <span class='ocrx_word' id='word_1_296' title='bbox 1325 4888 1413 4941; x_wconf 73' lang='lat' dir='ltr'><strong>ritant.</strong></span> 
     </span>
    </p>
   </div>
   <div class='ocr_carea' id='block_1_7' title="bbox 0 0 2082 6546">
    <p class='ocr_par' dir='ltr' id='par_1_7' title="bbox 0 0 2082 6546">
     <span class='ocr_line' id='line_1_36' title="bbox 0 0 2082 6546; baseline 0 4"><span class='ocrx_word' id='word_1_297' title='bbox 0 0 2082 6546; x_wconf 95' lang='lat' dir='ltr'><strong> </strong></span> 
     </span>
    </p>
   </div>
  </div>
 </body>
</html>
