4154 6546
452 804 519 873 1¹18
841 812 1045 871 ιοιιιιιιτιιιι
1069 815 1223 871 lunam

446 979 518 1032 reon
541 963 640 1031 atet
656 948 718 1049 lb:
743 959 850 1050 quasi
874 958 981 1053 dicat,
1005 959 1105 1053 quod
1130 966 1226 1036 mset
1244 961 1428 1055 opusalio
1441 962 1618 1039 Giecrorw

447 1077 742 1171 eloquentissimo
772 1078 819 1151 ed
848 1077 1114 1171 deplorandum
1141 1080 1242 1174 juste
1271 1086 1430 1155 mortem
1450 1072 1489 1172 (²)
1523 1084 1616 1178 eius.

446 1198 576 1273 llultas
592 1187 631 1288 (³)
656 1203 694 1271 et
719 1217 872 1293 magna
897 1196 1022 1273 laudes
1047 1199 1131 1274 iacit
1147 1199 1194 1277 de
1210 1200 1385 1276 (icerone
1401 1202 1536 1276 Plinius
1555 1203 1616 1277 illl

448 1317 624 1392 naturalis
639 1316 810 1408 historice,
824 1316 886 1392 ubi
902 1317 1007 1393 dicit:
1026 1323 1076 1391 lb
1087 1322 1535 1413 noemmpmscrspsce,
1546 1330 1617 1397 etc

447 1458 539 1530 quas
563 1436 693 1511 omitto
716 1436 833 1532 gratia
858 1437 1057 1513 brevitatis.
1075 1438 1126 1511 lit
1143 1439 1226 1514 vide
1242 1439 1342 1532 quod
1358 1448 1469 1514 alitor
1485 1442 1619 1517 merito

447 1557 593 1650 praetot
618 1557 776 1632 Tullium
802 1556 964 1650 senece,
982 1558 1069 1649 quia
1085 1558 1224 1633 Tullius
1241 1559 1308 1632 luit
1325 1559 1424 1653 prior
1449 1567 1619 1656 tempore

448 1684 485 1752 et
509 1676 682 1768 scientia3
707 1696 807 1768 nam,
832 1681 924 1750 teste
940 1676 1138 1769 ieronimo‚
1163 1678 1193 1752 si
1218 1678 1357 1752 Tullius
1380 1699 1454 1755 non
1480 1680 1618 1773 fuisset,

448 1796 588 1872 Seneca
599 1815 673 1870 non
689 1801 800 1889 esset3
817 1801 855 1870 et
871 1783 1001 1886 indel⁴l
1016 1796 1175 1870 mutum
1190 1797 1305 1871 miror
1321 1796 1368 1872 de
1383 1800 1616 1893 quibusdam,

447 1916 511 2010 qui
537 1916 666 1990 volunt
688 1934 905 2013 preponere
926 1913 1105 1990 Senecam
1131 1915 1264 2007 Tulli03
1290 1916 1353 1989 sed
1383 1918 1496 1991 credo
1519 1919 1620 2012 quod

449 2055 521 2110 non
545 2035 640 2109 bene
665 2041 701 2110 et
726 2035 832 2128 plene
850 2033 1020 2108 viderunt
1034 2034 1159 2109 omnia
1178 2033 1272 2108 dicta
1290 2034 1405 2127 Tullii,
1431 2057 1516 2129 quae
1533 2044 1619 2113 sunt

449 2156 565 2251 magis
589 2176 726 2249 sparsa,
751 2155 815 2229 ubi
840 2153 936 2228 dicta
967 2154 1118 2228 Senecae
1139 2159 1224 2229 sunt
1254 2154 1371 2249 magis
1400 2156 1553 2230 collecta
1581 2164 1619 2231 et

447 2278 637 2352 cumulata
660 2274 886 2351 simul—E
900 2279 1039 2348 Seneca.
1060 2273 1127 2346 llic
1150 2273 1316 2347 nominat
1330 2274 1444 2349 alium
1462 2275 1619 2368 socium,

448 2418 561 2491 quem
593 2398 765 2473 describit
796 2418 819 2472 a
851 2395 1028 2491 singuluii
1064 2395 1240 2486 doctrina,
1276 2394 1315 2468 in
1351 2417 1432 2489 qna
1456 2398 1619 2472 maxime

448 2518 633 2609 excelluit,
658 2517 793 2591 scilicet
818 2537 842 2591 a
865 2515 1014 2590 scimus
1031 2512 1182 2606 morali;
1199 2508 1298 2589 unde
1313 2514 1396 2588 dicit
1412 2537 1479 2610 per
1495 2520 1619 2593 excel—

448 2635 611 2727 lentiam,
635 2658 655 2708 e
678 2640 807 2709 Setaea
827 2637 973 2707 morale
991 2633 1045 2707 ld
1061 2633 1161 2725 quod
1177 2633 1261 2707 iacit
1277 2635 1376 2727 quod
1391 2637 1516 2710 scribit
1531 2639 1619 2711 Plu-

448 2762 574 2829 tarcus
606 2754 851 2848 philosophus,
887 2753 1063 2845 magister
1098 2752 1242 2846 Traiani
1277 2753 1520 2848 imperatoris,
1554 2759 1618 2850 wi

448 2874 572 2949 scribit
600 2874 637 2947 in
669 2893 739 2948 suo
767 2872 873 2964 libro,
897 2871 962 2966 qui
990 2890 1113 2967 graece
1142 2871 1309 2946 Parallila
1327 2864 1372 2964 (⁵)
1403 2876 1619 2969 appellatur,

448 2994 558 3070 latine
582 3013 683 3086 vero,
713 2995 1013 3084 campanenses,
1033 2991 1132 3085 quod
1156 2991 1297 3066 Graecia
1323 2993 1466 3068 nullum
1492 2995 1619 3069 babuit

448 3135 578 3209 parem
600 3114 750 3188 Senecae
775 3113 811 3186 iu
838 3111 1048 3187 moralibus.
1075 3109 1146 3186 Sed
1170 3111 1281 3186 credo
1308 3113 1409 3204 quod
1428 3114 1619 3188 Plutamus

448 3235 562 3310 voluit
586 3235 818 3328 complacere
840 3232 1008 3326 Trajano,
1030 3230 1119 3323 ouis
1134 3229 1273 3307 Seneca
1291 3231 1411 3307 luerat
1436 3233 1619 3328 hyspanus

448 3353 696 3445 cordubensis,
730 3359 768 3427 et
796 3352 974 3445 Traianus
1011 3351 1121 3424 etiam
1158 3356 1320 3424 traxerat
1357 3352 1540 3446 originem
1571 3353 1619 3428 ab

449 3473 616 3566 Hispania
641 3472 753 3563 olim;
778 3491 863 3547 nam
890 3469 1101 3543 Aristoteles
1125 3459 1247 3558 iuitl⁶l
1270 3470 1389 3562 maor
1405 3472 1566 3564 moralis,
1583 3480 1620 3546 et

450 3591 636 3683 naturalis,
662 3610 777 3684 quum
808 3587 958 3664 Seneca
989 3587 1083 3662 Nam
1102 3578 1139 3676 (⁷)
1174 3586 1311 3663 Seneca
1344 3608 1416 3662 non
1450 3589 1518 3663 luit
1543 3597 1619 3665 ιιιιιι

449 3713 568 3787 bonus
594 3708 782 3801 naturalis,
806 3707 900 3783 sicut
925 3705 1073 3779 moralis
1094 3694 1143 3797 (⁸),
1170 3715 1212 3781 ut
1230 3715 1329 3799 patet
1345 3727 1393 3781 ex
1409 3708 1502 3782 libro
1527 3709 1620 3804 ejtts,

450 3832 513 3924 qui
527 3830 731 3907 intitulatur
747 3833 801 3903 be
816 3826 1034 3900 comreiibcs
1051 3825 1320 3917 mammem
1337 3827 1436 3902 uude
1448 3827 1618 3905 abenas

451 3970 607 4044 magnus
632 3946 808 4024 naturalis
832 3965 918 4039 sepe
943 3945 1115 4039 reprobat
1139 3944 1221 4020 eius
1238 3945 1436 4039 opiniones.
1455 3947 1535 4022 Non
1551 3969 1618 4021 cu-

450 4070 544 4146 ravit
567 4069 635 4143 sibi
661 4068 822 4144 multum
844 4065 891 4141 de
916 4065 1137 4158 eloquentia,
1163 4076 1206 4141 ut
1230 4066 1355 4142 scribit
1378 4067 1619 4153 Quintilianus

452 4191 584 4267 Orator
608 4187 783 4284 egregius
798 4188 857 4279 lii,
876 4191 929 4261 Dc
952 4188 1161 4261 metae
1184 4189 1361 4276 uum,
1381 4206 1467 4260 cum
1495 4197 1621 4263 tamen

512 4481 539 4541 ι’)
559 4481 581 4530 li
596 4486 673 4529 usto:
694 4479 738 4541 qui
758 4479 837 4528 talem
858 4476 990 4527 Ciceronis
1009 4491 1096 4526 casum
1118 4477 1177 4527 eatis
1197 4478 1273 4540 digne
1293 4477 1430 4539 deplorare
1448 4477 1535 4538 possit,
1553 4474 1618 4527 alios

449 4559 539 4609 Cicero
556 4572 608 4608 non
623 4561 702 4609 extet.

510 4632 538 4694 (²)
555 4635 580 4682 S.
597 4633 785 4694 deplorandum
801 4633 857 4682 eius
872 4639 994 4682 mortem.
1120 4630 1148 4692 (¹)
1163 4631 1195 4682 R.
1210 4630 1309 4682 Unius
1324 4632 1429 4693 hom
1443 4633 1479 4678 et.

510 4708 537 4769 (⁸)
555 4711 600 4758 lib
615 4722 630 4757 e
646 4708 672 4757 S.
689 4707 762 4757 Unth
778 4707 901 4758 mutua
1120 4707 1147 4767 (⁸)
1161 4706 1204 4757 Gr.
1222 4705 1404 4774 παράλληλα.

470 4803 472 4806 <
511 4782 537 4841 (⁶)
556 4786 609 4840 llo,
625 4781 711 4831 luerat
724 4783 806 4831 molor
824 4782 937 4833 moralis.
947 4807 977 4817 -
987 4780 1017 4829 li.
1035 4782 1120 4832 maior
1134 4782 1249 4842 morulis,
1261 4787 1291 4833 nt
1302 4788 1371 4845 μοι
1380 4795 1412 4832 ar
1424 4780 1493 4832 libo
1501 4779 1559 4829 eins
1567 4781 1620 4827 stc.

512 4858 538 4918 ι’)
555 4858 580 4907 S.
597 4858 658 4919 quie
672 4857 777 4907 sunau.

512 4933 539 4995 (⁸)
555 4934 580 4983 S.
598 4939 651 4983 um
668 4932 750 4983 bonus
765 4933 899 4991 naturalis,
915 4945 993 4996 qnam
1010 4934 1094 4985 ὴοιιιιι
1108 4934 1224 4995 meib,
1241 4941 1271 4987 ut
1286 4940 1364 4998 piet.
