3990 6540
721 797 858 853 carrus
883 796 1039 852 amemus
1064 796 1245 870 sammua.
1498 782 1569 848 587

405 942 512 1015 mitas
537 943 686 1037 sagitta,
705 942 840 1019 seilicet
865 953 965 1019 {acca
991 963 1074 1036 quae
1094 942 1286 1037 apponitur
1303 941 1434 1015 cordae.
1452 942 1497 1017 Et
1512 939 1571 1014 hic

406 1069 492 1136 nota
519 1069 698 1155 quantum
724 1063 894 1157 praedicta
920 1064 1144 1158 comparatio
1165 1063 1210 1136 sit
1228 1063 1353 1158 pulcra
1371 1070 1408 1135 at
1424 1060 1571 1155 propria

398 1181 451 1255 de
477 1182 617 1257 falcone
636 1183 682 1256 ad
698 1184 905 1258 Garionem.
925 1184 1025 1258 Sicut
1047 1184 1145 1258 anim
1172 1183 1264 1258 falco
1290 1190 1344 1257 est
1369 1181 1446 1256 avis
1471 1181 1571 1273 levis,

409 1324 532 1396 rapax,
562 1311 671 1377 acuta
703 1304 838 1399 videm,
870 1306 919 1379 ita
951 1305 1084 1379 Garion
1114 1305 1387 1396 fraudulentum
1414 1307 1452 1376 et
1480 1301 1573 1375 sicut

409 1421 501 1495 falco
526 1428 605 1515 past
631 1425 778 1518 longam
804 1424 1020 1519 girationem
1038 1423 1222 1498 descendit
1239 1422 1284 1497 ad
1303 1429 1440 1496 terram
1466 1422 1575 1515 longe

409 1562 431 1614 a
462 1542 542 1614 1000
575 1542 672 1616 unde
703 1564 743 1616 sa
777 1550 953 1636 moverat,
980 1543 1119 1617 *valde
1144 1543 1259 1616 iratus
1293 1541 1379 1633 quia
1411 1539 1572 1635 praedam
1697 1522 1704 1539 “

410 1660 549 1754 amisit3
574 1662 623 1734 ita
649 1663 783 1736 Geriorr
809 1668 888 1758 post
919 1665 1065 1759 longam
1099 1662 1364 1737 revolutionem
1393 1658 1577 1735 descendit

410 1781 456 1854 ad
483 1787 620 1855 terram
642 1783 747 1857 valde
765 1784 872 1878 longe
889 1804 912 1857 a
928 1783 1008 1857 loco
1027 1782 1124 1856 unda
1142 1802 1181 1855 se
1199 1778 1397 1857 moverat*
1412 1772 1460 1873 (¹),
1480 1778 1577 1852 mul·
1687 1856 1695 1873 ,

412 1908 491 1975 tum
518 1902 722 1997 indignatus
748 1902 847 1996 quod
870 1902 1077 1997 perdiderat
1107 1902 1280 1996 praedam,
1306 1901 1440 1974 scilicet
1469 1919 1575 1974 avem

413 2022 546 2116 vivam,
572 2023 662 2096 idest
687 2029 856 2097 autorem
883 2024 1020 2117 vivum,
1046 2043 1159 2116 quam
1191 2027 1401 2117 speraverat
1430 2024 1578 2115 portare

412 2142 507 2216 intra
533 2143 712 2216 circulum
738 2144 783 2216 ad
809 2164 956 2236 poenam
983 2150 1173 2237 tamquam
1200 2142 1485 2216 fraudulentum.
1508 2138 1578 2213 Sad

383 2278 386 2285 ·
414 2263 489 2358 ipse
507 2255 652 2354 velut(²)
672 2264 749 2335 avis
766 2284 859 2356 pura
876 2263 1006 2338 evadet
1023 2264 1070 2338 ab
1087 2263 1255 2337 omnibus
1274 2262 1459 2357 unguibus
1477 2260 1578 2333 frau-

413 2384 659 2476 dulentorum,
685 2384 779 2456 sicut
804 2383 940 2458 videbis
965 2405 1033 2457 suo
1059 2385 1138 2458 loca
1168 2382 1353 2478 quomoda
1378 2381 1508 2457 evadet
1532 2380 1579 2454 ab

415 2503 555 2576 uncinis
580 2503 858 2577 danmoniorum.

475 2769 503 2904 ((ζ)
520 2769 645 2888 {laneam
661 2770 704 2819 nel
720 2744 812 2821 dodica
830 2752 935 2822 Ert'ense
952 2771 977 2821 le
994 2770 1083 2834 parola
1098 2770 1197 2820 inclusa
1213 2769 1253 2819 sm
1270 2770 1278 2818 i
1294 2769 1345 2819 dua
1361 2766 1501 2818 mtadmhi.

497 2850 504 2902 )
520 2876 546 2894 ι.
563 2850 701 2909 tamquam.

829 3740 921 3792 arms
945 3738 1035 3792 Toass
1060 3737 1173 3790 PRIMI.
